2583 3685
198 210 252 251 90
887 187 1285 233 DISSERTATIO
1317 189 1373 231 II.
1426 188 1557 231 CAP.
1590 189 1689 232 VII.

200 273 301 310 banc
329 272 552 321 opinionem
580 263 750 317 refellit,
780 266 964 306 subdens:
1007 269 1081 307 Sed
1114 280 1240 307 contra

197 328 377 363 rationem
420 320 661 371 perfectionis
703 320 840 370 primae
885 322 1126 360 institutionis
1156 332 1240 370 est,

195 377 292 429 quod
308 376 410 412 Deus
439 371 498 410 vel
526 384 662 423 corpus
691 373 771 410 siue
799 374 958 422 anima,
982 375 1041 413 vel
1070 379 1241 414 animam

195 433 275 466 sine
303 438 460 477 corpore
502 425 659 470 fecerit;
700 439 790 464 cum
827 435 1031 479 utrumque
1077 429 1125 466 sit
1155 443 1241 481 pars

194 481 370 518 humana:
401 489 544 517 naturae
567 504 577 516 .
619 478 667 517 Et
696 478 766 517 hoc
795 488 847 516 ost
887 482 999 518 etiam
1038 484 1155 533 magis
1185 484 1240 519 in-

191 533 416 574 conveniens
443 532 489 570 de
516 544 671 584 corpore
690 563 699 580 ,
741 534 843 585 quod
870 533 1058 586 dependet
1086 547 1131 572 ex
1160 536 1240 573 ani-

192 602 253 625 ma
276 617 286 634 ,
316 586 350 621 δε
379 598 452 623 non
481 600 500 624 e
530 599 711 624 converso
731 589 757 608 ‘⁶
777 612 791 624 .

192 640 281 678 226.
310 640 486 677 Ceterum
518 648 556 677 ut
584 640 700 692 probe
722 638 1006 691 intelligamus,
1036 649 1174 691 quanta
1193 642 1240 678 sit

135 693 298 731 hominis
328 692 576 741 excellentia,
607 692 640 728 8<
669 704 809 745 quanta
838 708 926 745 erga
955 708 1043 731 eum
1072 694 1146 731 Dei
1176 693 1240 731 be-

132 745 362 794 neficentia,
405 746 587 784 debemus
616 761 660 784 ea
689 747 806 785 verba
848 747 1110 799 perpendere,
1145 748 1242 799 'qui-

132 799 204 837 bus
233 800 558 850 diciturfizctum
589 799 643 838 ad
672 803 915 852 imaginem,
944 801 993 841 <J
1021 799 1242 838 similitudi-

133 866 229 890 nem
246 852 322 890 Dei
340 880 349 891 .
379 852 531 892 Profani
561 855 762 905 scriptores
791 855 932 905 passim
962 853 1157 892 homiuem
1179 866 1243 890 vo-

129 920 218 944 care
247 906 362 945 solent
392 907 640 957 μικρακόσμον
669 910 837 955 parrum
878 904 1099 955 mundum,
1141 907 1244 959 quod

130 961 244 997 totius
274 974 398 997 rerum
432 960 686 998 universitatis
705 960 915 1012 quamdam
945 962 1177 1014 imaginem,
1208 959 1242 996 δι

130 1012 426 1051 similitudinem
457 1014 494 1050 in
524 1026 561 1050 se
591 1013 779 1052 contineat
808 1013 902 1065 (a).

184 1080 275 1117 227.
305 1067 379 1105 Sed
410 1064 532 1104 multo
561 1065 765 1105 sublimior
777 1077 934 1120 apparet
961 1067 1126 1106 hominis
1141 1079 1241 1119 prae-

128 1121 261 1157 stantia
279 1149 289 1168 ,
319 1120 353 1156 8<
383 1119 574 1170 dignitas,
603 1133 695 1158 cum
723 1121 863 1158 dicitur
894 1123 1039 1172 image,
1071 1120 1104 1157 δε
1133 1121 1240 1158 simi-

126 1171 252 1210 litudo
281 1175 400 1225 ipsius
428 1173 529 1222 Dei,
558 1174 627 1224 qui
656 1174 747 1211 fecit
775 1174 921 1213 coelum
939 1205 948 1223 ,
979 1175 1012 1211 ἃ
1041 1182 1183 1212 terram
1205 1172 1239 1208 8<

128 1228 257 1264 omnia
285 1241 372 1278 quae
402 1227 442 1264 in
473 1227 526 1264 eis
555 1236 656 1265 sunt:
686 1227 779 1264 adeo
809 1237 847 1266 ut
875 1229 1034 1281 quidam
1065 1239 1140 1264 non
1170 1225 1238 1263 du·

127 1278 335 1318 bit-‘iverint
382 1278 576 1318 hominem
623 1280 821 1332 appellare
849 1282 1042 1329 μικρέβεον
1072 1291 1238 1329 parvum

129 1331 290 1381 Deum,
321 1333 449 1385 phrasi
478 1333 635 1384 quidem
665 1333 943 1385 hyperbol-ica,
991 1345 1079 1383 quae
1110 1339 1236 1368 tamen

125 1399 150 1422 a
178 1399 283 1424 sacra
311 1387 529 1423 dlvinarum
559 1386 834 1436 scripturarum
863 1384 1056 1421 locutione
1085 1397 1158 1421 non
1180 1385 1236 1421 vi-

125 1439 236 1475 detur
263 1439 417 1475 omnino
445 1437 568 1474 aliena
589 1463 598 1475 .
642 1437 754 1485 Quod
785 1438 888 1476 enim
917 1437 1057 1475 dicitur
1086 1435 1237 1474 Psalmo

123 1489 229 1528 VIII.
258 1490 297 1529 6.
327 1491 372 1528 de
401 1489 555 1528 homine
595 1503 640 1527 ex
683 1492 855 1529 versione
885 1489 1012 1529 LXX.
1051 1491 1237 1542 interpre-

124 1551 232 1581 tum:
263 1543 447 1581 Minuisti
474 1557 568 1581 eum
597 1545 715 1595 paulo
752 1548 884 1583 minus
912 1543 963 1582 ab
992 1544 1157 1596 Angelis
1175 1573 1185 1591 ,
1215 1558 1238 1582 a

123 1596 166 1635 S.
196 1597 432 1649 Hieronymo
461 1610 506 1635 ex
536 1596 717 1646 hebraico
747 1598 848 1636 fonte
877 1599 1065 1636 vertitur:
1096 1596 1237 1634 ildinus

122 1663 213 1687 eum
243 1651 363 1701 paulo
391 1644 523 1689 minus
551 1664 580 1688 a
609 1649 727 1695 De0;
765 1651 799 1688 8<
829 1651 985 1701 quidem
1015 1658 1137 1687 recte:
1183 1657 1236 1686 te-

122 1713 206 1742 xtus
254 1705 360 1742 enim
402 1704 607 1742 hebraicus
648 1703 761 1741 habet
792 1703 952 1754 nn‘77n
983 1702 1034 1739 ab
1070 1701 1235 1750 Eloim,

120 1757 224 1808 quod
253 1770 418 1803 nomen,
460 1765 500 1793 ut
530 1756 743 1806 plurimum
780 1755 964 1793 tribuitur
993 1755 1101 1804 Deo,
1150 1769 1235 1793 raro

121 1819 250 1847 autem
280 1809 457 1860 Angelis:
486 1823 563 1860 qua
592 1809 711 1860 posita
738 1807 898 1846 lectione
927 1809 1077 1846 videtur
1106 1809 1234 1847 David

118 1875 323 1913 agnoscere
365 1863 404 1900 in
450 1861 605 1900 homine
648 1861 912 1900 excellentiam
942 1861 976 1897 δε
1012 1863 1233 1914 dignitatem

122 1928 243 1967 prope
272 1916 473 1953 divinam.
504 1916 686 1967 Idemque
714 1915 754 1954 S.
778 1916 1034 1967 Hieronymus
1065 1918 1104 1953 in
1120 1916 1233 1954 Com-

120 1970 320 2007 mentariis
349 1969 388 2007 in
417 1967 519 2006 hunc
545 1967 689 2006 Psalm.
720 1971 736 2020 (
765 1970 795 2007 si
825 1978 952 2006 tamen
982 1970 1171 2020 genuinus
1200 1970 1231 2007 i-

119 2023 225 2073 psius
266 2023 379 2060 foetus
421 2021 550 2070 sunt)
590 2023 764 2061 eamdem
806 2022 1011 2061 lectionem
1054 2023 1232 2071 retinuit,

117 2089 258 2126 nempe
286 2089 314 2112 a
344 2073 432 2112 Deo
449 2100 459 2113 .

176 2128 266 2166 228.
297 2128 344 2166 Et
372 2128 549 2181 quamvis
577 2127 619 2166 S.
646 2127 788 2168 Pautus
818 2130 856 2167 in
885 2143 945 2181 ep.
975 2129 1023 2167 ad
1053 2128 1230 2168 Hebr.c.

119 2181 169 2219 ΙΙ.
199 2181 238 2220 6.
269 2180 303 2218 8(
330 2196 407 2234 seq.
438 2181 538 2220 hunc
566 2180 694 2222 locum
737 2182 1031 2235 intelligendum
1062 2198 1138 2221 esse
1168 2196 1231 2221 vo-

120 2233 234 2272 luerit
260 2236 307 2272 de
334 2235 509 2284 Christo,
553 2234 664 2288 cujus
693 2235 938 2284 humanitas,
982 2245 1063 2274 utut
1106 2238 1231 2288 perfe-

119 2288 315 2336 ctissima,
359 2297 437 2326 erat
465 2297 592 2326 tamen
621 2298 765 2328 uaturae
797 2290 990 2342 Angelicae
1028 2290 1143 2342 paulo
1173 2292 1232 2328 in-

123 2340 268 2388 ferior,
297 2339 395 2379 nihil
425 2350 550 2380 tamen
579 2351 703 2391 vetat,
747 2352 901 2395 propter
930 2343 1139 2396 Scripturas
1174 2358 1231 2383 sa-

121 2406 199 2431 crae
231 2394 548 2444 foecunditatem,
593 2398 686 2448 quin
717 2397 849 2434 eadem
886 2397 1004 2436 verba
1044 2398 1156 2435 etiam
1186 2399 1233 2435 de

121 2445 277 2485 homine
305 2446 516 2487 litteraliter
544 2449 826 2500 intelligantur,
868 2451 1028 2503 mystice
1069 2463 1160 2489 vero
1186 2451 1234 2489 de

120 2499 303 2548 Christ03
339 2503 379 2540 in
409 2510 483 2540 toto
511 2503 613 2541 enim
641 2502 710 2541 illo
739 2502 888 2541 Psalmo
917 2504 1066 2542 istorice
1093 2505 1233 2542 descri-

120 2552 226 2592 bitur
264 2555 552 2602 inaestimabilis
575 2556 648 2595 Dei
678 2557 890 2608 sapientia,
934 2556 967 2592 8<
995 2558 1162 2608 potentia
1192 2558 1232 2596 in

118 2605 180 2644 his
207 2607 320 2645 rebus
362 2609 591 2657 condendis,
640 2610 808 2646 maxime
851 2623 940 2647 vero
981 2612 1018 2647 in
1050 2610 1230 2659 homine,

122 2661 186 2698 cui
214 2673 346 2699 omnes
374 2669 559 2700 creaturae
589 2661 770 2714 subjectae
801 2671 914 2701 sunt.
957 2661 1031 2701 Sed
1060 2664 1105 2700 de
1133 2664 1230 2703 ima-

142 304 168 322 ³7

140 356 167 375 >9

138 409 166 428 '2

137 460 165 479 39

137 512 163 530 5)

134 565 160 584 2>

134 618 162 637 52

170 2808 214 2842 (a)
244 2805 306 2838 His
333 2807 499 2841 contrarii
541 2815 623 2841 sunt
664 2804 808 2852 quidam
851 2806 1200 2853 pseudo—Philosophi
1222 2830 1233 2849 ,

124 2850 184 2892 qui
213 2851 467 2886 considerantes
503 2852 682 2888 hominem
708 2854 804 2886 nasci
842 2854 1011 2886 inermem
1030 2875 1041 2894 ,
1081 2854 1233 2887 debilem

123 2896 349 2939 omniumque
375 2897 415 2931 ad
439 2912 542 2934 usum
567 2901 650 2933 vitae
687 2900 966 2938 necessariorum
992 2908 1177 2942 egentem,
1202 2900 1232 2932 i-

124 2951 226 2985 psum
252 2942 366 2984 potius
393 2947 692 2980 commiseratione
717 2945 862 2990 dignum
878 2967 889 2985 ,
925 2946 1118 2989 ceterisque
1156 2946 1232 2978 ani-

125 2986 276 3019 malibus
301 2988 413 3020 multo
438 2990 637 3025 inferiorem
661 3004 734 3026 esse
761 2991 948 3032 dixerunt,
974 2992 1101 3035 quibus
1129 3000 1232 3025 natu-

123 3044 165 3066 m
188 3031 327 3065 videtur
351 3034 456 3067 fuisse
481 3036 659 3071 liberalior
675 3063 682 3071 .
722 3040 813 3073 Hinc
846 3040 906 3071 illa
931 3038 1056 3083 saepius
1081 3039 1231 3082 repetita

129 3080 286 3112 Lucretii
323 3080 539 3123 querimonia
555 3104 565 3121 ,
590 3082 766 3118 bominem
793 3084 924 3119 nudum
941 3107 953 3125 ,
989 3084 1086 3117 humi
1106 3084 1231 3128 jacen-

125 3133 196 3158 tem
217 3147 227 3166 ‚
267 3126 430 3170 omnique
456 3129 553 3160 vitali
582 3131 714 3163 auxilio
740 3131 897 3176 indigum
922 3143 964 3164 ex
991 3132 1069 3164 alvo
1105 3131 1229 3163 matris

124 3183 198 3204 esse
225 3184 243 3204 a
269 3181 394 3205 natura
422 3172 639 3215 projectum:
680 3186 782 3221 atque
808 3178 890 3211 hinc
915 3189 1054 3223 aequum
1079 3188 1152 3211 esse
1177 3176 1231 3210 di-

124 3226 208 3252 cum
233 3218 335 3251 illum
360 3218 514 3263 primum
539 3222 694 3266 vagitum
719 3224 862 3258 infantis
881 3246 894 3265 ‚

222 3310 287 3344 Cui
313 3318 439 3345 tantum
464 3315 505 3345 in
527 3315 595 3346 uita
621 3323 729 3350 restat
755 3316 905 3349 transire
929 3319 1088 3350 malorum
1107 3338 1118 3348 .

128 3403 212 3438 Haee
236 3403 422 3449 prolixiori
457 3405 554 3452 stylo
576 3403 759 3451 descripsit
785 3406 918 3443 Plinius
955 3409 991 3442 in
1018 3407 1162 3454 rpraefat.
1189 3404 1233 3442 ad

1305 270 1419 320 gine,
1462 266 1496 303 &
1525 268 1773 305 similitudine
1801 267 1874 307 Dei
1905 270 1942 307 in
1970 269 2126 308 homine
2168 268 2279 322 plura
2307 269 2419 309 nobis

1307 322 1468 359 inferius
1497 320 1660 358 dicenda
1697 329 1829 358 erunt.
1877 322 1935 361 De
1964 322 2046 361 loco
2088 332 2214 360 autem
2246 322 2416 375 Apostoli

1308 375 1354 412 ad
1386 374 1568 412 Hebraeos
1595 373 1812 412 consulatur
1839 375 1964 414 Guill.
1995 376 2120 414 Estius
2151 379 2187 415 iu
2215 377 2417 415 Commen-

1309 429 1405 466 tario
1426 454 1436 465 .

1365 494 1455 533 229.
1485 480 1564 519 Nec
1594 479 1857 532 praetereunda
1883 483 2038 520 omnino
2065 491 2180 531 sunt,
2222 496 2309 534 quae
2341 482 2417 521 elo-

1306 536 1572 587 quentissimus
1608 534 1648 572 ὃ.
1679 534 1887 585 Gregorius
1928 534 2184 573 Nazianzenus
2225 534 2339 574 habet
2380 538 2418 574 in

1307 591 1412 626 Orat.
1443 586 1568 626 XLV.
1597 586 1688 626 olim
1712 585 1833 625 XLII.
1862 600 1971 625 num.
2004 601 2040 638 7.
2070 587 2138 625 ubi
2168 596 2266 625 recte
2293 589 2419 627 obser-

1308 651 1396 689 vat,
1439 650 1524 679 aute
1554 640 1718 679 hominis
1747 640 2014 678 formationem
2057 654 2188 678 omnes
2230 651 2422 680 creaturas

1308 704 1371 732 aut
1403 695 1515 733 fuisse
1543 696 1692 746 penitus
1720 691 1960 745 spirituales,
1990 692 2280 741 &invisibiles,
2307 695 2419 746 cuiu—

1308 748 1430 786 smodi
1458 757 1540 786 sunt
1571 747 1737 799 Angeli3
1767 755 1830 784 aut
1861 747 2008 797 penitus
2039 745 2278 794 materiales,
2307 747 2340 783 8t
2362 751 2418 786 vi-

1308 800 1460 848 sibiles,
1495 810 1537 839 ut
1566 810 1649 838 sunt
1678 809 1800 839 cetera
1828 813 1995 852 quaeque
2023 811 2232 851 corporea,
2274 798 2308 834 8<
2337 814 2418 839 ma-

1309 853 1491 900 terialia,
1521 854 1647 893 deerat
1676 856 1793 907 igitur
1822 862 2095 905 temperatura
2123 852 2221 901 illa,
2250 851 2301 892 (θ’
2327 864 2419 890 con-

1310 910 1527 944 trariorum
1556 912 1699 946 mixtio
1721 938 1731 955 ,
1774 921 1863 960 quae
1895 908 2032 959 partim
2076 915 2170 944 esset
2211 905 2422 957 spiritualis

1311 960 1344 996 δε
1374 959 1607 1012 invisibilis,
1652 961 1792 1013 partim
1823 960 1986 999 visibilis
2017 959 2049 996 8(
2079 972 2288 1012 corporea,
2317 958 2352 994 δι
2380 972 2419 996 o-

1310 1027 1415 1051 nmes
1443 1013 1587 1050 divinae
1616 1014 1794 1052 bonitatis
1821 1023 1925 1052 notas
1953 1015 2186 1051 contineret.
2215 1012 2276 1050 Ad
2306 1011 2422 1062 hujus

1310 1079 1398 1116 ergo
1429 1064 1590 1103 infinitae
1620 1066 1798 1106 bonitatis
1826 1068 1978 1106 divitias
2005 1066 2248 1105 ostendendas
2268 1066 2422 1107 divinus

1308 1118 1445 1155 artifex
1476 1117 1671 1157 hominem
1701 1121 1936 1169 fabricatur,
1967 1120 2128 1158 animal
2156 1132 2278 1164 unum
2298 1132 2352 1156 ex
2371 1132 2416 1156 u-

1308 1180 1470 1221 traque,
1513 1184 1567 1209 ex
1603 1172 1780 1210 invisibili
1809 1174 1983 1221 scilicet,
2027 1183 2145 1226 atque
2173 1172 2306 1210 visibili·
2343 1185 2420 1209 na-

1306 1233 1427 1262 tura.
1475 1253 1500 1272 „
1539 1223 1819 1276 Humilemque
1859 1225 2062 1264 hominem
2105 1225 2210 1266 velut
2255 1225 2421 1264 alterum

1309 1307 1335 1326 „
1365 1278 1570 1329 quemdam
1602 1279 1792 1315 mundum
1809 1307 1820 1325 ,
1851 1280 1891 1316 in
1907 1292 2026 1328 parvo
2044 1294 2225 1330 magnum
2243 1309 2254 1328 ,
2284 1281 2325 1317 in
2347 1288 2420 1316 ter·

1364 1343 1406 1368 ra
1434 1330 1620 1378 collocat,
1659 1330 1850 1382 Angelum
1879 1330 2028 1379 alium,
2059 1334 2222 1370 mixtum
2250 1333 2420 1371 adorato-

1364 1396 1470 1432 rem,
1500 1383 1666 1422 visibilis
1680 1393 1826 1422 naturae
1842 1393 2086 1436 spectatorem
2104 1414 2115 1433 ,
2146 1397 2300 1432 eorum,
2328 1399 2418 1435 quae

1364 1437 1404 1476 in
1434 1445 1532 1475 terra
1560 1437 1683 1487 fiunt,
1728 1437 1868 1489 Regem
1887 1467 1898 1485 ,
1946 1439 2092 1489 superis
2134 1446 2262 1474 autem
2292 1437 2421 1475 subdi—

1306 1519 1332 1538 „
1362 1499 1442 1528 tum
1460 1520 1470 1539 ,
1501 1499 1693 1528 terrenum
1710 1521 1721 1539 ,
1752 1491 1785 1528 ἃ
1801 1490 1995 1529 coelestem
2013 1520 2024 1539 ,
2053 1490 2243 1529 caducum
2263 1518 2275 1538 ,
2295 1489 2329 1526 8(
2347 1491 2420 1528 iin-

1305 1572 1332 1592 „
1362 1544 1561 1581 mortalem
1579 1573 1590 1591 ,
1620 1544 1692 1582 Sto.
1723 1543 1792 1581 &c.
1814 1546 1840 1564 “
1857 1570 1868 1582 .

1361 1596 1451 1634 250.
1484 1596 1686 1634 Afferenda
1715 1603 1868 1649 quoque
1895 1595 1968 1634 hoc
1996 1594 2080 1634 loco
2109 1604 2227 1643 esset,
2258 1597 2286 1633 si
2318 1609 2417 1647 prae-

1304 1649 1432 1686 stituta
1460 1649 1572 1687 nobis
1600 1649 1764 1687 brevitas
1806 1651 2068 1702 permitteret,
2115 1658 2190 1687 tota
2232 1648 2300 1687 illa
2329 1649 2416 1700 pnl-

1304 1701 1496 1740 cherrima
1526 1704 1691 1755 corporis
1723 1703 1881 1741 humani
1901 1703 2133 1754 descriptiO,
2163 1716 2280 1754 quam
2301 1699 2416 1740 habet

1303 1754 1343 1793 S.
1362 1755 1584 1794 Ambrosius
1600 1756 1687 1795 Lib.
1704 1756 1772 1795 Vt.
1794 1755 2070 1795 Hexaemeron
2091 1770 2175 1806 cap.
2198 1768 2237 1807 9.
2267 1754 2416 1802 Quam-

1303 1810 1359 1846 vis
1388 1810 1489 1846 enim
1520 1809 1739 1858 firmitudo,
1776 1811 1982 1862 proceritas
2003 1839 2013 1858 ,
2044 1809 2190 1861 agilitas
2208 1839 2218 1857 ,
2249 1810 2306 1846 vis
2335 1823 2416 1846 ma·-

1303 1860 1366 1913 jor
1395 1864 1441 1899 sit
1471 1864 1508 1899 in
1536 1862 1767 1914 quibusdam
1810 1863 1965 1909 bestiis,
2008 1877 2125 1914 quam
2171 1864 2209 1900 in
2238 1861 2414 1899 homine:

1358 1914 1499 1953 Forma
1527 1924 1655 1954 tamen
1697 1915 1855 1953 humani
1897 1916 2066 1967 corporis
2108 1924 2160 1952 est
2190 1916 2380 1952 venustior
2401 1944 2412 1963 ‚

1302 1998 1328 2018 „
1357 1977 1473 2006 status
1502 1978 1644 2007 erectus
1666 1999 1676 2017 ,
1706 1968 1903 2027 &celsus,
1935 1979 1973 2006 ut
2004 1983 2126 2021 neque
2148 1968 2414 2018 enormis-pro·

1302 2052 1329 2071 ‚,
1357 2023 1494 2060 ceritas
1523 2023 1596 2070 sit,
1640 2036 1763 2074 neque
1792 2022 1880 2061 vilis
1909 2022 1943 2058 8(
1971 2022 2121 2073 abjecta
2163 2019 2411 2073 pauxillitas:

1302 2105 1328 2124 „
1357 2084 1439 2112 tum
1468 2076 1552 2128 ipsa
1580 2074 1764 2113 habitudo
1792 2076 1962 2127 corporis
1988 2076 2133 2123 suavis,
2164 2074 2315 2125 &grata
2333 2104 2343 2122 ,
2373 2082 2415 2112 ut

1301 2159 1326 2178 „
1356 2143 1481 2181 neque
1508 2127 1683 2166 belluina
1712 2130 1862 2167 vastitas
1900 2127 2046 2167 horrori
2076 2130 2148 2177 sit,
2190 2141 2260 2166 nec
2289 2129 2413 2179 graci-

1300 2213 1325 2233 „
1355 2182 1440 2220 litas
1468 2183 1590 2220 tenuis
1617 2182 1832 2220 infirmitati
1853 2185 1879 2204 “
1903 2208 1914 2220 .
2036 2204 2039 2207 -
2397 2211 2400 2214 «

1354 2236 1446 2275 251·-
1474 2235 1719 2288 Prosequitur
1748 2245 1873 2288 postea
1901 2234 2199 2274 Mediolanensis
2226 2232 2413 2271 Ecclesiae

1300 2289 1469 2337 Doctor,
1513 2288 1547 2324 ἃ
1575 2291 1747 2327 omnium
1776 2289 2041 2328 membrorum
2071 2289 2316 2340 dignitatem,
2357 2295 2411 2323 at-

1299 2357 1374 2396 que
1403 2342 1606 2380 utilitatem
1634 2345 1734 2380 mira
1762 2342 1980 2396 eloquentia
2008 2342 2210 2389 describit,
2244 2339 2278 2376 ἃ
2307 2340 2414 2392 capi-

1299 2399 1345 2434 tis
1375 2398 1594 2448 imprimis,
1637 2400 1700 2434 cui
1728 2405 1866 2434 cetera
1897 2395 2079 2433 membra
2109 2393 2376 2447 famulantur
2395 2421 2408 2441 ‚

1301 2450 1350 2490 ὠ
1379 2449 1666 2502 circumferunt
1708 2449 1802 2487 illud
1837 2450 1964 2487 servili
2004 2452 2230 2501 gestamine
2251 2477 2262 2495 ,
2310 2450 2411 2484 sicut

1300 2501 1464 2541 Numen
1485 2533 1497 2551 ,
1527 2513 1645 2555 atque
1673 2505 1716 2540 in
1743 2501 1907 2540 sublime
1937 2502 2110 2539 locatum
2140 2500 2306 2544 vehunt;
2342 2512 2411 2551 po-

1299 2564 1377 2594 stea
1404 2556 1605 2594 oculorum
1623 2585 1634 2602 ‚
1683 2557 1834 2593 aurium
1853 2586 1864 2603 ,
1903 2556 2007 2604 oris,
2051 2554 2293 2605 aliarumque
2321 2566 2411 2605 par-

1299 2611 1394 2647 tium
1412 2639 1423 2657 ,
1453 2611 1531 2647 sine
1560 2609 1700 2662 quibus
1729 2610 1866 2661 capitis
1894 2610 2083 2660 dignitas,
2113 2608 2147 2643 8t
2177 2615 2352 2645 venustas
2380 2607 2414 2644 i·

1297 2662 1432 2702 nutilis
1459 2663 1579 2700 foret:
1608 2664 1742 2710 tertio,
1772 2663 1919 2713 inquit:
1940 2690 1966 2709 „
1986 2660 2203 2699 Succedunt
2229 2659 2411 2746 bracgia,

1304 1360 1332 1379 ¹³2

1306 1413 1332 1432 >a

1306 1462 1335 1485 ³5

1302 1945 1327 1964 92

2275 2740 2303 2760 ἲ)

1300 2807 1380 2841 Lib.
1405 2806 1511 2846 V11.‚
1536 2800 1728 2845 dubitans,
1753 2817 1796 2838 an
1823 2813 1949 2839 natura
1974 2818 2099 2849 parens
2123 2806 2245 2838 melior
2258 2804 2410 2842 homini,

1300 2866 1344 2886 an
1369 2855 1509 2884 tristior
1534 2864 1676 2884 nouerca
1689 2851 1828 2894 fuerit.
1873 2851 1939 2884 Sed
1964 2853 2096 2885 mirum
2121 2861 2194 2891 est,
2230 2851 2314 2883 istos
2341 2859 2409 2882 non

1300 2897 1535 2932 considerasse
1551 2919 1562 2938 ,
1598 2898 1769 2931 rationem
1799 2897 1933 2931 homini
1959 2900 2066 2932 fnisse
2091 2897 2209 2931 datam
2225 2920 2236 2938 ,
2279 2908 2347 2940 qua
2372 2907 2410 2928 o-

1302 2944 1444 2977 mnibns
1470 2943 1674 2988 indigentiis
1699 2945 1771 2977 suis
1796 2945 1908 2977 multo
1933 2939 2084 2985 melius,
2121 2956 2227 2989 qncnn
2259 2943 2407 2982 bestiae,

1298 2989 1479 3035 providere
1506 2995 1638 3033 potest‘.
1665 2992 1801 3031 „Loco
1824 2991 1975 3033 horum,
2010 2991 2125 3036 inquit
2151 2991 2338 3036 Angelicus
2363 2989 2410 3020 si-

1299 3059 1325 3077 „
1350 3037 1426 3070 mili
1452 3036 1650 3070 difficultati
1687 3036 1898 3082 respondens
1924 3040 1950 3071 Ι.
1977 3038 2012 3070 Ρ.
2039 3051 2098 3083 qn.
2120 3049 2178 3082 9¹·
2212 3046 2278 3071 art.
2307 3041 2339 3073 3.
2365 3033 2408 3068 ad

1299 3105 1324 3124 ,,
1353 3094 1410 3124 2.,
1436 3083 1538 3115 homo
1563 3082 1667 3116 habet
1694 3085 1865 3117 rationem
1881 3106 1892 3124 ‚
1920 3088 1951 3116 δι
1967 3097 2091 3118 manns
2107 3107 2117 3124 ‚
2143 3085 2270 3129 quibus
2295 3089 2409 3129 potest

1297 3151 1325 3171 3,
1351 3141 1472 3174 parare
1497 3130 1562 3162 sihi
1589 3140 1707 3170 arma,
1747 3133 1778 3162 &
1804 3140 2027 3174 tegumenta,
2066 3135 2095 3163 &
2121 3132 2189 3164 alia
2225 3131 2321 3164 victu
2348 3139 2409 3160 ne-

1305 3197 1332 3217 „
1358 3176 1505 3210 cessaria
1532 3176 1677 3209 infinitis
1701 3176 1838 3216 m011i53
1865 3177 1954 3210 unde
1979 3190 2101 3211 manns
2125 3183 2138 3217 (
2165 3179 2274 3210 inIIl.
2292 3180 2335 3211 cte
2357 3175 2407 3207 Α·

1299 3245 1324 3264 ,,
1351 3227 1442 3256 nima
1479 3230 1579 3255 textu
1607 3224 1661 3257 28.
1688 3228 1700 3261 )
1730 3222 1860 3255 (licitur
1902 3237 2061 3268 organum
2101 3237 2323 3268 organorum.
2359 3220 2406 3252 Et

1300 3291 1328 3310 2,
1352 3268 1416 3303 boc
1442 3269 1549 3302 etiam
1574 3269 1684 3312 magis
1711 3269 1929 3314 competebat
1956 3272 2116 3304 rationali
2145 3280 2304 3309 natnrae·‚
2327 3274 2403 3309 <11¹ae

1300 3337 1328 3356 „
1353 3324 1405 3349 est
1432 3315 1649 3348 infinitarum
1683 3317 1947 3360 conceptionum
1968 3339 1978 3358 ,
2016 3327 2052 3350 ut
2078 3318 2222 3352 liaberet
2255 3312 2401 3349 facuth¹

1300 3383 1328 3405 ‚‚
1353 3371 1425 3398 tem
1449 3362 1588 3398 infinita
1612 3362 1846 3398 instrumenta
1871 3364 1937 3399 sibi
1962 3363 2109 3409 parandi
2128 3368 2176 3398 “.
