2583 3685
290 92 373 131 126

225 164 404 217 Episcopi
450 160 634 201 voluntati
678 160 918 211 Imperatoris
960 168 1172 208 cesserant,
1220 167 1331 212 atque

231 217 424 254 sententias
450 213 626 253 omnium
640 210 799 250 illorum
820 211 1096 265 Episcoporum
1113 242 1124 260 ,
1154 213 1222 264 qui
1242 221 1331 252 tunc

238 282 260 304 n
289 267 390 318 regia
419 264 514 303 urhe
543 264 816 314 morabantur,
846 266 918 305 sibi
938 266 1078 322 scripto
1106 266 1258 306 traditas
1273 266 1331 305 di-

225 320 380 372 ligenter
410 318 642 358 examinavit
662 344 673 359 Q

278 385 367 424 2¹7·
397 372 510 414 Brevi
546 381 671 411 tamen
710 371 931 412 Pontificem
975 384 1054 412 suae
1086 371 1332 411 condescen-

222 424 368 467 dentioe
396 426 597 476 poenituit3
641 434 840 478 postquam
871 426 1015 465 scilicet
1043 426 1219 472 audivit,
1250 441 1331 464 ma-

217 481 360 520 ximam
392 480 668 530 Episcoporum
684 480 989 518 Occidentalium
1019 489 1164 531 partein
1196 495 1272 518 esse
1289 495 1329 517 a·

215 533 287 570 deo
328 532 538 580 offensam,
587 541 626 571 ut
654 534 764 571 totius
792 534 1007 572 Occidentis
1048 532 1214 571 schisma
1250 547 1329 570 me-

217 586 396 624 tuendum
427 595 543 624 esset.
592 586 855 634 Quamobrem
905 587 1173 637 Imperatorem
1217 588 1328 624 enixe

216 640 381 690 rogavit,
412 648 451 677 ut
470 639 645 692 Synodus
675 641 913 677 oecumenica
933 638 1138 676 haberetur
1154 667 1164 685 ,
1195 638 1233 675 in
1251 653 1328 689 qua

212 691 394 744 Episcopi
424 692 711 740 Occidentales,
759 704 925 743 quorum
948 688 1095 742 ficerat
1124 690 1328 728 scandali-

209 754 302 785 zata
321 744 596 796 fraternitas,
639 746 724 797 pari
752 758 913 783 numero
950 757 1039 783 cum
1067 743 1327 783 Orientalibus

215 812 367 836 causam
412 798 507 836 hanc
548 799 802 837 discuterent.
850 799 995 837 Annuit
1023 798 1261 849 Imperator,
1289 798 1323 835 8<

213 851 385 904 Synodus
415 853 654 890 oecumenica
683 853 825 891 indicta
854 852 948 898 fuit,
976 865 1073 888 anno
1105 852 1194 888 551.
1224 849 1324 888 cele-

209 904 382 944 branda.
412 905 485 944 Sed
514 920 602 944 cum
634 907 853 958 paucissimi
883 904 1145 942 Occidentales
1165 903 1326 956 Episco-

207 960 247 1010 pi
277 959 506 1008 adfuissent,
549 968 588 997 ut
616 973 747 997 eorum
778 971 958 997 numerus
999 971 1087 994 cum
1117 957 1324 995 Orientali-

213 1012 282 1050 bus
313 1015 505 1066 exasquari
536 1026 610 1050 uon
641 1019 785 1063 posset,
816 1010 983 1062 Vigilius
1004 1009 1324 1061 Synodointeres-

208 1079 247 1103 se
274 1065 424 1113 noluit,
468 1066 645 1118 quamvis
681 1064 960 1118 perhonorifica
1001 1062 1185 1114 legatione
1215 1064 1262 1101 ad
1292 1065 1323 1102 i-

209 1131 317 1169 psam
349 1121 550 1158 invitatus.
595 1118 771 1157 Promisit
800 1127 956 1166 tamen,
1000 1130 1037 1155 se
1067 1118 1270 1168 separatim
1301 1132 1322 1155 a

206 1171 359 1223 Synodo
387 1175 607 1211 sententiam
651 1186 759 1212 suam
797 1173 836 1212 in
868 1171 938 1210 hac
981 1171 1097 1209 trium
1126 1169 1322 1223 Capitulo·

205 1237 292 1264 xum
323 1240 435 1264 causa
465 1225 632 1264 laturum
665 1226 727 1276 (a)
747 1253 757 1264 .

267 1278 357 1319 218.
389 1279 542 1319 Interim
573 1279 786 1318 Orientales
805 1279 959 1332 Synodo
987 1278 1227 1331 principium
1257 1277 1321 1315 de-

210 1331 344 1370 derunt
372 1333 439 1372 IV.
471 1345 583 1371 nonas
614 1332 711 1370 Maii
731 1363 741 1381 ,
786 1332 1021 1383 apertissime
1051 1340 1320 1384 protestantes,

209 1398 248 1422 se
289 1394 450 1438 quatuor
493 1387 748 1424 oecumenicas
776 1385 949 1439 Synodos
993 1385 1072 1436 jam
1115 1384 1321 1422 celebratas

204 1439 375 1489 recipere
397 1468 407 1486 ,
436 1440 643 1492 omniaque
673 1454 716 1476 ea
745 1440 925 1487 credere,
963 1452 1051 1486 quae
1083 1439 1122 1477 in
1153 1440 1198 1476 iis
1227 1438 1322 1475 defi-

205 1492 285 1528 nita
316 1492 494 1540 fuerunt,
540 1505 599 1530 eos
628 1502 784 1541 autem,
827 1506 921 1544 quos
963 1488 1129 1530 laudatae
1160 1500 1322 1543 quatuor

203 1543 348 1595 Synodi
378 1545 702 1594 condemnarunt,
733 1561 770 1584 se
792 1560 943 1599 qnoque
973 1547 1179 1590 damnare,
1209 1554 1322 1596 atque

205 1597 246 1635 in
275 1599 456 1636 omnibus
485 1601 591 1652 sequi
621 1614 657 1637 se
685 1599 976 1637 orthodoxorum
998 1598 1153 1637 Patrum
1183 1597 1319 1634 doctri-

205 1663 330 1694 nain.v
354 1650 434 1689 Post
464 1661 590 1690 autem
620 1654 658 1690 in
686 1653 898 1691 Collatione
928 1651 995 1689 IV.
1025 1651 1135 1688 lectae
1167 1650 1320 1688 fuerunt

206 1702 271 1740 60.
302 1703 335 1738 &
363 1704 531 1754 amplius
559 1707 750 1743 sententiae
790 1714 976 1757 excerptae
1020 1718 1064 1742 ex
1095 1704 1320 1753 dogmaticis

206 1755 387 1806 operibus
417 1755 606 1795 Theodori
638 1758 893 1809 Mopsuesteni
913 1788 922 1804 ,
965 1772 1009 1795 ae
1038 1758 1203 1807 denique
1233 1769 1319 1793 exa-

208 1810 393 1846 minatum
419 1809 519 1846 illius
539 1809 794 1862 Symbolum,
823 1812 923 1862 quod
956 1812 1076 1848 suerat
1106 1825 1127 1846 a
1146 1810 1319 1846 Cliarisio

205 1860 382 1898 Patribus
412 1861 554 1913 Synodi
586 1862 787 1915 Ephesinae
818 1863 989 1901 oblatum
1008 1893 1019 1911 ,
1056 1863 1105 1902 ab
1135 1864 1225 1914 ipsis
1254 1875 1320 1898 au-

208 1921 281 1951 tem
300 1943 310 1961 ,
344 1923 381 1951 ut
411 1915 630 1953 Nestoi-iana
660 1915 723 1953 lue
753 1918 938 1955 infectum
968 1930 1055 1954 cum
1087 1916 1321 1954 execratione

205 1966 477 2017 reprobatum,
522 1967 632 2018 cujus
661 1971 833 2006 examine
877 1969 1050 2007 absoluto
1081 1969 1203 2006 Patres
1233 1981 1321 2004 con-

208 2019 443 2058 clamarunt:
480 2019 569 2057 Hoc
599 2020 835 2071 Symbolum
866 2022 1047 2060 Satanas
1077 2024 1321 2070 composuit.

208 2072 297 2111 Hoc
328 2072 562 2125 Symbolum
592 2072 799 2125 Eplzesina
826 2079 960 2124 prima
991 2072 1177 2125 Synotlus
1199 2102 1209 2119 ,
1239 2085 1324 2109 una

205 2138 295 2165 cum
331 2136 493 2165 auctore
535 2128 621 2179 ejus
663 2126 1048 2165 anathematizas-tt.
1092 2124 1322 2163 Anatbema

211 2179 408 2217 Theodoro
424 2180 706 2231 Mopsuesteno
723 2206 764 2220 ...
785 2180 1012 2220 anatliema
1033 2179 1129 2227 illis,
1159 2181 1221 2230 (sui
1244 2191 1323 2215 non

208 2232 559 2271 anathematizant
588 2248 677 2273 eum
695 2261 705 2272 .

270 2299 359 2337 2¹9.
389 2287 597 2326 collatione
625 2297 749 2326 autem
766 2287 816 2326 V.
846 2286 952 2327 lectis
982 2288 1117 2324 iterum
1147 2284 1324 2323 omnibus

210 2342 488 2388 monumentis,
530 2355 618 2394 quae
655 2342 701 2380 ad
745 2355 898 2379 causam
929 2340 1120 2379 Theodori
1158 2340 1324 2389 pertine·

209 2393 328 2441 bant,
359 2393 517 2446 ejusque
545 2395 780 2448 impietatem
810 2394 1047 2446 probabant,
1078 2393 1256 2430 sententia
1282 2405 1322 2428 a·

210 2445 433 2485 mathematis
462 2461 541 2498 Jam
563 2447 638 2486 lata
667 2448 792 2486 denuo
830 2447 1056 2486 confirmata
1086 2446 1183 2484 suit.
1215 2444 1323 2481 Prius

209 2510 335 2537 tamen
364 2501 410 2538 ad
439 2513 549 2538 omne
586 2501 748 2539 dubium
779 2500 990 2539 tollendum
1012 2530 1023 2548 ,
1065 2501 1182 2537 variis
1213 2499 1325 2535 ratio-

208 2553 323 2591 nibus
341 2583 352 2601 ,
382 2553 416 2589 St
444 2553 628 2605 exemplis
657 2555 951 2592 demonstratum
982 2554 1054 2592 suit
1072 2583 1082 2602 ,
1113 2554 1227 2590 etiam
1244 2559 1324 2603 post

209 2615 370 2646 mortem
403 2607 600 2646 liaereticos
629 2607 878 2646 condemnari
908 2620 1040 2659 posse,
1078 2607 1256 2659 quamvis
1286 2605 1326 2642 iu

211 2661 287 2697 vita
315 2661 556 2699 condemnati
600 2675 674 2699 non
704 2661 872 2699 fuerint.
922 2661 1046 2712 Atque
1086 2663 1240 2713 insuper
1270 2672 1327 2695 re-

211 2722 386 2761 pertum,
432 2729 569 2752 nomeu
600 2713 790 2752 Theodori
829 2713 976 2764 jamdiu
1008 2728 1026 2752 e
1056 2716 1171 2751 sacris
1200 2712 1328 2763 dypti-

217 2766 268 2802 cis
295 2766 479 2804 Ecclesiae
511 2768 785 2820 Mopsuesteuae
817 2768 929 2804 fuisse
959 2780 1130 2814 erasum,
1161 2764 1327 2815 illusque

218 2814 300 2854 loco
328 2821 441 2859 fuisse
471 2824 638 2873 positum
668 2834 808 2858 nomen
837 2820 877 2860 S.
907 2819 1071 2870 Cyn-iiii:
1109 2819 1205 2856 unde
1238 2831 1325 2855 con-

219 2872 468 2924 sequebatur,
497 2883 560 2913 aut
577 2873 822 2913 Theodorum
853 2874 968 2913 fuisse
997 2881 1188 2911 mortuum
1220 2879 1326 2911 extra

221 3023 408 3055 scandala.
434 3027 508 3060 Afri
534 3035 650 3061 tamen
665 3050 675 3070 ‚
703 3028 924 3073 illyriciani,
951 3030 982 3060 &
998 3026 1168 3060 Dalmatae
1186 3035 1325 3059 ornnem

220 3079 301 3102 cum
329 3069 455 3118 Vigilio
481 3076 760 3107 communionem
787 3072 1063 3119 suspenderunt.

269 3119 312 3152 (c)
341 3116 487 3157 vigilius
514 3120 649 3161 Synndo
687 3121 850 3154 interesse
878 3121 1014 3160 noluit,
1049 3117 1140 3163 quod
1165 3130 1241 3152 eam
1267 3131 1326 3152 ca·

224 3164 377 3213 nonicam
403 3173 468 3194 non
493 3162 663 3204 judicaret
680 3189 690 3204 ,
727 3166 928 3200 absentibus
955 3165 1154 3200 Occidentis
1180 3165 1325 3210 Episco-

222 3217 302 3250 prs,
337 3206 376 3239 ad
405 3219 550 3250 quornm
578 3212 704 3244 animos
731 3212 901 3256 pacandos
928 3211 1106 3257 Synotlvim
1133 3213 1206 3255 cogi
1233 3213 1327 3246 vole·

222 3253 282 3286 bat
303 3275 312 3285 .
340 3253 426 3286 Sine
451 3266 613 3285 consensu
638 3261 777 3291 oninium
796 3282 805 3299 ,
831 3259 1009 3304 inquiebat
1033 3257 1178 3300 vigilius
1195 3279 1205 3297 ‚
1232 3262 1326 3297 isra,

222 3311 288 3343 ‹Jizae
315 3304 354 3333 Θ
373 3300 554 3345 Synodion
579 3299 890 3338 Clzalcedonensem
913 3308 949 3339 in
976 3305 1109 3339 dubium
1135 3310 1248 3340 venire
1262 3304 1330 3349 fa-

778 83 857 126 DE
891 82 1137 126 INCARN.
1170 81 1338 124 SECT.
1369 83 1426 124 11.
1459 84 1601 126 DISS.
1635 87 1712 128 111.
1746 86 1874 130 CAP.
1908 89 1943 130 Ι.

1398 159 1582 198 Ecclesiae
1612 166 1921 203 communionem
1942 194 1953 214 ,
1981 170 2047 204 aut
2074 165 2123 205 ab
2139 164 2311 205 Ecclesia
2339 163 2503 216 ejectum

1399 221 1480 267 post
1509 220 1670 251 mortem
1686 239 1697 251 .

1457 279 1547 304 220.
1577 265 1659 305 Post
1688 274 1813 304 autem
1843 267 1883 305 in
1921 269 2051 310 eadem
2080 272 2131 311 V.
2159 271 2369 312 Collatione
2410 270 2507 311 lecta

1398 329 1482 358 sunt
1511 334 1552 358 ea
1570 350 1580 368 ,
1609 333 1698 372 quae
1723 319 1979 360 Tlieodoretus
2007 324 2136 364 multis
2166 327 2202 365 in
2231 325 2322 365 locis
2352 337 2507 364 suorum

1398 373 1570 424 Operum
1601 374 1749 424 scripsit
1786 381 1913 413 contra
1942 375 1982 412 S.
2011 376 2202 428 Cyrillum
2221 410 2232 427 ,
2275 381 2309 417 &
2339 387 2508 417 sanctam

1398 427 1631 480 Epliesinam
1660 426 1888 480 Synodum,
1930 428 2069 480 quibus
2099 431 2271 479 perlectis
2299 435 2352 472 sic
2382 432 2507 470 Patres

1397 480 1687 520 concluserunt:
1735 478 1806 517 Ex
1835 478 1920 529 liis,
1962 493 2050 530 quoe
2083 481 2341 523 Theodoretus
2388 488 2508 537 impie

1395 537 1624 584 conscripsit
1646 564 1656 582 ,
1694 532 1887 571 miranda
1916 541 1974 570 est
2002 532 2195 572 subtilitas
2224 536 2265 573 S.
2298 538 2508 576 Chalceilo-

1395 590 1531 625 nensis
1559 586 1739 639 Synocli.
1782 585 1922 625 Sciens
1950 590 2059 625 enim
2101 588 2187 640 ejus
2216 587 2507 640 blasphemias,

1393 645 1500 690 prius
1528 640 1685 692 quidem
1714 640 1846 677 multis
1874 643 2019 691 saepius
2047 653 2122 678 usa
2149 650 2209 678 est
2238 652 2380 681 contra
2408 658 2500 682 eum

1395 693 1776 732 exclamationibus:
1806 701 1943 746 postea
1973 706 2061 732 vero
2090 706 2170 731 non
2186 694 2303 733 aliter
2333 708 2423 732 eum
2441 700 2505 734 su'-

1393 751 1580 798 scepisset
1596 778 1607 795 ,
1628 751 1704 785 nisi
1723 751 1829 797 prius
1844 746 2232 785 anathematizasset
2252 746 2506 797 Nestorium,

1393 799 1442 839 (θ’
1471 802 1557 852 ejus
1585 800 1877 853 blasphemias,
1905 814 1976 852 pro
2004 800 2139 854 quibus
2167 810 2293 841 antea
2322 804 2505 853 scripsit,

1393 851 1612 903 defendens
1640 868 1710 892 eas
1732 881 1742 894 .

1447 918 1537 944 221.
1565 905 1775 945 Collatione
1804 907 1873 945 Vl.
1903 908 2069 946 examini
2112 907 2283 958 subjecta
2325 908 2397 946 fuit
2426 907 2509 960 epi-

1389 958 1482 996 stola
1510 958 1588 996 Ibae
1618 959 1664 997 ad
1694 960 1822 998 Marin
1847 960 2025 1009 Persam,
2055 960 2284 1000 Nestorianis
2315 960 2508 1000 erroribus

1391 1024 1562 1063 respersa
1578 1041 1588 1060 ,
1618 1021 1729 1064 atque
1748 1013 2012 1062 observatum,
2042 1013 2150 1053 Ibam
2173 1015 2213 1051 in
2233 1013 2404 1052 Concilio
2425 1013 2507 1065 Ty-

1391 1066 1424 1103 ri
1455 1066 1569 1103 fuisse
1598 1064 1773 1102 adactum
1801 1065 1849 1102 ad
1869 1064 1965 1103 hanc
1995 1080 2101 1105 suam
2132 1067 2331 1119 epistolam
2353 1067 2507 1118 ejuran-

1391 1119 1501 1166 dam,
1546 1127 1587 1156 ut
1616 1117 1665 1154 ab
1693 1118 1930 1155 accusatione
1958 1118 2246 1159 Nestorianisrni
2290 1135 2328 1158 se
2371 1133 2509 1171 purga-

1390 1180 1469 1209 ret:
1500 1173 1618 1210 immo
1645 1170 1693 1209 ad
1724 1171 1848 1221 ipsum
1878 1169 2094 1208 Nestorium
2125 1170 2253 1223 palam
2283 1173 2505 1212 anatliema-

1390 1225 1583 1264 tizandum
1601 1254 1611 1273 ,
1642 1233 1753 1276 atque
1775 1223 1820 1260 ad
1841 1222 2074 1274 Ephesinam
2090 1223 2291 1275 Synodum
2319 1225 2507 1277 recipien-

1391 1279 1480 1317 dam
1504 1303 1514 1317 .
1558 1279 1600 1316 lu
1643 1275 1819 1314 Concilio
1861 1285 1988 1314 autem
2017 1275 2351 1325 Clialcedonensi,
2393 1280 2512 1316 fnisse

1389 1333 1545 1384 quidem
1575 1331 1690 1369 fidem
1722 1331 1801 1368 Ibae
1831 1340 2049 1383 receptam,
2093 1342 2169 1368 non
2198 1338 2324 1367 autem
2367 1331 2505 1381 episto-

1390 1384 1468 1424 lam
1501 1387 1619 1439 ipsius
1641 1414 1650 1432 ,
1681 1397 1804 1436 neque
1834 1384 1936 1422 enini
1968 1397 2042 1421 esse
2072 1385 2135 1422 toti
2151 1383 2306 1436 Synodo
2333 1383 2507 1433 tribuen-

1390 1439 1481 1477 dum
1499 1468 1509 1486 ,
1539 1438 1640 1492 quod
1671 1438 1782 1488 pauci
1803 1436 1986 1488 Episcopi
2015 1437 2061 1473 de
2092 1436 2259 1489 epistolae
2290 1434 2510 1479 orthodoxia

1389 1493 1594 1530 dixerunt.
1640 1490 1815 1543 Denique
1846 1491 1883 1527 in
1913 1490 2044 1528 eadem
2075 1489 2229 1544 Synodo
2269 1488 2442 1526 debuisse
2472 1488 2508 1525 I-

1390 1545 1481 1584 bam
1510 1545 1682 1584 Nestorio
1710 1543 1909 1582 anatliema
1946 1543 2100 1581 dicere.
2143 1541 2405 1590 Quamobrem
2437 1540 2507 1579 Pa-

1389 1607 1462 1636 tres
1490 1598 1637 1649 Synodi
1669 1596 1717 1635 V.
1747 1598 2020 1645 decreverunt,
2066 1595 2320 1634 damnandam
2359 1609 2437 1632 esse
2465 1608 2506 1632 e-

1388 1650 1563 1704 pistolam
1594 1650 1701 1698 lbae,
1749 1659 1878 1702 utpote
1906 1649 1956 1687 ab
1987 1649 2068 1701 ipso
2096 1648 2271 1688 Concilio
2299 1647 2334 1686 T
2367 1648 2397 1685 ri
2426 1647 2508 1698 jam

1387 1705 1509 1742 multo
1537 1712 1644 1741 antea
1673 1704 1893 1741 damnatam
1911 1732 1921 1751 ,
1965 1703 2066 1740 unde
2094 1715 2223 1739 omnes
2265 1714 2331 1737 exc
2351 1713 2506 1737 amave-

1389 1767 1496 1795 runt:
1525 1756 1710 1808 Epistola
1731 1756 1919 1794 haeretica
1940 1764 2000 1793 est
2016 1781 2026 1792 .
2057 1754 2284 1804 Epistolam
2303 1783 2313 1802 ,
2342 1766 2431 1804 quoe
2447 1751 2505 1789 di-

1389 1815 1488 1847 citur
1517 1809 1618 1857 Ibae,
1648 1823 1787 1847 omnes
1810 1805 2165 1847 condemnamus.
2208 1805 2337 1844 Istam
2366 1817 2507 1845 omnes

1390 1863 1789 1902 anathematizamus
1806 1889 1816 1901 .
1847 1861 2031 1912 Epistola
2046 1862 2185 1899 aliena
2201 1873 2228 1898 a
2244 1859 2327 1912 Syn
2336 1859 2408 1897 octo
2429 1868 2486 1897 est
2498 1883 2511 1899 0

1389 1916 1572 1966 Epistola
1601 1920 1807 1955 contraria
1838 1915 2059 1966 definitioni
2087 1924 2173 1953 est.
2215 1913 2314 1951 Tota
2343 1912 2507 1965 epistola

1389 1968 1624 2019 blasphema
1653 1978 1737 2008 est.
1785 1969 1862 2018 Qui
1889 1967 1996 2007 banc
2039 1982 2119 2006 non
2159 1966 2509 2013 anathematizat,

1389 2021 1598 2060 lzoerelicus
1627 2031 1688 2059 est
1702 2049 1711 2060 .
1747 2021 1823 2072 Qui
1839 2034 1932 2058 eam
1952 2025 2112 2071 suscipit
2129 2051 2139 2069 ,
2168 2034 2249 2059 non
2270 2018 2480 2073 coifitetur
2496 2048 2509 2067 ,

1389 2074 1524 2113 Deum
1543 2073 1713 2112 Verbum
1742 2073 1944 2113 hominem
1960 2072 2131 2126 factum
2161 2087 2270 2111 esse.
2304 2073 2381 2123 Qui
2409 2084 2505 2109 eam

1390 2133 1573 2178 suscipit,
1607 2127 1801 2178 Cyrillum
1821 2140 1902 2164 non
1919 2127 2077 2178 suscipit
2094 2152 2104 2165 .
2135 2125 2365 2164 Anatlzema
2387 2123 2508 2161 Theo-

1393 2179 1514 2227 (loro,
1544 2181 1592 2219 ὠ
1622 2180 1807 2216 Nestorio
1825 2209 1835 2226 ,
1864 2180 1913 2219 (θ’
1943 2180 2144 2229 epistolae,
2181 2192 2270 2229 quoe
2300 2178 2441 2215 (licitur
2469 2175 2506 2213 I-

1393 2232 1480 2270 bae.
1522 2232 1598 2280 Qui
1626 2232 1834 2281 epistolarii
1863 2235 2026 2281 recipit,
2069 2233 2196 2282 rejicit
2227 2231 2399 2268 Sanctos
2429 2229 2507 2266 Pa-

1393 2295 1472 2323 tres
1506 2284 1881 2328 Cbalceclonenses;
1910 2288 1975 2334 qui
2002 2297 2085 2321 non
2115 2282 2438 2320 anathematizat
2468 2295 2510 2319 e-

1390 2339 1602 2390 pistolam,
1645 2339 1838 2391 injuriam
1856 2335 1970 2389 facit
2000 2334 2181 2375 Patribus
2213 2334 2510 2373 Chalcedonen-

1391 2392 1494 2430 sibus
1516 2419 1526 2430 .
1575 2395 1698 2445 Atque
1728 2391 1831 2430 hunc
1862 2392 2008 2428 exitum
2047 2389 2210 2428 celebris
2250 2403 2365 2427 causa
2393 2390 2512 2427 trium

1390 2445 1657 2499 Capituloruin
1689 2446 1726 2483 in
1757 2445 1781 2482 S
1804 2444 1911 2483 'nodo
1939 2443 1989 2482 V.
2019 2441 2154 2481 habuit
2175 2469 2186 2482 .

1448 2513 1539 2538 222.
1568 2497 1740 2538 Soleinni
1783 2459 1875 2535 linio
1917 2498 2036 2535 trium
2065 2494 2334 2548 Capitulorum
2371 2494 2511 2533 conde-

1393 2552 1575 2592 mnationi
1604 2553 1729 2590 deerat
1758 2548 1896 2603 Vigilii
1928 2550 2037 2588 Rom.
2069 2549 2263 2588 Pontificis
2301 2548 2509 2587 confirma—

1394 2608 1471 2654 tio,
1509 2607 1575 2659 qui
1605 2605 1761 2657 Synodo
1789 2618 1913 2656 neque
1942 2616 2103 2655 praeesse
2125 2633 2136 2651 ,
2178 2616 2303 2654 neque
2333 2603 2507 2638 interesse

1394 2659 1544 2706 voluit,
1592 2660 1712 2696 immo
1741 2667 1847 2696 antea
1876 2657 1955 2707 jam
1986 2656 2134 2694 celebre
2164 2669 2275 2693 suum
2307 2653 2504 2690 Constitu-

1395 2722 1477 2749 zum
1496 2711 1687 2758 ediderat,
1718 2712 1757 2749 in
1774 2724 1849 2764 quo
1865 2711 1980 2748 variis
2010 2707 2216 2747 rationibus
2232 2705 2438 2758 probabat,
2467 2717 2508 2741 o—

1396 2768 1498 2803 mnia
1529 2779 1571 2802 eo
1603 2766 1638 2802 iu
1669 2773 1761 2801 statu
1792 2763 2038 2815 relinquenda
2068 2775 2171 2807 esse,
2199 2770 2275 2810 quo
2304 2759 2343 2794 in
2373 2758 2508 2795 Conci·

1394 2819 1446 2858 lio
1473 2817 1772 2856 Chalcedonensi
1801 2818 1921 2869 posita
1950 2815 2124 2858 fueraut,
2155 2825 2198 2848 ac
2228 2823 2295 2862 per
2323 2819 2475 2848 centum
2494 2840 2506 2858 ,

1393 2872 1427 2909 &
1456 2871 1622 2926 amplius
1651 2883 1768 2910 anuos
1806 2874 2065 2907 remanserunt
2094 2863 2151 2917 (b)
2174 2889 2185 2905 .
2223 2864 2324 2902 Huic
2357 2863 2510 2902 Consti..

2075 2928 2078 2931 ’
2391 2925 2451 2955 tu-

1392 3027 1486 3058 ciunt
1501 3044 1512 3065 ,
1538 3027 1579 3056 (9‘
1605 3024 1799 3057 scandalum
1814 3020 1990 3064 fratribus
2015 3020 2099 3051 meis
2116 3025 2281 3062 generant
2301 3039 2312 3057 ‚
2338 3017 2508 3060 solusfa-

1393 3083 1470 3104 cere
1496 3071 1685 3103 nullatenus
1725 3072 1937 3109 cic-‹sm'escain
1965 3067 1999 3098 in
2036 3065 2137 3108 epist.
2165 3064 2257 3099 Cleri
2286 3065 2433 3098 Romani
2461 3061 2504 3094 ad

1396 3117 1593 3162 Legatarios
1619 3116 1818 3147 Gallicanos
1835 3135 1843 3143 .
1886 3114 1934 3145 De
1962 3111 2179 3145 restitutione
2206 3111 2299 3144 enim
2325 3110 2444 3157 pacis,
2469 3110 2502 3140 ὃς

1393 3161 1573 3197 concordia
1612 3173 1691 3194 cuin
1716 3159 1896 3205 Episcopis
1923 3156 2208 3192 Occidentalibus
2251 3165 2325 3191 erat
2350 3152 2499 3196 vigilius

1394 3210 1494 3243 anxie
1520 3207 1689 3242 sollicitus
1709 3229 1718 3238 .

1445 3261 1491 3292 (a)
1525 3255 1559 3287 ln
1597 3265 1636 3285 eo
1662 3253 1856 3285 Constituto
1889 3251 2041 3294 Vigilius
2068 3247 2243 3283 Theodori
2268 3245 2502 3289 Mopsuesteni

1395 3299 1627 3347 blasphemias
1651 3298 1861 3345 proscribit,
1888 3295 1946 3331 sed
1970 3296 2045 3343 ejus
2063 3295 2194 3332 nomini
2207 3292 2319 3339 parcit
2338 3311 2350 3331 ,
2375 3302 2500 3336 quein-
