2583 3685
445 253 1702 306 ήὴᾒὶὲᾒὶέήὶθῇὶὶῇᾓὺὑῇήὶῑ·ἡήΐὶὲὶὲὶῆἓΐὴὶὶ·
1711 257 1938 306 ἱΗιὶὲὶΗε

797 462 966 556 DE
1025 461 1214 556 AN
1220 462 1582 559 GELIS

234 732 342 797 DE
393 726 738 794 OPIFICIO
795 725 941 787 SEX
997 725 1352 803 DIERUM,
1431 727 1541 788 AC
1597 724 1702 789 DE
1760 726 2129 807 HOMINE,

628 864 1070 947 VARIISQUE
1111 865 1288 929 EJUS
1333 865 1422 927 ST
1427 865 1739 928 ATIBUS.

44 1275 156 1317 Deus
184 1279 227 1315 in
252 1275 446 1327 principio
472 1268 647 1309 condidit
675 1266 872 1306 mundum
912 1269 1074 1319 plenum
1102 1269 1214 1309 bonis
1242 1268 1452 1319 omnibus,
1500 1269 1733 1320 visibilibus,
1780 1282 1903 1325 atque
1938 1273 2249 1328 intelligibilibus
2279 1292 2339 1318 re-

97 1330 193 1377 bus,
222 1333 265 1365 in
292 1338 369 1378 quo
396 1323 493 1363 nihil
521 1323 664 1359 melius
693 1324 888 1368 instituit,
916 1335 1042 1371 quam
1071 1321 1266 1375 Spiritus,
1295 1322 1430 1374 quibus
1459 1325 1769 1383 intelligentiam
1798 1327 1902 1366 (ledit
1920 1358 1930 1376 ,
1959 1329 2009 1368 (9¹
2039 1342 2133 1367 suoe
2162 1341 2336 1371 coutere-

98 1382 287 1432 plan'onis
314 1375 491 1424 habiles,
519 1385 769 1425 capacesque
797 1377 859 1412 sui
885 1379 1097 1425 praestitit.
1125 1376 1168 1416 S.
1198 1376 1433 1427 Augustinus
1462 1376 1551 1416 Lib.
1574 1376 1705 1416 XX11.
1735 1378 1800 1418 De
1833 1380 1914 1420 Civ.
1945 1380 2023 1421 Dei
2052 1396 2142 1435 cap.
2169 1397 2202 1422 ι.

96 1485 167 1580 P
171 1545 226 1577 ost
252 1549 326 1587 ea,
352 1547 444 1589 quae
473 1535 516 1574 in
535 1532 732 1588 superiore
759 1530 960 1572 volumine
988 1532 1159 1574 breviter

38 1595 208 1633 diximus
234 1591 283 1630 de
308 1603 440 1629 rerum
469 1589 686 1636 creatione,
715 1588 913 1640 sequitur,
945 1596 986 1626 ut
1015 1588 1158 1627 fusiore

39 1646 189 1687 calamo
215 1645 263 1684 de
291 1642 547 1683 nobilioribus
565 1642 748 1680 creaturis
776 1654 934 1692 agamus
951 1667 962 1678 .
993 1642 1049 1682 Ac
1079 1644 1157 1695 pri.

38 1713 104 1739 mo
130 1697 381 1738 tractabimus
407 1697 456 1735 de
471 1694 628 1748 Angelis
644 1725 656 1744 ,
685 1695 754 1747 qui
774 1695 873 1732 inter
900 1707 1032 1734 omnes
1051 1710 1158 1735 crea-

38 1762 142 1792 turas
170 1752 410 1806 potissimum
437 1757 625 1802 occupant
653 1748 804 1794 locum;
835 1757 916 1800 post
945 1759 1072 1789 autem
1100 1764 1157 1788 se-

39 1808 172 1860 quitur
198 1805 327 1846 brevis
355 1803 578 1843 Dissertatio
618 1802 665 1840 de
691 1801 850 1853 opificio
868 1815 940 1859 ,sex
976 1803 1127 1843 dierum
1145 1834 1156 1853 ‚

39 1873 85 1899 ac
112 1859 271 1898 demum
298 1858 345 1896 de
372 1856 558 1905 homine,
604 1869 650 1894 ac
683 1856 801 1895 variis
842 1869 926 1907 eJus
968 1858 1155 1905 statibus;

38 1926 155 1967 quem
182 1911 357 1952 ordinem
384 1911 503 1948 etiam
530 1908 574 1949 3.
602 1908 774 1949 Thomas
803 1918 951 1950 secutus
979 1921 1058 1952 est.
1095 1912 1155 1952 Sit

38 1967 155 2019 igitur

357 2063 763 2111 DISSERTATIO
795 2065 830 2110 1.

451 2178 518 2219 De
547 2180 712 2233 Angelis
729 2206 741 2219 .

87 2262 241 2330 Pauca
280 2286 441 2340 quidem
469 2286 517 2326 de
546 2286 704 2339 Angelis
745 2285 894 2340 placuit
923 2287 1007 2328 Deo
1043 2288 1154 2328 nobis

36 2340 237 2380 revelare.
283 2340 394 2380 Unde
423 2342 540 2382 etiam
568 2340 808 2433 Di⁰2l⁷³iu³'
838 2342 953 2396 vulgo
983 2343 1152 2396 Areopa-

38 2395 114 2445 gita
143 2408 230 2448 cap.
252 2393 322 2434 Vl.
369 2393 435 2434 De
463 2395 615 2434 coelesti
686 2395 888 2443 ierarchia
918 2397 1082 2446 fatetur,
1130 2412 1153 2435 a

35 2445 148 2485 nobis
176 2449 236 2484 An
263 2446 367 2494 elos,
414 2461 626 2500 eorumque
660 2447 789 2487 officia
829 2449 1062 2502 imperfecte
1089 2465 1152 2490 co·

35 2499 193 2548 gnosci.
253 2498 298 2536 ed
328 2506 448 2536 noster
467 2498 508 2536 S.
528 2498 744 2549 Praeceptor
772 2503 907 2539 merito
935 2505 1058 2542 dictus
1074 2505 1152 2543 An-

34 2549 209 2601 gelicus,
238 2561 284 2586 ex
313 2550 360 2587 iis
379 2551 513 2601 paucis
543 2550 720 2589 revelatis
747 2551 807 2589 sui
837 2553 977 2604 ingenii
1006 2559 1152 2606 perspi-

35 2604 144 2642 cacia
170 2603 269 2642 bene
297 2601 420 2642 multa
449 2601 495 2640 de
525 2603 756 2656 Angelorum
787 2614 950 2653 natura,
981 2609 1152 2658 proprie-

36 2655 204 2705 tatibus,
247 2655 489 2705 actionibus,
532 2666 638 2695 motu
666 2655 739 2695 &c.
769 2657 949 2709 collegit,
979 2672 1068 2711 quae
1099 2669 1153 2697 to-

34 2719 112 2748 tam
134 2709 231 2748 hanc
247 2710 448 2748 materiam
462 2708 663 2750 difficilem
680 2741 692 2759 ‚
713 2710 747 2747 &
761 2709 967 2751 obscuram
983 2742 994 2760 ‚
1024 2714 1153 2764 quoad

35 2763 121 2802 fieri
177 2771 323 2814 oterat,
360 2763 628 2803 illustrarunt.
686 2763 798 2802 Hunc
826 2767 955 2818 itaque
983 2766 1151 2815 ducem,

34 2826 115 2870 post
169 2818 316 2856 ivinam
345 2815 616 2856 revelationem
645 2819 686 2857 in
722 2821 840 2857 sacris
869 2818 1004 2858 litteris
1022 2850 1033 2868 ,
1081 2819 1152 2859 Pa-

34 2878 214 2924 trumque
242 2871 441 2911 traditione
468 2880 710 2921 contentam,
753 2873 794 2911 in
824 2871 895 2912 hac
923 2874 1153 2913 dissertatio-

37 2935 86 2962 ne
113 2937 346 2978 sequemur.

87 3265 136 3298 (a)
166 3258 217 3291 De
257 3259 394 3293 nomine
418 3262 460 3296 E’
476 3269 508 3309 ¹¹9
533 3262 631 3310 Vigil
647 3285 658 3305 ‚
693 3264 838 3308 Angelis
865 3266 1000 3299 tributo
1040 3261 1118 3299 vide
1138 3288 1150 3307 ,

39 3317 114 3349 quse
140 3303 274 3338 erudite
301 3308 477 3349 praemissa
504 3319 585 3344 sunt
611 3311 763 3344 versioni
783 3309 1063 3345 'rheodotionaeae
1079 3313 1150 3346 Da-

44 3351 142 3385 nielis
168 3350 357 3396 prophetia!
384 3352 439 3386 De
466 3359 589 3396 titulo,
622 3370 682 3401 quo
708 3356 874 3394 Danielis
900 3364 1012 3395 versio
1039 3358 1150 3394 Theo-

153 3395 392 3452 Gazwniga.
417 3398 546 3442 Theoi.
567 3402 689 3443 Tomo
708 3403 779 3444 IV.

1548 1534 1901 1578 CAPUT
1984 1542 2015 1580 Ι.

1361 1638 1426 1678 De
1455 1640 1705 1693 Angelorum
1733 1647 1898 1684 nomine
1915 1674 1926 1694 ,
1954 1647 2004 1687 ζ’]-
2033 1656 2202 1687 natura,

1284 1726 1460 1800 Angeli
1487 1761 1626 1788 nomen
1653 1764 1827 1802 graecum
1856 1760 1937 1801 est,
1982 1751 2016 1790 8<
2047 1756 2201 1808 proprie
2230 1762 2343 1811 sigm—

1227 1801 1317 1841 ficat
1338 1805 1550 1851 nuncium,
1580 1817 1602 1841 a
1632 1816 1722 1844 voce
1752 1805 1912 1856 ἄγγελος
1941 1820 2030 1859 quae
2059 1808 2162 1848 idem
2193 1822 2267 1861 est,
2296 1830 2341 1853 ac

1225 1860 1366 1894 mitto·
1397 1855 1589 1895 Hebraice
1617 1869 1745 1898 autem
1769 1858 1906 1911 Angeli
1935 1861 2028 1900 dicti
2042 1873 2129 1901 sunt
2159 1870 2341 1911 &2⁸70

1225 1908 1451 1950 Melaclzim
1479 1924 1502 1948 a
1532 1924 1623 1950 voce
1653 1909 1819 1958 ΠΒΝἫΩ
1850 1911 2072 1963 ΙΠείαεῙῑα,
2121 1931 2208 1969 quae
2241 1920 2342 1959 idem

1223 1974 1303 2014 est,
1333 1978 1378 2002 ac
1407 1967 1703 2004 ministerium.
1748 1965 1950 2019 Angelus,
1988 1971 2113 2022 inquit
2140 1970 2182 2009 S.
2213 1974 2340 2025 Augu-

1222 2020 1342 2058 stinus
1390 2021 1405 2069 (
1436 2018 1614 2057 Serm.1.
1656 2019 1698 2058 in
1727 2017 1869 2059 Psalm.
1897 2022 1999 2061 CIII.
2041 2037 2082 2062 n.
2110 2025 2169 2062 15.
2213 2023 2339 2064 Tomo

1226 2072 1294 2111 lV.
1326 2073 1370 2121 )‚
1399 2071 1520 2120 officii
1550 2085 1699 2111 nomen
1726 2082 1786 2111 est
1803 2104 1813 2121 ,
1842 2088 1924 2113 non
1953 2085 2137 2116 naturae.
2184 2077 2341 2130 Quaeris

1226 2139 1373 2165 nomen
1403 2125 1519 2178 liujus
1547 2136 1735 2176 naturae,
1765 2125 1933 2177 Spiritus
1961 2140 2047 2168 est:
2083 2136 2230 2182 quaeris
2257 2133 2343 2182 offi-

1223 2184 1330 2218 cium
1349 2210 1360 2228 ,
1402 2180 1579 2229 Angelus
1607 2190 1687 2219 est.
1745 2179 1844 2220 Hinc
1873 2196 1991 2222 sacrae
2036 2182 2172 2223 litterae
2203 2201 2343 2226 nomen

1222 2233 1363 2286 Angeli
1393 2235 1507 2272 etiam
1535 2235 1582 2272 iis
1612 2233 1834 2273 hominibus
1854 2236 2024 2276 tribuere
2043 2251 2342 2289 consueverunt,

1222 2289 1290 2341 qui
1321 2287 1395 2327 Dei
1424 2288 1605 2326 mandata
1633 2289 1902 2329 annunciant.
1958 2291 2023 2330 Sic
2052 2289 2262 2333 Malachiae
2292 2295 2345 2334 11.

1223 2356 1262 2391 7.
1291 2356 1430 2381 nomen
1453 2341 1590 2394 Angeli
1619 2341 1805 2382 tribuitur
1824 2342 2119 2394 Sacerdotibus3
2148 2347 2183 2384 ἃ
2203 2348 2343 2387 Matth-

1221 2395 1291 2434 Xl.
1322 2396 1363 2434 S.
1393 2395 1530 2434 Joanni
1561 2396 1741 2448 Baptistae
1771 2397 2001 2451 adaptantur
2031 2414 2076 2438 ea
2105 2401 2224 2441 verba
2253 2401 2342 2441 Ma·-

1220 2449 1324 2488 lach.
1343 2451 1409 2488 111.
1446 2463 1478 2488 ι.
1510 2448 1619 2488 Ecce
1638 2463 1711 2503 ego
1740 2455 1854 2489 mitto
1875 2453 2075 2507 Angelum
2096 2468 2231 2494 meum
2252 2456 2340 2497 &a

1276 2516 1313 2542 2.
1343 2504 1638 2542 Observandum
1668 2505 1825 2557 insuper
1853 2516 1931 2556 est,
1977 2507 2135 2559 Angelis
2173 2510 2342 2562 quando-

1249 2570 1294 2593 ne
1325 2558 1364 2594 in
1394 2558 1508 2594 sacris
1538 2557 1674 2594 litteris
1703 2557 1821 2595 tribui
1852 2572 1989 2598 nomen
2019 2561 2179 2599 Elohim
2198 2591 2208 2607 ,
2238 2562 2342 2613 quod

1219 2570 1330 2645 lJeos
1359 2608 1577 2659 significat,
1628 2609 1727 2644 unde
1758 2608 1857 2645 illud
1886 2614 2029 2663 saepins
2068 2614 2270 2663 repetitum
2300 2616 2343 2654 iu

1222 2659 1379 2698 Psalmis
1408 2658 1519 2697 Deus
1550 2658 1759 2708 Deorum,
1790 2669 1880 2698 teste
1899 2659 1940 2701 S.
1964 2663 2178 2716 Augustino
2206 2670 2221 2717 (
2250 2666 2343 2705 Lib.

1223 2713 1293 2751 lx.
1323 2712 1372 2751 de
1404 2711 1513 2751 Civit.
1543 2712 1623 2752 Dei
1649 2727 1737 2766 cap.
1768 2723 1958 2766 postremo
1988 2716 2112 2755 Tomo
2139 2716 2227 2757 Vll.
2259 2719 2273 2767 )
2305 2736 2342 2758 e-

1222 2767 1314 2805 tiam
1346 2766 1392 2804 de
1422 2765 1578 2818 Angelis
1621 2776 1741 2820 potest
1771 2768 1893 2806 intelli
1923 2771 1961 2817 i,
2008 2773 2189 2821 quamvis
2217 2771 2342 2811 homi-

1222 2833 1294 2858 nes
1323 2833 1473 2871 quoque
1502 2825 1543 2858 in
1571 2821 1711 2872 populo
1726 2819 1802 2858 Dei
1832 2784 1978 2861 euclem
2008 2823 2213 2876 Scriptura
2230 2825 2338 2867 Deos

1222 2875 1400 2925 appellnt
1431 2874 1525 2926 (α).

1279 2928 1316 2966 3.
1347 2927 1512 2967 Definiri
1556 2937 1681 2965 autem
1724 2936 1844 2980 potest
1872 2928 2040 2982 Angelus
2082 2946 2172 2972 cum
2213 2944 2339 2973 sancto

1223 2981 1334 3020 Joan.
1378 2981 1615 3019 Damascene
1658 2979 1748 3019 Lib.
1777 2982 1825 3020 ll.
1869 2981 1919 3021 de
1960 2983 2057 3023 Fide
2102 2985 2338 3027 orthodoxa

1221 3048 1307 3088 cap.
1331 3035 1368 3075 5.
1412 3031 1644 3072 Substantia
1671 3035 1900 3088 intelligens
1917 3067 1928 3086 ,
1967 3052 2125 3090 semper
2155 3040 2306 3080 mobilis
2326 3073 2338 3091 ,

1221 3088 1330 3128 liberi
1359 3087 1538 3135 arbitrii,
1567 3091 1739 3139 corporis
1758 3102 1904 3141 expers
1921 3121 1931 3140 ,
1961 3090 2051 3131 Deo
2079 3099 2337 3145 ministrans,

2206 3163 2279 3186 lm-

1217 3268 1383 3301 ‹lotionaea
1407 3274 1631 3308 praenotatnr.
1677 3264 1716 3302 ln
1738 3266 1891 3303 Daniele
1919 3270 2098 3305 secundum
2124 3269 2229 3305 LXX.
2259 3279 2329 3305 :fc-

1219 3314 1339 3349 Romae
1368 3322 1470 3357 ¹772·
1496 3313 1531 3348 in
1557 3314 1617 3349 sol.

1706 3417 1718 3442 1
