2583 3685
767 175 849 221 DE
883 173 1143 221 HAERESI
1174 173 1604 222 NESTORIANA.

38 259 293 308 „nnuman
318 254 538 310 scripsisse,
565 255 709 296 veritus
736 270 786 296 ne
816 257 929 297 malis
955 257 1100 296 artibus
1121 257 1154 294 i-

38 331 155 374 psum
193 314 414 365 deciperet,
461 311 509 350 ad
540 312 720 351 eumdem
752 311 967 350 Romanum
998 309 1152 349 Pontifi-

38 384 127 412 cem
153 369 294 407 litteras
321 366 519 418 obsequii,
562 365 597 402 δε
626 367 847 404 reverentia:
877 365 1036 418 plenas,
1084 375 1152 416 per

40 420 301 466 Pes-idonium
329 418 547 458 Diaconum
589 420 720 469 misit,
768 421 808 458 in
844 417 987 472 quibus
1026 419 1154 469 primo

38 481 225 519 nemorat
255 481 440 512 ‘veterum
468 471 750 511 Ecclesiarum
792 470 1116 512 consuetudinem
1138 499 1151 519 ,

35 526 365 584 qnae‘suadebat,
413 535 454 565 ut
482 525 705 578 hujusmodi
742 540 801 566 res
828 523 1027 564 Sanctitati
1069 536 1149 562 suae

33 583 410 622 communicaretur.
440 580 590 620 Deinde
620 579 704 619 haec
732 580 835 619 addit
855 586 981 617 notatu
1010 578 1151 628 dignis-

34 637 161 676 nima:
202 632 298 674 Non
324 639 434 685 prius
460 643 597 673 autem
627 634 729 672 illius
757 635 773 684 (
803 631 965 671 Nestorii
997 632 1012 680 )
1041 643 1152 669 com-

36 692 274 728 munionem
302 688 444 739 palam
460 718 471 737 ,
500 696 714 739 aperteque
741 684 959 724 deserimus
975 713 987 733 ‚
1029 697 1153 734 quum

34 741 126 781 hoec
155 747 244 793 ipsa
258 741 405 781 Pietati
433 750 514 780 tuoe
533 740 827 780 indicaremus.
855 736 1047 791 Digneris
1065 751 1154 788 pro-

35 796 132 835 inde
160 795 254 848 quid
280 795 344 834 hic
371 799 550 844 sentias,
591 791 858 844 perscribere,
904 804 979 843 quo
1009 790 1153 842 liquido

35 849 150 888 nobis
179 858 359 898 constet,
388 851 689 888 communicare
716 858 769 884 ne
797 858 872 884 nos
900 857 994 882 cum
1022 845 1088 883 illo
1108 858 1151 882 o-

37 912 216 955 porteat,
245 916 304 941 an
331 914 422 942 vero
448 901 566 940 libere
579 899 707 938 eidem
727 898 992 947 denuntiare,
1021 902 1151 937 nemi-

35 969 134 995 nem
162 968 256 995 cum
284 969 332 994 eo
358 957 658 994 communicare
675 983 686 1002 ,
722 957 788 1004 qui
817 951 1015 1006 ejusmodi
1043 965 1149 991 erro-

34 1022 163 1049 neum
192 1008 418 1049 doctrinam
435 1006 577 1060 fovet,
607 1019 659 1045 ac
678 1007 897 1058 praedicat.
927 1005 1050 1044 Porro
1069 1015 1150 1044 [αα.-

33 1062 285 1117 Integritatis
313 1073 428 1099 mens
442 1090 453 1110 ,
481 1061 532 1102 <9¹
552 1073 670 1113 super
687 1060 764 1098 hac
779 1073 823 1099 re
837 1063 1038 1098 sententia
1057 1063 1149 1109 piis-

31 1120 149 1156 simis
163 1144 176 1165 ,
203 1115 368 1167 Deoque
386 1113 646 1153 devotissimis
663 1145 674 1163 ,
704 1112 966 1152 Macedoniae
982 1112 1022 1151 E
1023 1117 1149 1165 pIsco·

29 1173 116 1223 pis,
143 1180 219 1207 nec
234 1181 328 1207 -rton
346 1172 463 1207 totius
481 1167 657 1207 Orientis
672 1166 919 1205 Antistitibus
946 1171 1150 1218 perspicue

26 1234 104 1275 per
129 1222 285 1262 litteras
312 1226 460 1273 exponi
489 1220 625 1260 debet.
672 1219 768 1259 Non
797 1219 1036 1271 cupientibus
1073 1221 1149 1259 illis

30 1288 186 1315 ansam
217 1274 427 1324 dabimus,
470 1283 511 1313 ut
539 1287 681 1313 omnes
709 1287 788 1312 uno
816 1279 958 1313 animo
993 1279 1035 1313 in
1062 1287 1148 1313 una

30 1333 237 1369 sententia
264 1332 509 1381 persistam,
545 1337 744 1380 rectaeque
761 1327 894 1381 fidei,
937 1341 1028 1381 quae
1051 1330 1147 1381 jam

29 1386 322 1435 impugnatur,
350 1394 465 1432 opem
481 1380 654 1434 jerunt.
684 1383 737 1420 lta
767 1382 939 1434 Cyrillus
967 1383 1148 1420 secundae

30 1435 303 1475 Patriarchalio
328 1434 438 1474 Sedis
468 1437 658 1483 Antistes,
687 1448 780 1483 suo,
824 1435 1067 1489 aliorumque
1096 1436 1148 1474 O·

31 1488 258 1528 rientalium
287 1487 566 1541 Episcoporum
595 1491 751 1527 nomine
772 1488 934 1527 Romani
956 1489 1149 1529 Pontificis

31 1541 74 1580 in
104 1542 282 1580 universa
311 1540 486 1580 Ecclesia
514 1543 726 1594 primatum
743 1571 754 1591 ,
785 1542 819 1579 ἃ
848 1543 977 1583 verbis
995 1573 1006 1593 ,
1037 1544 1070 1581 8<
1093 1544 1149 1582 fa-

31 1596 105 1634 etis
134 1594 387 1633 venerabatur
403 1620 415 1633 .

89 1661 129 1700 7.
157 1648 199 1687 S.
227 1647 480 1697 Caelestinus,
509 1649 648 1702 negotii
679 1648 903 1701 gravitatem
924 1649 1044 1702 probe
1063 1662 1150 1702 per-

29 1702 229 1755 pendens,
257 1701 459 1755 Synodum
489 1700 624 1742 Romae
653 1701 789 1742 habuit
818 1716 919 1741 anno
949 1703 1043 1750 430.
1061 1733 1072 1751 ,
1110 1704 1152 1741 in

31 1769 112 1807 qua
141 1769 182 1794 re
209 1754 442 1808 diligenter,
471 1765 512 1794 ut
541 1770 612 1809 par
640 1765 746 1805 erat,
789 1757 1007 1795 examinata
1026 1786 1036 1805 ,
1067 1769 1152 1794 sen-

31 1810 193 1847 tentiam
222 1810 654 1859 excommunicationis,
685 1809 719 1845 &
747 1810 994 1863 depositionis
1022 1819 1153 1848 contra

30 1860 252 1903 Nestorium
282 1862 399 1910 tulit,
436 1863 511 1900 nisi
540 1864 640 1901 intra
668 1863 866 1902 decimum
894 1863 944 1901 ab
975 1863 1150 1902 admoni-

31 1916 138 1954 tione
166 1916 270 1954 diem
299 1927 443 1953 errores
470 1929 555 1956 suos
582 1925 726 1968 aperta
743 1947 754 1966 ,
797 1916 848 1958 (9-
876 1920 1027 1968 scripta
1055 1929 1150 1955 con-

19 1967 211 2020 sessione
228 1969 453 2015 damnaret3
481 1970 633 2023 Cyrillo
653 1972 808 2023 insuper
826 1970 962 2022 jussit,
995 1978 1033 2008 ut
1054 1979 1150 2008 tam-

30 2035 153 2075 quam
183 2021 411 2075 Apostolicae
439 2021 549 2062 Sedis
575 2024 739 2077 Legatus
755 2054 766 2073 ‚
789 2025 1028 2063 sententiam
1057 2036 1150 2063 con-

34 2083 98 2114 tra
124 2075 344 2114 Nestorium
374 2078 586 2116 executioni
615 2077 789 2116 mandari
818 2087 970 2117 curaret
987 2108 998 2126 ,
1036 2086 1151 2131 atque

30 2127 221 2167 Ecclesia
234 2129 661 2183 Constantinopolitanae
690 2131 928 2184 provideret.
961 2129 1060 2170 Aliae
1090 2133 1152 2169 in-

30 2194 150 2235 super
177 2182 313 2221 litterae
341 2198 364 2222 a
380 2182 586 2231 Caelestino
606 2186 730 2223 missae
745 2185 894 2225 suntad
910 2183 1127 2223 Nestorium
1140 2213 1152 2231 ,

31 2243 76 2273 ut
103 2249 248 2275 errores
275 2237 506 2290 deponeret;
545 2239 593 2277 ad
620 2238 780 2278 Clerum
808 2237 1152 2289 Constantinopoli-

31 2296 168 2328 tanum
186 2319 198 2338 ,
226 2298 268 2328 ut
295 2300 468 2330 constans
496 2293 537 2329 in
565 2292 772 2330 orthodoxa
793 2291 870 2328 fide
891 2298 1153 2342 permaneret.

31 2341 172 2382 Joauni
202 2352 390 2393 praeterea
418 2343 678 2394 Antiocheno,
708 2342 809 2381 Rufo
838 2342 1152 2381 Thessalonicen-

34 2395 67 2434 εἰ
86 2423 98 2443 ,
125 2393 303 2433 Juvenali
319 2394 640 2448 Jerosolymitano
655 2426 666 2444 ,
696 2396 860 2448 aliisque
878 2396 1067 2448 majorum
1084 2395 1153 2435 Se-

32 2447 145 2485 dium
175 2448 214 2486 in
228 2447 382 2486 Oriente
398 2447 598 2500 Episcopis
618 2450 803 2501 scriptum
832 2449 882 2488 ab
903 2450 1035 2488 eodem
1055 2449 1152 2500 fuit,

31 2509 75 2539 ut
103 2514 260 2539 causam
289 2500 400 2539 Fidei
430 2510 579 2540 strenue
607 2501 864 2553 adjuvarent.

87 2552 129 2593 8.
158 2552 274 2593 Porro
292 2552 464 2607 Cyrillus
487 2553 598 2593 Rom.
619 2555 814 2595 Pontificis
841 2555 1064 2595 auctoritate
1084 2555 1150 2594 fir-

35 2615 164 2646 matus
189 2607 390 2661 Synodnm
420 2606 555 2647 habuit
584 2608 866 2662 Episcoporum
896 2611 955 2649 sui
986 2608 1151 2648 Patriar-

2 2686 3 2692 κ
36 2660 172 2700 chatus
201 2663 334 2701 eodem
363 2662 445 2714 ipso
486 2676 588 2701 anno
617 2663 740 2710 43o.;
788 2665 886 2703 unde
914 2664 1152 2717 Synodicam

6 2786 7 2790 ,
56 2777 61 2779 -
85 2758 135 2795 (a)
161 2753 300 2788 Natalis
324 2752 524 2789 Alexander
559 2755 595 2788 in
623 2755 708 2788 Saec.
733 2755 780 2789 V.
816 2755 916 2790 Hist.
941 2755 1042 2790 Eccl.
1079 2768 1156 2802 cap.

34 2799 71 2832 3.
94 2809 162 2834 art.
192 2813 246 2835 η.
272 2804 304 2844 §.
330 2801 365 2844 4.
404 2802 559 2845 apposite
586 2801 799 2837 Calvinistas
838 2803 991 2844 invitat,
1033 2812 1072 2838 ut
1111 2803 1154 2838 ad

39 2845 132 2881 hano
155 2846 368 2894 Synodicam
387 2849 424 2885 S.
442 2848 574 2893 cyrilli
593 2850 777 2894 epistolam
797 2849 1004 2891 attendant,
1031 2850 1066 2883 in
1086 2862 1154 2895 qna

39 2896 235 2937 presentie
260 2895 366 2929 realis
391 2895 549 2941 corporis
575 2895 709 2930 Christi
738 2897 773 2930 in
798 2897 1006 2931 Eucaristiae
1033 2898 1158 2931 Sacra—

12 2963 13 2966 *
41 2947 164 2973 ruente
186 2939 250 2974 hoc
275 2942 488 2986 praeclarum
513 2940 674 2976 redditur
698 2944 963 2977 testimonium:
995 2942 1089 2990 Quin
1115 2950 1157 2977 (7·

13 2997 16 3004 >
45 2984 138 3018 ulad
159 2997 225 3018 non
248 2998 407 3030 possum,
433 2989 547 3034 inquit
574 2989 608 3022 S.
634 2990 792 3024 Antistes
817 3002 886 3023 una
905 3002 984 3024 cum
1005 3000 1076 3024 tota
1091 2992 1112 3023 S
1141 3008 1157 3016 -

44 3028 161 3068 nodo,
187 3031 252 3064 hoc
275 3035 351 3066 Ioco
376 3047 442 3068 non
464 3036 623 3082 adjicere
638 3058 649 3077 ,
673 3050 789 3081 nempe
806 3034 1080 3082 ‹lumUnigeniti
1093 3002 1155 3071 Fi*-

17 3095 19 3103 ·
42 3079 117 3118 lii,
159 3076 226 3110 hoe
247 3087 299 3111 ert
324 3078 410 3113 Jesu
435 3082 572 3116 Christi
598 3092 762 3125 mortem,
805 3088 847 3118 (θ’
873 3089 1158 3120 resurrectionem

20 3134 87 3173 ¹ex
112 3127 256 3156 mortuis
279 3131 538 3168 annuntiaturus,
576 3130 792 3177 ejusdemque
818 3135 855 3164 in
880 3133 1000 3165 coelum
1026 3145 1157 3165 assum-

20 3174 190 3214 ¹ptionem
228 3171 456 3214 confitemur,
498 3178 710 3210 incruentum
742 3181 778 3211 in
806 3176 976 3212 Ecclesia
1003 3178 1157 3221 Sacris·

37 3220 129 3251 cium
154 3229 216 3250 nos
242 3218 440 3258 celebrare,
463 3228 560 3264 atque
585 3227 759 3266 rnrsticas
779 3225 1039 3259 benedictiones
1057 3237 1158 3258 acce-

25 3263 148 3306 dere,
174 3276 279 3304 eoque
305 3268 438 3298 ratione
464 3267 681 3309 sanctificari
694 3289 705 3308 ‚
729 3278 844 3314 utpote
871 3284 975 3306 sacr-e
1000 3272 1131 3305 Carnis
1147 3295 1159 3314 ‚

27 3310 87 3352 ,θ’
107 3315 256 3356 pretiosi
284 3311 475 3354 Sanguinis
501 3312 637 3345 Christi
653 3334 664 3353 ,
690 3319 831 3350 omnium
855 3327 1007 3352 nostrum
1034 3318 1158 3352 Salva-

41 3358 130 3389 tor-ie
152 3360 343 3400 participes
369 3359 488 3399 effecti
509 3381 517 3390 .
561 3359 681 3402 Neque
720 3365 810 3394 em‘m
834 3366 933 3398 illam
967 3372 1001 3398 ut
1026 3377 1160 3398 carnem

30 3412 245 3440 ncommunem
270 3407 475 3450 suscipimus
490 3427 499 3437 .
525 3406 631 3441 Absit
656 3406 720 3441 hoc
736 3410 810 3442 &a
837 3408 911 3445 Hoc
937 3409 1085 3446 sortasse
1102 3422 1162 3446 or-

1220 255 1418 307 epistolam
1451 270 1526 295 una
1555 268 1644 293 cum
1674 254 1869 294 Caelestini
1898 253 2091 294 Pontificis
2120 258 2336 308 mandatis,

1220 322 1264 347 ac
1294 308 1496 348 duodecim
1525 308 1848 347 anathematismis
1866 339 1876 358 ,
1907 309 2050 362 quibus
2070 309 2264 351 Nestorius
2283 311 2333 351 ad

1219 374 1305 401 suos
1334 375 1477 400 errores
1490 354 1586 402 ‘siue
1615 363 1921 414 tergiversatione
1965 362 2195 414 ejurandos,
2241 366 2333 405 sub·

1219 415 1389 454 scribere
1418 415 1628 467 jubebatur
1645 446 1655 465 ‚
1687 428 1754 466 per
1781 425 1944 468 quatuor
1972 413 2110 467 legatos
2131 415 2177 456 ad
2198 417 2334 457 Nesto-

1219 468 1323 506 rium
1354 471 1482 522 ipsum
1513 471 1616 510 misit
1646 470 1738 521 (a).
1767 469 1926 521 Scripsit
1955 471 2068 508 etiam
2097 470 2140 509 S.
2159 472 2335 525 Cyrillue

1219 519 1337 561 aliam
1355 519 1554 575 epistolam
1571 523 1617 561 ad
1631 522 1787 561 Clerum
1801 553 1810 571 ‚
1841 524 1873 559 ἃ
1893 523 2220 564 Archimandritas
2234 526 2335 567 Gon-

1219 575 1567 630 stantinopolitanos
1584 607 1595 626 ‚
1640 586 1680 615 nt
1709 589 1770 614 eos
1798 577 1842 614 de
1873 590 1911 614 re
1940 588 2012 616 tota
2041 579 2237 629 edoceret,
2279 589 2336 619 at-

1221 644 1297 683 que
1325 631 1373 669 ad
1402 631 1701 670 conservandam
1730 629 1976 669 orthodoxam
1997 633 2043 670 de
2063 631 2254 686 Mystcrio
2273 635 2334 674 ln-

1222 686 1456 722 carnationis
1487 684 1602 723 fidem
1633 684 1895 724 vehementius
1925 695 2100 736 urgeret.

1275 750 1315 790 9.
1345 737 1537 776 Nestorius
1566 740 1732 791 acceptis
1765 738 1927 777 Romani
1957 737 2149 780 Pontifici:
2167 771 2177 790 ‚
2220 749 2336 796 atque

1222 790 1413 840 Antistius
1443 791 1698 831 Alexandrini
1728 792 1864 830 litteris
1893 792 1932 830 iu
1962 793 2125 846 majores
2156 796 2275 835 furias
2295 811 2336 836 a·

1221 853 1330 893 ctus,
1361 845 1394 882 8(
1423 859 1499 884 non
1528 845 1652 884 solum
1682 858 1766 884 suos
1796 858 1937 884 errores
1967 849 2210 899 pertinaciter
2237 851 2336 890 tueri

1217 899 1414 952 perrexit,
1444 900 1506 937 sed
1536 899 1570 936 δι
1601 900 1846 951 imperatoris
1877 898 2022 950 levem,
2051 901 2086 938 &
2117 901 2274 942 facilem
2295 918 2337 942 a-

1219 953 1369 990 nimum
1399 967 1421 990 a
1449 952 1599 1006 Cyrillo
1627 962 1796 992 avertere
1814 983 1824 1001 ‚
1855 955 1969 992 variis
1998 965 2126 995 contra
2157 970 2246 996 eum
2276 959 2336 996 in-

1215 1008 1367 1044 tentatis
1395 1005 1604 1045 calumniis
1621 1038 1631 1056 ,
1660 1016 1816 1045 conatus
1845 1016 1925 1056 est,
1955 1021 2116 1061 suosque
2135 1009 2335 1061 Clericos,

1215 1060 1388 1098 maxime
1417 1069 1547 1099 autem
1579 1060 1935 1109 Archimandritas‚
1973 1061 2007 1098 ἃ
2038 1063 2247 1103 Monachos
2273 1078 2337 1103 or-

1216 1111 1390 1151 thodoxoe
1420 1114 1511 1152 fidei
1543 1123 1752 1152 constanter
1793 1114 2054 1164 adhaerentes,
2099 1117 2340 1158 multimodi·

1216 1166 1357 1206 afflixit
1373 1193 1385 1206 .
1416 1167 1753 1206 Anathematismis
1782 1178 1909 1208 autem
1930 1169 2072 1222 Cyrilli
2093 1171 2251 1209 totidem
2269 1185 2338 1225 op-

1217 1222 1341 1274 posuit
1370 1220 1704 1260 anathematismos
1734 1235 1908 1261 ertorum
1926 1254 1937 1272 ,
1981 1232 2097 1275 atque
2128 1225 2338 1278 impietati·

1245 1274 1374 1321 lenos;
1404 1287 1499 1327 quos
1529 1276 1645 1313 etiam
1673 1290 1695 1313 a
1715 1274 1858 1314 Joanne
1877 1277 2139 1326 Antiocheae,
2171 1278 2338 1318 nonnul-

1216 1289 1340 1382 lisque
1369 1328 1498 1381 Syriae
1527 1328 1730 1382 Episcopis
1761 1329 1916 1381 probari
1945 1331 2122 1370 curavit.
2159 1329 2242 1370 Nec
2271 1333 2338 1371 de-

1217 1391 1352 1431 erant,
1381 1391 1459 1420 tam
1492 1384 1529 1421 in
1559 1384 1663 1435 regia
1693 1381 1824 1430 Urbe,
1853 1397 1972 1436 quam
1994 1386 2034 1424 in
2050 1383 2182 1424 multis
2198 1385 2337 1426 Orien-

1216 1437 1262 1474 tis
1292 1437 1530 1488 provinciis‚
1605 1437 1642 1474 ui
1672 1435 1721 1474 ab
1753 1436 2020 1476 Haeresiarcha
2049 1438 2226 1491 decepti,
2275 1440 2338 1479 vel

1218 1489 1302 1541 ejus
1333 1488 1497 1538 haeresi,
1542 1451 1604 1528 vgl
1633 1489 1766 1528 saltem
1796 1490 1878 1541 ejus
1912 1505 2083 1544 personas
2112 1502 2241 1544 aperte
2271 1508 2338 1545 pa-

1217 1544 1521 1581 trocinarentur.
1549 1543 1743 1592 Quocirca
1771 1544 1819 1582 ad
1851 1543 2034 1584 Ecclesiae
2066 1560 2202 1598 pacem
2233 1549 2339 1586 resti-

1218 1597 1430 1645 tuendam,
1460 1595 1494 1632 &
1523 1597 1569 1634 ad
1600 1599 1802 1649 puritatem
1835 1597 1926 1637 fidei
1956 1601 2281 1650 conservandam,
2313 1615 2336 1641 o

1219 1662 1261 1687 re
1290 1649 1415 1687 visum
1445 1658 1497 1687 est
1512 1649 1714 1701 Synodum
1736 1653 2018 1698 mcumenicam
2046 1666 2296 1706 congregare.

1280 1715 1342 1740 ιο.
1372 1701 1471 1740 Eam
1500 1701 1705 1754 postulavit
1734 1704 1784 1741 ab
1805 1704 2038 1756 Imperatore
2070 1720 2147 1744 una
2175 1721 2266 1745 cum
2296 1722 2338 1747 a-

1221 1755 1284 1794 liis
1305 1755 1498 1794 Nestorius
1527 1756 1634 1808 ipse,
1664 1765 1706 1794 ut
1734 1755 1869 1794 scribit
1886 1757 2077 1810 Evagrius
2090 1759 2180 1797 Lib.
2199 1760 2229 1798 Ι.
2251 1774 2340 1813 cap.

1222 1810 1288 1857 3.,
1332 1821 1498 1862 quorum
1529 1810 1624 1847 votis
1653 1811 1848 1862 piissimus
1879 1810 2071 1864 Augustus
2100 1815 2260 1862 annuit,
2305 1815 2339 1853 8:

1221 1863 1365 1914 Ephesi
1396 1875 1467 1914 pro
1494 1862 1557 1901 die
1586 1861 1818 1902 Pentecostes
1847 1865 1938 1903 anni
1969 1865 2063 1911 43¹.
2094 1868 2234 1908 indicta
2262 1877 2340 1908 est.

1220 1916 1269 1955 Ei
1300 1917 1457 1968 praefuit
1487 1917 1567 1970 ipse
1594 1915 1794 1970 Cyrillus,
1839 1916 1900 1956 vel
1929 1933 2009 1957 suae
2040 1920 2148 1959 Sedis
2193 1936 2340 1974 praero-

1218 1971 1347 2022 gativa
1366 2000 1377 2018 ,
1414 1970 1505 2020 vel,
1548 1979 1590 2009 ut
1619 1970 1687 2010 alii
1717 1971 1978 2021 arbitrantur,
2022 1975 2178 2012 nomine
2206 1975 2340 2015 Sancti

1221 2024 1448 2073 Caelestini,
1496 2024 1609 2077 cujus
1639 2026 1678 2064 in
1708 2025 1779 2063 hac
1807 2038 1922 2063 causa
1963 2026 2043 2077 jam
2074 2037 2182 2067 antea
2214 2029 2339 2069 fuerat

1221 2079 1412 2130 laegatus,
1440 2078 1561 2117 donec
1590 2079 1805 2126 Arcadius,
1836 2078 1871 2115 Bt
1901 2078 2096 2131 Projectus
2123 2081 2338 2135 Episcopi,

1221 2146 1300 2171 una
1327 2145 1417 2169 cum
1447 2130 1630 2184 Philippo
1658 2130 1909 2183 Presbytero,
1939 2147 2034 2186 quos
2064 2135 2166 2174 idem
2187 2135 2228 2174 S.
2249 2137 2338 2176 Coe-

1221 2185 1378 2223 lestiuus
1401 2184 1521 2223 Roma
1549 2184 1821 2235 ablegaverat,
1853 2184 2050 2238 Ephesum
2071 2191 2338 2240 pervenirent,

1221 2238 1255 2274 &
1285 2238 1400 2276 simul
1431 2251 1521 2275 cum
1550 2237 1592 2276 S.
1620 2238 1770 2290 Cyrillo
1790 2238 1948 2291 Synodo
1977 2243 2247 2294 praesiderent.
2278 2245 2339 2282 Iu-

1221 2299 1325 2329 terea
1354 2300 1480 2329 tamen
1509 2304 1599 2329 cum
1628 2291 1669 2330 S.
1689 2291 1863 2344 Cyrillus
1881 2291 2096 2334 Romanum
2113 2296 2340 2338 Pontificem

1221 2345 1428 2384 sciscitatus
1449 2344 1601 2394 fuisset,
1632 2358 1689 2383 an
1705 2351 1799 2397 quia.
1827 2347 2083 2387 induciarum
2113 2359 2268 2402 tempus
2296 2366 2339 2390 e-

1219 2412 1406 2437 mensum
1434 2407 1547 2448 erat,
1576 2404 1776 2439 sententia
1799 2403 1814 2453 (
1836 2410 1966 2440 contra
1983 2403 2199 2443 Nestorium
2223 2406 2237 2455 )
2268 2405 2339 2443 du-

1220 2452 1317 2490 dum
1348 2453 1436 2491 lata
1465 2451 1728 2505 perduraret,
1763 2453 1993 2495 Coelestinus
2021 2460 2244 2497 sententiam
2274 2472 2336 2498 su-

1220 2507 1411 2559 spendisse
1431 2507 1596 2546 creditur
1613 2537 1625 2556 ,
1654 2509 1715 2560 cuj
1725 2522 1766 2546 us
1787 2517 1989 2562 propterea
2009 2511 2256 2550 clementiam
2278 2525 2325 2549 er·

1219 2574 1266 2612 ga
1295 2559 1630 2608 Haeresiarcham,
1661 2570 1702 2598 ut
1732 2564 1989 2614 resipisceret,
2019 2564 2150 2617 Legati
2181 2564 2337 2602 Pontifi-

1219 2614 1269 2652 cii
1302 2614 1340 2650 in
1369 2612 1524 2657 Swiodo
1552 2621 1804 2664 exposuerunt
1833 2614 1892 2665 (b)
1911 2642 1922 2652 .

1279 2679 1338 2704 ιι.
1369 2658 1515 2705 Statuta
1544 2665 1778 2705 Pentecostes
1806 2667 1867 2704 die
1887 2667 1928 2706 S.
1948 2667 2122 2722 Cyrillus
2151 2682 2239 2707 curn
2263 2669 2328 2709 50.

1224 2767 1300 2792 tum
1325 2768 1376 2791 est
1402 2755 1487 2790 illud
1511 2756 1632 2791 odium
1646 2779 1657 2798 ‚
1681 2770 1752 2803 quo
1767 2760 1924 2804 plerique
1942 2762 2060 2795 eorum
2081 2761 2243 2797 feruntur
2260 2774 2337 2798 con·

1224 2815 1279 2838 tra
1305 2806 1339 2838 S.
1367 2805 1572 2849 Cyrilhun,
1615 2805 1799 2850 ipsumque
1823 2807 2015 2852 praecipitis
2045 2808 2169 2853 judicii
2187 2830 2199 2851 ,
2236 2809 2334 2850 odii,

1223 2860 1328 2897 atque
1356 2851 1542 2897 injustitia!
1577 2851 1612 2884 in
1639 2851 1849 2887 Nestoriana
1891 2865 1997 2886 causa
2022 2855 2226 2890 insimulare
2267 2868 2335 2890 non

1224 2907 1416 2939 verentur,
1441 2907 1480 2932 ut
1505 2898 1597 2931 infra
1623 2897 1843 2933 videbimus.
1869 2901 1957 2933 Sane
1971 2900 2066 2935 Elias
2080 2903 2248 2937 Saurinus
2264 2905 2335 2938 Mi-

1224 2946 1336 2979 nister
1361 2945 1559 2979 Calvinista
1583 2943 1906 2979 Rotterodamensis
1931 2958 2116 2983 accusatus
2154 2961 2173 2983 a
2199 2961 2262 2984 suo
2285 2962 2335 2984 αε-

1223 2993 1322 3026 mulo
1346 2991 1446 3025 Petro
1469 2992 1602 3025 Juriaeo
1628 2991 1722 3025 inter
1746 2992 1837 3032 alia,
1871 2992 1965 3037 quod
1989 2994 2191 3030 Nestorium
2215 2997 2334 3031 ortho-

1224 3040 1348 3074 doxum
1386 3038 1625 3071 ronunciasset
1639 3058 1650 3078 ‚
1677 3038 1724 3071 ita
1744 3039 1778 3071 in
1798 3040 1972 3085 Apologia
1988 3053 2024 3075 se
2037 3040 2215 3083 defendit,
2240 3042 2333 3090 quod

1223 3084 1294 3118 duo
1319 3085 1352 3117 in
1380 3096 1397 3117 e
1435 3093 1554 3118 contra
1580 3084 1774 3118 Ecclesiam
1803 3086 1999 3120 Romanam
2030 3099 2095 3133 pro
2120 3091 2332 3125 Reformatis

1225 3131 1460 3164 emolumenta
1478 3130 1704 3164 obvenirent:
1734 3132 1872 3175 primo,
1895 3132 1990 3178 quod
2000 3135 2128 3180 Cyn-illi
2143 3138 2335 3171 auctoritas

1226 3177 1306 3210 inde
1331 3177 1572 3216 minueretur,
1597 3177 1655 3221 qni
1677 3176 1909 3213 idololatriam
1927 3186 2075 3227 (nempe
2093 3182 2333 3218 adorationem

1226 3224 1378 3268 corporis
1405 3223 1536 3256 Christi
1564 3228 1576 3261 )
1611 3225 1807 3258 invexerit:
1850 3227 2001 3262 secundo
2025 3229 2116 3273 quod
2143 3232 2332 3265 auctoritas

1227 3269 1425 3303 infallibilis
1452 3269 1691 3303 Conciliorum
1716 3273 1930 3316 generalium
1954 3275 2062 3310 simul
2086 3289 2167 3311 cum
2192 3275 2332 3322 Synodo

1225 3316 1402 3362 Ephesina
1429 3324 1647 3350 everteretur
1660 3340 1668 3348 .

1274 3363 1322 3401 (b)
1351 3363 1502 3407 Legatur
1520 3361 1624 3396 card.
1640 3364 1855 3408 Augustinus
1869 3365 1951 3400 Orsi
1970 3363 2070 3402 initio
2082 3367 2178 3405 Libri
2192 3364 2328 3401 ΧΧῙΧ·

1228 3421 1298 3444 suae
1323 3408 1421 3445 Hist.
1448 3408 1575 3450 Ecca,
1600 3409 1659 3445 ubi
1684 3409 1862 3456 ostendit,
1885 3425 1943 3450 eos
1968 3415 2066 3457 faui,
2101 3414 2162 3459 qui
2187 3423 2333 3456 suspen-
