2583 3685
327 186 383 236 96
849 174 930 217 DE
963 175 1211 218 INCARN.
1243 173 1466 218 DISS.11.
1500 171 1746 217 SECT.11.
1781 175 1908 220 oAP.
1931 176 1964 220 Ι.

268 261 419 298 circiter
447 253 647 307 Episcopis
676 253 733 291 sui
765 253 1041 292 patriarchatus
1060 255 1266 307 Ephesinae
1296 256 1368 307 Sy·

265 314 363 351 nodo
391 310 539 348 adfuit.
571 308 709 345 Aderat
724 306 938 358 Ephesinus
969 309 1207 361 Episcopus,
1238 308 1270 344 8(
1293 310 1368 346 He·

265 365 405 404 xarcha
435 362 619 402 Memnon
652 375 740 400 cum
770 361 854 400 aliis
885 361 950 408 40.
981 362 1182 414 Episcopis
1212 362 1367 400 Asiana}

262 417 502 457 Provinciae.
549 413 667 452 Paulo
697 425 775 466 post
816 416 986 465 pervenit
1031 418 1143 454 etiam
1173 415 1369 454 Juvenalis

261 471 602 525 Jerosolyinitanus
639 482 728 505 cum
759 467 955 521 Episcopis
985 468 1180 507 Palestinae
1199 499 1209 517 ,
1254 470 1287 506 &
1317 469 1369 507 E-

261 527 407 579 piscopi
451 522 564 561 simul
595 523 806 574 congregati
849 531 956 560 erant
996 522 1145 561 circiter
1187 523 1369 563 (lucenti.

261 580 372 619 Solus
401 578 530 616 aberat
559 575 718 613 Joannes
750 575 1008 614 Antiochenus
1050 591 1138 614 cuni
1169 579 1244 614 suis
1274 578 1369 628 Epi-

261 633 384 684 scopis
412 629 697 677 Orientalibus,
727 631 806 667 sive
835 630 935 681 quod
965 643 1009 666 ex
1040 630 1225 667 industria
1246 644 1368 668 moras

260 694 451 732 necteret,
484 692 524 722 ut
550 682 721 722 Nestorio
751 683 876 719 amico
904 695 971 718 suo
1000 682 1296 732 gratificaretur,
1327 692 1367 721 ut

260 738 385 777 Patres
400 736 587 790 Ephesini
617 750 691 774 non
722 735 913 772 immerito
941 736 1121 785 suspicati
1151 745 1259 781 sunt3
1289 737 1369 773 sive

257 793 361 845 quod
390 800 586 842 expectare
615 789 754 827 debens
783 800 868 824 suos
896 787 1133 840 Episcopos,
1164 790 1367 841 citius-ve-

258 849 340 884 nire
369 858 443 883 non
475 843 662 896 potuerit,
695 849 732 879 ut
761 842 927 893 seipsum
957 843 1149 880 excusavit
1164 843 1202 880 in
1233 841 1367 880 litteris

254 900 303 938 ad
331 899 372 938 S.
401 895 593 951 Cyrillum
612 921 623 934 .

316 967 375 991 12.
408 953 551 990 Interea
587 959 712 988 tamen
755 947 880 987 adhuc
910 962 978 1001 per
1012 949 1072 987 15.
1115 949 1194 987 dies
1222 947 1368 1001 Synodi

255 1006 461 1046 celebratio
489 1003 606 1042 dilata
635 1012 713 1051 est,
761 1004 937 1054 quamvis
979 1001 1153 1040 nonnulli
1184 1003 1367 1053 Episcopi

255 1059 354 1099 hanc
384 1072 532 1097 moram
571 1058 811 1109 impatienter
842 1056 1007 1092 ferrent.
1056 1055 1130 1092 Sed
1160 1069 1249 1092 cuin
1292 1055 1367 1092 duo

254 1112 514 1165 Metropolitae
533 1141 543 1158 ,
573 1112 641 1163 qui
672 1112 712 1148 in
741 1109 922 1147 comitatu
951 1108 1105 1146 Joannis
1135 1117 1263 1156 erant,
1294 1110 1366 1146 sci-

253 1169 345 1206 licet
375 1165 589 1205 Alexander
620 1163 802 1215 Apameae
820 1193 830 1210 ,
873 1161 907 1199 &
937 1160 1151 1199 Alexander
1180 1161 1366 1213 Hierapo-

253 1221 332 1259 teos
361 1219 557 1271 Ephesum
602 1217 882 1269 pervenissent,
929 1215 963 1251 ἃ
992 1214 1107 1252 semel
1150 1216 1366 1267 iterumque

253 1276 374 1313 testati
404 1281 553 1320 essent,
595 1271 732 1309 Joanni
761 1270 924 1308 minime
955 1267 1105 1320 placere
1123 1297 1133 1316 ,
1183 1277 1222 1306 ut
1251 1281 1365 1306 causa

253 1329 372 1380 ipsius
399 1327 543 1365 diutius
571 1323 748 1377 Synodus
777 1331 1067 1374 prorogaretur,
1099 1321 1226 1374 prima
1256 1321 1365 1359 Actio

252 1381 397 1427 Synodi
428 1379 558 1417 habita
589 1386 641 1414 est
669 1377 731 1414 die
764 1390 827 1414 22.
857 1375 960 1413 Junii
992 1377 1031 1412 in
1062 1374 1206 1425 majore
1235 1374 1365 1427 Ephe—

251 1427 333 1472 si'na
350 1432 522 1472 Ecclesia
541 1461 551 1479 ,
581 1444 670 1484 quae
687 1429 853 1468 Sanctae
869 1428 1023 1466 Mariae
1039 1429 1260 1466 dicebatur.
1291 1428 1365 1467 Die

253 1496 380 1526 tamen
412 1485 639 1537 praecedenti
669 1485 783 1523 inissa
813 1484 934 1521 fuerat
963 1492 1125 1534 quatuor
1154 1482 1367 1534 Episcopo-

251 1555 337 1580 rum
368 1541 505 1591 legatio
533 1539 581 1576 ad
609 1538 855 1585 Nestorium,
898 1538 965 1589 qui
996 1537 1123 1588 ipsum
1168 1535 1214 1573 ad
1244 1535 1367 1588 Syno-

249 1595 344 1632 dum
373 1595 434 1632 die
463 1593 633 1646 sequenti
662 1589 913 1629 inchoandam
936 1591 1165 1628 invitarent.
1195 1588 1270 1626 Sed
1289 1588 1366 1626 Ne-

250 1649 405 1695 storius,
435 1661 474 1685 re
505 1661 595 1684 cum
626 1646 701 1683 suis
731 1644 942 1682 fautoribus
962 1643 1272 1688 communicata,
1302 1655 1365 1679 ve-

252 1703 335 1740 nire
367 1701 518 1747 renuit,
567 1700 687 1736 immo
715 1706 842 1734 contra
873 1696 1017 1747 Synodi
1048 1695 1247 1731 exordium
1277 1707 1364 1745 pro-

251 1762 401 1792 testatus
422 1763 501 1801 est,
529 1750 757 1790 contendens
775 1779 785 1797 ,
815 1748 995 1786 Joannem
1019 1746 1297 1785 Antiochenum
1320 1761 1362 1785 u-

249 1822 301 1847 na
330 1820 419 1845 cum
449 1805 535 1843 aliis
563 1803 794 1856 quibusdam
824 1801 1023 1853 Episcopis
1054 1815 1129 1838 esse
1160 1809 1359 1852 expectan-

251 1861 365 1899 dum.
396 1860 501 1898 Idem
532 1859 645 1895 etiam
676 1864 897 1907 protestatus
927 1864 978 1892 est
1005 1854 1140 1891 Comes
1160 1854 1362 1892 Candidia-

249 1928 318 1953 nus
336 1944 347 1962 ‚
376 1912 426 1951 ab
456 1913 624 1962 Augusto
645 1908 857 1947 Theodosio
885 1909 931 1945 ad
952 1907 1169 1946 Concilium
1199 1909 1334 1945 missus
1351 1938 1361 1955 ,

249 1976 289 2004 ut
318 1967 364 2004 de
393 1974 495 2003 recto
523 1964 657 2001 ordine
699 1961 885 2001 servando
919 1970 1094 2008 curaret,
1138 1961 1205 2013 qui
1236 1970 1362 1998 tamen

249 2020 423 2059 Nestorio
451 2019 622 2069 impense
652 2015 830 2062 favebat,
873 2028 1102 2067 omnemque
1131 2014 1244 2053 dabat
1272 2027 1362 2066 ope-

248 2088 354 2120 ram,
386 2081 428 2109 ut
457 2070 538 2121 ejus
567 2069 762 2107 damnatio
791 2068 1043 2118 impediretur
1072 2068 1159 2117 (a).

310 2128 370 2166 15.
399 2124 519 2165 Nulla
550 2135 639 2161 vero
668 2121 863 2173 utriusque
901 2122 1177 2171 protestationis
1213 2121 1310 2158 ratio
1339 2136 1361 2159 a

250 2181 425 2220 Patribus
455 2178 586 2216 habita
614 2184 691 2223 est,
726 2173 759 2211 8<
790 2173 951 2225 praeside
980 2172 1019 2210 S.
1049 2173 1198 2225 Cyrillo
1227 2173 1360 2211 Sacro-

250 2236 365 2273 ‘iancti
394 2231 559 2271 Concilii
588 2230 743 2268 initium
775 2229 966 2266 fecerunt.
995 2225 1183 2264 Sedebant
1204 2225 1360 2277 Episco-

251 2291 291 2338 pi
325 2286 412 2326 158.
442 2294 582 2339 praeter
601 2283 817 2321 Diaconum
838 2280 1014 2320 Cesulain
1033 2309 1042 2327 ,
1072 2281 1139 2333 qui
1160 2294 1182 2316 a
1196 2280 1360 2331 Capreo·

251 2344 288 2381 lo
316 2341 508 2393 Episcopo
527 2336 812 2388 Carthaginensi
830 2365 840 2383 ,
870 2334 1034 2385 aliisque
1057 2334 1248 2372 Africanis
1269 2334 1359 2370 mis-

251 2409 312 2435 sus
339 2395 489 2433 fuerat.
520 2392 619 2430 Ante
647 2390 779 2427 omnia
807 2398 878 2426 tres
907 2387 1089 2439 Episcopi
1119 2387 1165 2424 ad
1196 2385 1359 2424 Nestorii

250 2450 407 2487 domum
440 2447 542 2484 missi
572 2452 680 2491 nint,
710 2443 837 2494 ipsum
866 2442 912 2481 ad
942 2440 1143 2492 Synodurn
1173 2439 1358 2477 advocan-

250 2512 327 2547 tes;
355 2501 390 2538 8<
420 2502 558 2539 iterum
589 2497 656 2535 alii
685 2505 787 2543 tres,
817 2504 857 2532 ut
885 2495 984 2533 trina
1014 2493 1219 2532 admonitio
1247 2507 1269 2529 a
1297 2507 1361 2530 ca-

247 2555 413 2594 nonibus
442 2553 665 2606 praescripta
693 2557 932 2587 servaretur.
976 2546 1048 2585 Sed
1079 2560 1153 2585 non
1182 2545 1258 2584 alia
1287 2546 1360 2584 fuit

248 2609 413 2648 Nestorii
442 2605 635 2659 responsio
654 2634 664 2653 ,
707 2616 826 2656 quam
856 2609 1056 2641 venturum
1094 2615 1132 2638 se
1161 2601 1207 2638 ad
1237 2600 1360 2653 Syno-

259 2784 330 2807 sam
356 2771 467 2806 fuisse
493 2767 640 2803 eredunt
666 2766 808 2802 decreto
833 2764 1058 2812 imperatoris
1077 2763 1262 2800 Theodosii
1290 2775 1367 2798 sen-

256 2820 402 2853 tentiam
422 2816 647 2862 depositionis
661 2837 673 2857 ,
699 2824 801 2860 atque
815 2813 1186 2848 excommunicationis
1206 2825 1223 2846 a
1239 2813 1274 2844 S.
1293 2813 1366 2855 Cy-

261 2865 340 2898 rillo
365 2866 508 2898 nomine
534 2864 636 2896 Rom.
662 2860 837 2896 Pontificis
864 2861 997 2899 latam3
1038 2859 1094 2892 vel
1119 2859 1244 2891 saltem
1268 2868 1309 2890 ex
1336 2857 1366 2889 i-

257 2921 318 2954 psa
344 2911 530 2944 indictione
559 2907 689 2954 Synodi
713 2908 936 2941 oecumenicae
976 2905 1066 2938 hanc
1103 2903 1366 2949 suspensionem

257 2958 436 2990 sententiae
462 2965 618 2989 secutam
645 2956 770 2988 fuisse.
797 2954 995 2998 Utrumque
1021 2962 1094 2983 esse
1119 2950 1273 2990 falsum,
1308 2949 1365 2982 vel

253 3013 296 3034 ex
323 3013 363 3035 eo
386 3004 456 3035 solo
480 3002 517 3035 fit
541 3002 768 3036 manifestum
784 3023 795 3042 ‚
819 2999 912 3044 quod
938 2997 1140 3032 convocatio
1166 2995 1296 3041 Synodi
1316 2995 1364 3028 si-

254 3055 358 3091 gnata
385 3060 402 3079 a
429 3047 623 3083 Theodosio
648 3048 780 3088 fuerit,
821 3056 901 3079 ante
927 3043 1138 3078 sententiam
1176 3043 1211 3076 in
1237 3042 1365 3076 Nesto·

255 3093 348 3126 rium
374 3092 480 3126 latam
498 3115 508 3134 ,
533 3106 654 3139 nempe
672 3092 727 3127 die
745 3104 799 3137 ¹9·
816 3091 1025 3126 Novembris
1048 3101 1139 3124 anno
1152 3090 1259 3132 43ο.;
1285 3100 1363 3121 sen-

254 3139 364 3173 tentia
390 3147 505 3172 autem
529 3139 762 3174 damnationis
787 3139 952 3173 Nestorio
985 3150 1053 3171 non
1091 3136 1284 3170 innotuerit
1321 3146 1364 3167 ex

253 3184 344 3231 juris
370 3185 498 3228 regulis
523 3195 600 3218 ante
625 3185 718 3219 diem
746 3198 778 3230 7.
815 3185 994 3230 sequentis
1021 3183 1246 3217 Decembris.
1292 3182 1366 3215 An—

255 3239 382 3265 nuente
409 3230 516 3274 igitur
541 3232 725 3265 Caelestino
749 3244 812 3277 pro
833 3231 925 3266 bono
951 3231 1069 3276 pacis,
1095 3241 1150 3263 res
1168 3240 1287 3262 omnes
1306 3240 1366 3260 su-

254 3289 384 3323 spensae
410 3284 616 3309 manserunt
641 3289 749 3321 usque
767 3277 810 3311 ad
829 3277 1067 3311 definitionem
1082 3276 1231 3309 Concilii
1246 3295 1257 3315 ‚
1283 3284 1365 3318 pro-

253 3332 293 3357 nt
319 3325 497 3367 Augustus
524 3332 646 3354 averso
673 3322 707 3353 in
733 3325 907 3367 Cyrillum
924 3345 935 3362 ‚
975 3334 1147 3366 propenso
1184 3330 1301 3354 antem
1328 3320 1364 3352 in

252 3370 457 3405 Nestorium
486 3368 602 3401 animo
627 3365 841 3410 disposuerat
857 3391 865 3399 .
902 3371 1069 3402 Ceterum
1094 3369 1128 3400 S.
1154 3367 1363 3400 Caelestinus

255 3417 326 3449 suis
353 3415 495 3460 Legatis
520 3412 653 3455 semel,
693 3412 890 3458 iterumque
915 3412 1169 3454 mandaverat,
1205 3424 1248 3446 ne
1271 3412 1365 3456 Apo-

1435 253 1528 290 dum
1547 282 1557 299 ,
1588 266 1677 289 cum
1696 266 1828 290 omues
1843 256 2022 308 Episcopi
2045 263 2243 309 praesentes
2263 257 2424 299 fuerint.
2453 256 2545 309 His,

1437 306 1602 355 aliisque
1632 317 1676 342 ex
1692 318 1884 344 canonum
1901 312 2121 362 praescripto
2136 316 2295 365 peractis
2312 344 2322 362 ,
2353 329 2394 352 ea
2415 315 2545 352 omnia

1436 359 1533 397 lecta
1562 359 1742 406 fuerunt,
1790 373 1879 410 quae
1909 363 1956 398 ad
1985 363 2149 403 Nestorii
2192 381 2345 405 causam
2377 368 2544 421 pertine-

1436 411 1527 450 bant
1546 426 1555 456 ;
1585 412 1781 463 praecipue
1811 424 1902 450 vero
1920 413 2002 453 loca
2023 430 2216 456 sacrarum
2232 420 2517 473 Scripturarum
2531 450 2543 470 ,

1437 479 1525 517 quae
1558 478 1692 517 magno
1731 479 1891 504 numero
1920 467 2078 507 Sanctus
2106 472 2276 522 Cyl-illus
2314 484 2439 514 contra
2469 471 2543 513 Ne-

1438 521 1594 560 storium
1625 517 1854 571 collegerat.
1901 521 1971 558 His
2000 522 2126 560 addita
2155 532 2279 574 postea
2308 527 2463 566 fuerunt
2492 537 2545 566 te-

1437 575 1614 612 stimonia
1642 574 1866 611 Sanctorum
1896 572 2050 611 Patrum
2069 600 2081 622 ‚
2108 587 2202 626 quos
2230 577 2361 614 decem
2391 593 2546 619 enume-

1437 637 1494 665 rat
1537 626 1759 665 Vincentius
1791 628 1996 664 Lirinensis
2034 628 2072 664 in
2106 627 2414 667 commonitorio
2455 646 2543 684 cap.

1437 680 1502 726 42.
1533 685 1546 731 (
1578 680 1644 718 alii
1674 680 1875 719 duodecim
1906 682 2103 718 nominant
2134 681 2149 730 )
2183 692 2222 720 ut
2248 682 2453 722 orthodoxa
2481 686 2547 722 do-

1437 735 1558 771 ctrina
1587 736 1700 772 etiam
1732 747 1776 770 ex
1807 734 1937 771 divina
1967 734 2167 772 traditione
2188 743 2398 774 constaret.
2430 738 2548 776 Lecta

1436 786 1591 824 demum
1637 789 1709 825 fuit
1747 787 1901 838 epistola
1930 787 2113 841 Episcopi
2141 787 2445 841 Carthaginiensis
2473 791 2548 829 Ca-

1435 839 1555 890 preoli
1587 854 1651 892 per
1683 840 1896 878 Diaconum
1927 840 2104 879 Cesulam
2128 842 2181 879 ad
2207 842 2426 880 Concilium
2458 845 2546 881 niis-

1437 906 1475 929 sa
1493 922 1503 939 ,
1546 894 1585 930 iu
1615 907 1690 944 qua
1719 907 1854 941 suam,
1903 893 1935 930 ἃ
1966 908 2121 932 suorum
2149 894 2391 947 Collegarum
2430 896 2548 936 fidem

1436 944 1674 995 explicabat.
1705 946 1805 993 Quae
1834 950 1963 985 onmia
1993 949 2084 985 actis
2104 948 2380 987 conciliaribus
2409 951 2549 988 inserta

1436 998 1570 1044 fuere,
1601 997 1635 1033 <St
1665 1008 1831 1049 prostant
1861 1001 1899 1037 in
1929 1001 2042 1038 Τοιιι.
2074 1002 2140 1038 lit.
2176 1002 2417 1040 Collectionis
2446 1004 2547 1042 Con-

1434 1049 1614 1088 ciliorum
1644 1051 1889 1090 Labbeanae.
1937 1055 2062 1106 Atque
2093 1054 2151 1092 his
2182 1056 2250 1093 rite
2295 1055 2548 1107 praehabitis,

1433 1117 1477 1142 ac
1507 1112 1654 1141 mature
1684 1107 1875 1154 perpensis
1893 1135 1902 1152 ,
1933 1108 2081 1145 tandein
2114 1107 2237 1146 Patres
2267 1111 2445 1147 unanimi
2466 1109 2546 1147 cal·

1434 1156 1521 1194 culo
1550 1157 1595 1194 ad
1625 1159 1849 1194 sententiam
1879 1157 2146 1208 depositionis,
2177 1171 2290 1213 atque
2320 1175 2546 1200 excommu-

1433 1211 1632 1248 nicationis
1661 1219 1791 1247 contra
1820 1210 2036 1248 Nestorium
2065 1213 2320 1264 devenerunt,
2370 1224 2544 1255 testantes

1433 1278 1470 1302 se
1501 1264 1537 1300 id
1567 1263 1693 1301 facere
1721 1272 1881 1301 coactos
1909 1276 1978 1313 per
2006 1277 2142 1302 sacros
2171 1279 2373 1316 canones,
2417 1269 2465 1309 (9¹
2497 1282 2538 1307 e·-

1432 1317 1618 1367 pistol‹zm
1634 1316 1887 1354 Sanctissimi
1906 1316 2057 1366 Patris,
2086 1317 2135 1362 ὡς
2160 1317 2430 1367 Comminc'strt'
2458 1322 2546 1360 Coe-

1433 1372 1586 1419 lestini,
1617 1367 1817 1408 Romanae
1847 1369 2040 1408 Ecclesioe
2070 1369 2286 1421 Episcopi.
2335 1374 2428 1411 Haec
2460 1389 2546 1414 sen-

1433 1425 1550 1462 tentia
1577 1423 1792 1476 subscripta
1823 1425 2018 1462 invenitur
2048 1425 2087 1461 in
2119 1424 2224 1463 Actis
2266 1425 2315 1463 ab
2345 1426 2548 1478 Episcopi·

1440 1478 1556 1531 1980,
1600 1479 1779 1530 quamvis
1809 1479 1913 1515 enim
1944 1478 2089 1516 nonnisi
2127 1478 2213 1516 158.
2244 1488 2445 1531 praesentes
2474 1480 2549 1532 Sy·-

1433 1532 1533 1570 nodo
1561 1532 1754 1579 adessent,
1785 1540 1908 1583 postea
1924 1539 2051 1568 tamen
2068 1529 2134 1568 alii
2155 1561 2166 1579 ,
2198 1534 2252 1570 rei
2269 1534 2425 1570 veritate
2445 1545 2549 1571 com-

1434 1593 1567 1636 perta,
1598 1585 1722 1623 eidem
1743 1586 1937 1622 sententiae
1959 1587 2035 1622 suis
2065 1581 2254 1635 suffragiis
2284 1586 2546 1624 adhaeserunt.

1434 1640 1560 1690 Atque
1589 1637 1652 1676 hic
1682 1637 1773 1676 finis
1801 1639 1872 1675 fuit
1903 1637 2162 1676 memoranda:
2185 1637 2289 1676 illius
2310 1641 2447 1690 primae
2462 1639 2548 1677 Ses-

1432 1692 1545 1728 sionis
1563 1721 1573 1740 ,
1603 1704 1692 1743 quae
1722 1706 1744 1728 a
1773 1704 1923 1728 summo
1943 1706 2053 1728 mane
2075 1705 2193 1743 usque
2222 1692 2268 1729 ad
2290 1703 2434 1730 noctem
2456 1706 2545 1745 per-

1431 1744 1609 1782 duravit.
1659 1744 1783 1782 Tanta
1812 1753 1937 1782 autern
1968 1747 2128 1782 excitata
2158 1754 2208 1782 est
2252 1746 2289 1782 in
2320 1745 2464 1796 populo
2492 1745 2547 1783 E-

1432 1797 1589 1847 pliesino
1619 1797 1752 1835 laetitia
1775 1811 1842 1848 pro
1864 1798 2057 1835 vindicato
2073 1798 2253 1848 Deiparae
2272 1798 2444 1835 Patronae
2466 1811 2545 1836 suae

1430 1849 1593 1899 honore,
1626 1860 1664 1888 ut
1695 1849 1801 1888 illico
1830 1850 1978 1888 facibus
2007 1852 2173 1887 accensis
2205 1859 2280 1888 tota
2311 1851 2399 1889 urbs
2420 1848 2545 1889 ‘fuerit

1430 1903 1675 1952 illuminata,
1705 1913 1817 1956 atq-ue
1848 1903 2028 1956 Episcopi
2060 1917 2149 1941 cum
2179 1903 2544 1953 acclamationibus,

1431 1957 1593 2009 aliisque
1624 1957 1811 1995 honorum
1842 1959 1959 2008 signis
1988 1957 2036 1995 ad
2065 1970 2131 1994 sua
2149 1957 2347 1996 domicilia
2368 1959 2542 1996 deducti.

1430 2011 1583 2050 infelici
1613 2019 1740 2049 autem
1770 2010 1942 2048 Nestor-io
1972 2011 2042 2048 fuit
2071 2011 2251 2049 sententia
2293 2012 2469 2063 postridie
2499 2023 2546 2049 ex

1430 2062 1527 2114 juris
1557 2063 1735 2102 formulis
1764 2064 1877 2101 missa
1907 2077 1997 2101 cum
2039 2063 2111 2100 hac
2141 2065 2415 2117 inscriptione:
2460 2063 2546 2103 Ne-

1429 2121 1553 2155 storio
1582 2131 1678 2156 noco
1706 2115 1850 2160 Judoe;
1879 2117 2014 2154 deinde
2035 2117 2073 2154 in
2094 2117 2175 2154 foro
2191 2118 2414 2168 publicata,
2445 2116 2547 2157 mul-

1430 2172 1549 2222 tisque
1579 2171 1618 2208 in
1648 2170 1739 2208 locis
1769 2168 1906 2208 affixa.

1488 2223 1550 2268 ¹4·
1579 2223 1652 2261 Sed
1681 2222 1796 2274 hujus
1826 2225 1962 2274 primae
2001 2224 2077 2262 diei
2107 2221 2242 2262 laetitia
2272 2222 2373 2262 haud
2404 2237 2544 2274 parum

1426 2275 1579 2314 turbata
1608 2277 1679 2313 fuit
1696 2306 1705 2323 ,
1748 2277 1902 2327 quando
1929 2277 2065 2313 Comes
2092 2277 2351 2315 Candidianus
2382 2277 2544 2315 Nestorii

1430 2338 1609 2381 patronus
1637 2327 1794 2382 publico
1824 2328 1944 2366 edicto
1958 2331 2115 2376 omnia,
2145 2343 2233 2381 quae
2263 2332 2302 2366 in
2326 2331 2450 2382 prima
2470 2344 2545 2368 ses-

1427 2384 1529 2421 sione
1558 2391 1641 2421 acta
1660 2389 1764 2420 erant
1783 2411 1794 2430 ,
1823 2383 1930 2421 irrita
1959 2396 2036 2419 esse
2064 2381 2297 2429 declaravit3
2328 2384 2545 2435 iterumque

1427 2438 1547 2475 vetuit
1565 2467 1576 2485 ,
1604 2450 1649 2473 ne
1664 2435 1791 2474 Patres
1812 2435 1969 2473 ulterius
1999 2437 2037 2473 in
2066 2450 2181 2473 causa
2195 2435 2359 2475 Nestorii
2390 2450 2546 2489 progre-

1428 2491 1604 2529 derentur
1633 2498 1718 2528 ante
1746 2489 1900 2528 Joannis
1931 2487 2156 2527 Antiocheni
2198 2490 2403 2529 adventum
2422 2516 2432 2529 .
2476 2488 2546 2528 Pa-

1431 2552 1505 2582 tres
1533 2553 1660 2584 tamen
1690 2542 1749 2581 his
1777 2542 2005 2581 candidiani
2036 2542 2221 2581 mandatis
2251 2544 2405 2596 insuper
2434 2542 2546 2582 habi-

1429 2599 1475 2637 tis
1503 2597 1668 2636 Concilii
1704 2596 1952 2636 celebrationi
1995 2597 2164 2635 maxima
2200 2596 2397 2650 diligentia
2438 2598 2548 2636 incu-

2400 2650 2495 2689 bue-

1435 2762 1566 2799 stolicae
1592 2757 1689 2796 Sedis
1714 2759 1794 2808 jura
1821 2760 1892 2796 ulla
1916 2771 1957 2794 ex
1976 2767 2075 2805 parte
2093 2756 2172 2792 laedi
2187 2778 2199 2797 ,
2224 2754 2453 2799 imminuiqne
2467 2765 2547 2799 pere

1583 2818 1594 2840 t
1613 2832 1621 2840 .

1437 2820 1675 2895 mlxiii-zetha
1704 2855 1927 2899 Imperatoris
1961 2850 2136 2885 mittentis
2162 2848 2334 2883 Comitem
2360 2844 2550 2881 Candidia-

1439 2914 1524 2936 num
1549 2902 1623 2935 haec
1649 2910 1754 2936 sunt:
1783 2922 1808 2940 ‚,
1834 2896 2088 2933 Candidianum
2107 2894 2415 2939 praeclarissimum
2434 2905 2553 2927 sacro-

1439 2969 1465 2989 „
1490 2960 1570 2981 rum
1596 2947 1869 2982 domesticorum
1887 2944 2059 2977 Comitem
2088 2940 2130 2973 ad
2157 2952 2292 2974 sacram
2309 2949 2465 2973 vestram
2479 2940 2573 2984 Sym

1439 3013 1465 3034 ,‚
1490 2994 1620 3027 nodum
1645 2994 1740 3026 abire
1765 2991 1933 3034 jussimus
1950 3009 1959 3027 ‚
1985 2985 2043 3020 sed
2069 2999 2107 3021 ea
2133 2988 2232 3032 lege,
2270 2990 2301 3019 &
2327 2985 2548 3027 conditione,

1433 3060 1458 3081 2,
1484 3047 1523 3072 ut
1549 3051 1629 3072 cum
1655 3036 1906 3082 quaestionibus
1925 3038 1956 3066 ἃ
1975 3035 2220 3067 controversiis
2237 3055 2248 3073 ,
2283 3045 2360 3078 qua?
2387 3033 2479 3065 circa
2505 3031 2550 3065 fi-

1448 3108 1459 3128 ,
1484 3084 1539 3117 dei
1566 3083 1728 3129 dogmata
1754 3081 1940 3120 incidunt,
1983 3081 2032 3113 nil
2057 3080 2250 3125 quidquam
2276 3091 2459 3113 commune
2485 3076 2551 3110 ha„
2582 3101 2583 3106 ,

1434 3154 1460 3174 „
1485 3131 1588 3165 beat.
1618 3130 1733 3175 Nesus
1760 3136 1814 3162 est
1839 3131 1951 3167 enim,
1985 3132 2038 3171 ‹Jui
2067 3127 2369 3160 Sanctissimorum
2395 3124 2548 3170 Epi-sco·
2581 3135 2583 3155 ⁴,

1434 3200 1461 3220 „
1487 3189 1600 3222 porum
1625 3179 1783 3220 catalogo
1809 3176 2006 3217 adscriptus
2022 3187 2085 3206 non
2111 3182 2164 3206 est
2181 3195 2191 3214 ‚
2218 3176 2313 3207 illum
2325 3172 2544 3205 ecclesiasti—
2582 3176 2583 3186 ¹

1434 3247 1461 3268 „
1487 3228 1540 3258 cis
1565 3225 1717 3267 negotiis
1743 3234 1820 3255 sese
1847 3225 2039 3254 immiscere
2055 3234 2064 3252 .·
2093 3231 2216 3253 verum
2296 3228 2335 3253 ut
2360 3217 2546 3268 diligenter

1434 3294 1460 3314 ,‚
1484 3270 1703 3317 prospiciat,
1744 3281 1785 3301 ne
1812 3280 1880 3312 qua
1905 3266 2076 3300 dissensio
2099 3279 2141 3299 ex
2176 3277 2300 3300 mutuo
2327 3259 2546 3313 repugnandi

1433 3340 1460 3359 ‚,
1486 3314 1601 3351 studio
1627 3324 1742 3349 coorta
1770 3313 2004 3347 increbrescat
2021 3336 2029 3344 .
2061 3317 2087 3336 “
2113 3313 2192 3347 Non
2217 3314 2324 3357 igitur
2345 3316 2480 3354 poterat
2500 3318 2544 3360 *vi

1434 3376 1504 3397 suae
1529 3362 1713 3407 legationis
1729 3359 1862 3408 Synodi
1887 3360 2160 3395 celebrationem
2185 3356 2376 3403 impedire,
2400 3363 2460 3390 aut
2473 3351 2544 3388 ‹hf-
2582 3376 2583 3387 i

1432 3410 1524 3444 ferre
1542 3431 1551 3441 .
