2583 3685
779 91 1165 140 REFELLITUR
1197 88 1369 137 HAER.
1403 87 1624 134 EU'I'YC.

334 227 774 271 ARTICULUS
830 227 898 267 1V.

447 335 657 388 Refellitur
683 348 793 374 error

248 387 607 443 Eutychianorum
629 419 640 438 ,
670 387 960 437 ostenditurque
977 412 987 430 ‚

209 442 313 483 duas
338 456 429 483 esse
456 446 498 482 in
525 442 618 484 Jesu
650 441 803 480 Christo
831 449 1001 478 naturas
1019 462 1033 475 .

116 528 293 596 566.Ιά
323 551 520 590 manifeste
539 551 721 590 evincunt
748 547 875 585 omnia
902 558 948 582 ea
975 550 1179 599 argumen-

61 611 133 654 ta,
179 603 321 658 quibus
351 605 389 643 in
418 618 546 657 super.
576 604 677 642 Diss.
706 615 740 640 c.
764 613 801 637 ι.
831 598 864 634 ἃ
893 609 972 648 seq.
1000 593 1181 646 probavi-

63 671 153 698 mus
183 671 312 697 veram
343 657 381 696 in
409 657 497 696 Jesu
524 655 676 696 Christo
704 653 818 692 fuisse
846 662 1030 695 carnem,
1071 645 1113 682 ἃ
1142 660 1183 682 a-

63 712 242 760 nimam,
286 723 457 763 eumque
514 723 555 748 ro
595 708 705 748 nobis
745 716 879 751 veros,
926 701 961 738 ἃ
998 700 1184 738 maximos

96 764 265 803 ertulisse
293 763 462 803 dolores.
528 763 560 800 ei
609 774 631 798 a
658 759 796 798 iisdem
824 755 1027 794 momentis
1055 761 1184 791 contra

63 779 326 871 Eutychianos
354 830 443 855 usus
465 823 523 854 ‘est
551 775 607 853 g
621 813 699 852 Leo
727 812 768 850 in
797 823 864 847 sua
902 808 1116 861 dogmatica
1145 820 1183 843 e-

96 872 155 910 ist.
184 870 231 908 ad
259 869 520 916 Flavianum,
557 879 648 919 quae
676 873 749 903 tota
778 862 1029 902 exscribenda
1058 868 1183 898 esset.

65 885 265 964 {tonantia
286 931 436 962 tantum
451 919 657 961 afferemus
676 917 855 959 brevitati
885 915 1065 968 temporis
1094 926 1185 952 cen-

66 977 261 1016 nolentes.

120 1030 213 1082 567.
240 1028 371 1066 Primo
383 1027 501 1079 igitur
526 1026 789 1066 sanctissimus
809 1023 984 1061 Pontifex
1002 1034 1051 1059 ex
1081 1019 1183 1058 mul-

63 1085 114 1123 tis
140 1091 217 1121 tarn
236 1081 326 1119 novi
343 1110 355 1130 ‚
383 1094 503 1133 quam
531 1081 668 1119 v-eteris
687 1078 899 1116 testamenti
927 1073 1093 1114 oraculis
1112 1074 1181 1111 du-

61 1135 211 1198 plicem
229 1133 370 1174 Christi
389 1134 629 1172 nativitatem
647 1161 658 1181 ‚
689 1146 733 1170 ac
754 1141 932 1170 naturam
961 1128 1182 1180 distinguit5

60 1201 253 1242 :agressus
280 1196 333 1227 est
361 1187 462 1225 enim
493 1186 578 1224 haee
607 1186 739 1224 muudi
768 1184 926 1223 infirma
954 1181 1079 1221 Filius
1109 1180 1182 1218 Dei

61 1241 112 1281 de
139 1241 285 1281 coelesti
327 1241 413 1278 sede
441 1239 697 1288 descendens,
744 1237 779 1274 8<
808 1252 830 1276 a
868 1246 1026 1289 paterna
1061 1233 1183 1286 gloria

71 1307 148 1333 nou
171 1294 356 1333 recedens
373 1323 384 1342 ,
412 1305 511 1332 novo
538 1294 673 1331 ordine
690 1323 700 1340 ‚
730 1305 829 1330 nova
848 1291 1040 1329 nativitate
1069 1301 1182 1339 gene-

63 1355 194 1392 ratus3
240 1348 308 1399 qui
336 1348 442 1385 enim
471 1359 583 1384 verus
611 1355 663 1385 est
692 1345 820 1392 Dens,
858 1344 958 1382 idem
989 1355 1101 1383 verns
1130 1348 1182 1378 est

65 1399 207 1446 b0m03
254 1400 288 1436 ἃ
330 1400 426 1437 sient
455 1399 629 1438 Verbum
649 1398 708 1439 ab
752 1397 969 1450 aequalitate
1011 1404 1181 1446 paternae

63 1453 205 1505 gloria:
233 1464 307 1491 non
337 1453 496 1500 recidit,
527 1454 578 1491 ita
605 1464 694 1490 caro
723 1461 898 1490 naturam
928 1451 1041 1488 nestri
1069 1462 1182 1500 geue-

63 1508 120 1545 τὶς
145 1518 221 1544 non
233 1504 448 1557 -relinquit;
478 1519 576 1543 unns
604 1506 709 1544 enim
731 1505 910 1557 idemque
930 1511 981 1542 est
1000 1516 1088 1542 vere
1109 1502 1184 1540 Dei

61 1558 200 1607 fitius,
230 1557 264 1594 ἃ
293 1571 382 1596 vere
410 1557 576 1597 hominis
597 1557 724 1597 filius:
755 1557 858 1596 Deus
889 1570 956 1610 per
985 1557 1053 1605 id,
1082 1555 1185 1608 quod

63 1614 114 1651 in
131 1615 322 1663 principio
350 1620 440 1650 erat
463 1609 502 1648 V
499 1610 636 1650 erbum
653 1641 664 1659 ‚
693 1611 742 1652 (9¹
766 1608 939 1649 Verbum
959 1618 1048 1648 erat
1078 1607 1186 1660 apud

67 1664 204 1704 Deum
221 1695 232 1713 ‚
279 1665 329 1706 &
356 1664 467 1704 Deus
496 1674 585 1704 erat
616 1662 818 1703 Verbum:
865 1663 980 1703 homo
1017 1677 1084 1716 per
1113 1662 1153 1700 id
1174 1692 1186 1710 ,

67 1717 171 1771 quod
202 1716 372 1756 Verbum
406 1731 511 1756 caro
526 1718 698 1770 factum
717 1726 810 1766 est,
851 1718 902 1759 (9·
930 1716 1117 1756 habitavit
1145 1719 1188 1752 in

69 1769 206 1810 nobis.
248 1770 354 1809 Dein
382 1785 451 1823 pet·
478 1772 540 1819 id,
568 1772 671 1824 quod
698 1775 838 1809 omnia
865 1784 935 1821 per
963 1775 1091 1820 ipsum
1108 1768 1186 1820 fa.-

64 1832 138 1864 αα
166 1833 284 1872 sunt,
325 1824 376 1864 (9·
404 1828 490 1862 sine
516 1829 600 1875 ipso
616 1823 785 1876 sactum
814 1835 872 1862 est
901 1823 997 1861 nihil
1012 1837 1025 1860 .·
1074 1823 1187 1860 homo

69 1877 231 1931 perid,
259 1877 510 1930 quodfacrus
523 1890 577 1915 ez
608 1878 798 1925 muliere,
817 1877 963 1928 factus
977 1875 1045 1914 sub
1074 1877 1186 1927 Iege.

95 1965 97 1967 ,
127 1929 220 1970 568.
250 1930 373 1983 Pergit
400 1930 442 1969 S.
462 1930 631 1970 Pontifex
661 1939 866 1983 utramque
896 1932 936 1968 in
955 1929 1106 1968 Christo
1120 1941 1187 1964 na-

69 1992 198 2024 turam
226 1984 482 2023 demonstrare
503 1997 556 2022 ex
586 1986 631 2022 iis
648 2012 659 2031 ,
695 1997 786 2035 quae
815 1984 861 2021 de
889 1982 1038 2021 Christo
1067 1982 1106 2018 in
1138 1979 1187 2018 E-

72 2037 272 2090 vangelica
300 2036 455 2076 historia
470 2037 650 2089 leguntur
667 2062 677 2074 .
708 2065 736 2084 „
764 2036 952 2075 Nativitas
983 2036 1086 2074 enim
1107 2047 1190 2072 car-

75 2117 103 2140 „
132 2091 190 2129 nis
231 2091 489 2129 manifestatio
530 2099 584 2129 est
613 2089 797 2128 humanae
839 2100 985 2128 naturoe
1003 2104 1014 2136 3
1063 2097 1191 2139 partus

70 2171 102 2194 ,‚
129 2143 302 2196 Virginis
327 2143 470 2182 divinae
499 2153 554 2183 est
580 2143 731 2182 virtutis
759 2144 948 2182 indicium
968 2169 978 2180 .
1022 2141 1192 2178 Infantia

71 2223 102 2247 9,
130 2195 284 2249 parvuli
313 2198 519 2236 ostenditur
548 2195 765 2234 humititaee
794 2207 1012 2238 cunarum3
1043 2193 1191 2241 magni-

73 2277 102 2298 „
129 2249 220 2286 tudo
248 2248 437 2288 Altissimi
482 2248 696 2286 decla-ratur
736 2247 893 2285 vocibus
924 2243 1157 2296 Angelorum
1181 2269 1192 2282 .

75 2329 105 2351 9,
132 2299 280 2338 Similis
308 2309 361 2338 est
389 2300 612 2338 rudimentis
649 2298 877 2348 hominnm,
924 2311 1041 2350 quem
1071 2297 1192 2335 Hero-

75 2382 106 2404 „
134 2353 198 2392 des
224 2354 346 2404 impie
373 2352 531 2391 molitur
558 2352 757 2398 occidere;
786 2353 849 2390 sed
879 2353 1054 2390 dominus
1082 2359 1134 2388 est
1153 2362 1192 2386 o-

79 2435 106 2456 „
135 2406 282 2445 mnium
300 2435 312 2453 ,
341 2419 457 2458 quem
489 2405 595 2457 Magi
624 2405 789 2457 gaudent
808 2405 1033 2458 suppliciter
1062 2404 1194 2442 adora-

81 2489 108 2510 „
139 2472 206 2498 re.
249 2459 349 2498 Nam
379 2473 468 2497 cum
498 2459 547 2498 ad
577 2460 820 2511 praecursoris
850 2460 907 2496 sui
936 2458 1094 2496 Joannis
1124 2457 1194 2494 Ba-

81 2542 110 2563 „
139 2514 322 2566 ptismum
353 2513 484 2562 venit,
532 2527 580 2551 ne
609 2511 764 2560 lateret,
806 2511 907 2564 quod
937 2513 1062 2550 carnis
1091 2509 1193 2549 vela-

82 2595 111 2616 „
140 2568 246 2605 mine
276 2566 469 2606 D1vinitas
497 2575 712 2615 tegeretur,
761 2578 832 2603 vox
863 2563 980 2603 Patris
1009 2565 1055 2602 de
1098 2562 1198 2601 coelo

83 2648 110 2669 „
138 2621 313 2658 intonans
341 2620 461 2659 dixit:
511 2619 588 2658 Hic
617 2629 674 2658 est
704 2618 823 2657 Filius
854 2631 965 2656 meus
1002 2617 1166 2655 dilectus
1187 2646 1198 2665 ,

81 2702 109 2723 „
139 2677 180 2711 in
209 2687 283 2726 quo
312 2672 408 2712 mihi
437 2672 536 2713 bene
556 2673 804 2724 complacui.
835 2672 961 2719 Quem
992 2673 1119 2723 itaque
1147 2671 1197 2708 si-

84 2755 111 2776 „
137 2734 204 2766 cut
234 2726 429 2766 hominem
450 2727 641 2766 diabolica
672 2735 785 2765 tentat
815 2727 947 2764 astutia
964 2755 974 2772 ‚
1005 2726 1128 2763 eidem
1149 2724 1199 2761 si-

86 2810 113 2831 „
135 2791 204 2822 cut
231 2780 342 2830 Deo,
374 2781 554 2834 Angelica
582 2780 823 2819 famulantur
851 2778 979 2817 officia
998 2806 1007 2815 .
1066 2777 1198 2815 Esuri-

88 2860 116 2882 ,‚
145 2847 210 2884 re,
255 2835 360 2874 sitire
377 2865 388 2884 ,
416 2834 619 2874 lactescere
636 2864 646 2882 ,
677 2844 791 2887 atque
819 2833 986 2871 dormire
1004 2863 1013 2879 ‚
1039 2830 1199 2868 eviden-

89 2914 117 2935 „
145 2894 201 2925 ter
227 2887 440 2927 humanum
470 2898 545 2935 est3
593 2888 657 2927 sed
684 2889 857 2940 quinque
887 2886 1051 2939 panibus
1087 2885 1200 2936 qnin-

91 2968 116 2988 „
145 2952 220 2991 qne
247 2940 373 2979 millia
400 2941 601 2981 hominnm
632 2943 794 2990 satiare,
844 2939 877 2976 ἃ
906 2938 1038 2991 largiri
1067 2937 1200 2976 Sama-

91 3021 118 3042 „
146 2994 282 3031 ritanae
324 3008 462 3045 aquam
493 2997 649 3044 vivam,
697 3009 809 3046 cujus
856 2993 1011 3032 haustus
1053 2991 1203 3030 bibenti

92 3075 120 3096 „
150 3055 301 3098 prestet
317 3075 330 3094 ,
358 3060 405 3084 ne
427 3046 522 3086 ultra
554 3048 633 3099 jam
657 3050 781 3094 sitiat3
812 3060 926 3099 snpra
945 3047 1099 3085 dorsum
1121 3058 1201 3080 ma-

93 3128 119 3149 „
150 3101 201 3138 ris
230 3098 370 3152 plantis
398 3112 472 3138 non
499 3101 752 3140 desidentibus
782 3099 1012 3149 ambulare,
1060 3098 1093 3133 ἃ
1130 3095 1206 3133 ela·

93 3182 121 3203 „
150 3154 268 3192 tiones
298 3151 483 3191 fluctuum
502 3183 512 3202 ,
543 3155 735 3207 increpata
763 3163 1006 3208 tempestate,
1043 3159 1205 3192 conster-

139 3330 188 3367 (a)
217 3325 395 3359 Nonnulla
434 3325 631 3359 testimonia
657 3326 691 3358 S.
717 3324 867 3370 Ignatii,
909 3334 1013 3373 atque
1052 3323 1225 3364 aliorum,

204 3370 447 3426 Gazzanign,
480 3370 611 3411 Theoi.
642 3372 755 3412 Toin.
788 3371 835 3411 V.

2213 90 2297 132 153

1244 201 1269 221 „
1299 184 1415 216 nare,
1445 171 1525 208 sine
1554 166 1802 218 ambignitate
1830 165 2008 206 divinum
2037 170 2116 204 est.
2162 166 2269 207 Sient
2299 180 2356 204 er-

1245 253 1271 272 „
1300 237 1372 272 go,
1402 231 1443 260 ut
1471 221 1591 260 multa
1621 228 1844 271 praetere-arn
1862 250 1872 268 ,
1911 234 1984 259 non
2013 219 2182 270 ejusdem
2214 228 2357 257 naturae

1244 303 1270 324 „
1295 284 1352 312 *est
1369 305 1380 323 ,
1412 274 1503 312 sseoe
1519 273 1773 311 miserationis
1794 274 1930 311 aflectu
1947 275 2114 311 amicum
2137 284 2330 311 mortuum
2348 303 2359 321 ,

1246 357 1274 377 „
1302 328 1336 363 &
1380 327 1558 364 eumdem
1589 335 1731 362 remoto
1759 329 2025 376 (piatriduanae
2069 340 2205 376 aggere
2235 325 2360 377 sepul·

1247 406 1274 430 5,
1298 388 1400 417 tnrae
1419 409 1430 427 ‚
1468 379 1515 416 ad
1544 379 1647 416 vocis
1676 378 1883 428 imperinm
1914 382 2078 418 excitare
2109 380 2324 417 redivivnm
2347 409 2358 426 ‚

1247 461 1273 481 „
1303 442 1367 470 aut
1397 433 1437 470 iu
1466 430 1567 482 ligno
1596 431 1787 482 pendere,
1835 432 1867 467 &
1898 435 1934 470 in
1966 440 2115 470 noctem
2159 432 2244 469 lnce
2273 445 2361 470 con-

1248 511 1275 534 „
1303 498 1439 533 versa,
1467 484 1596 522 omnia
1625 482 1810 521 elementa
1839 487 2109 530 tremefacere-3
2149 495 2213 521 aut
2242 483 2362 522 clavis

1248 567 1277 587 „
1306 538 1532 577 transfixum
1562 549 1662 585 esse,
1700 536 1735 572 8<
1764 539 1927 589 paradisi
1960 548 2082 589 portas
2112 537 2201 575 fidei
2231 538 2363 575 Latro—

1252 621 1278 640 „
1309 593 1368 630 nis
1396 591 1572 644 aperire:
1621 592 1671 628 ita
1700 603 1776 629 non
1806 590 1976 641 ejusdem
2008 601 2151 628 natura:
2183 600 2236 629 est
2264 591 2366 628 dice-

1253 673 1279 692 „
1309 657 1374 682 re:
1431 643 1521 696 Ego
1556 643 1606 684 ὠ·
1634 643 1758 681 Pater
1787 657 1910 681 unum
1940 658 2104 687 sumum
2151 644 2184 680 ἃ
2213 644 2365 682 dicere:

1255 725 1281 746 ,-,
1311 697 1432 736 Pater
1474 699 1609 749 major
1639 709 1704 734 me
1733 706 1812 735 est.
1867 697 2056 744 Quamvis
2086 698 2185 734 enim
2217 699 2256 735 in
2285 696 2368 734 Do-

1254 778 1280 799 ,-,
1310 752 1418 790 mino
1445 751 1534 789 Jesn
1562 749 1710 788 Christo
1738 750 1840 798 Dei,
1878 750 1912 787 ἃ
1942 750 2107 789 hominis
2138 763 2212 787 nna
2243 762 2368 802 perso-

1254 831 1281 852 „
1309 819 1360 843 na
1389 805 1462 849 εἰῑς
1492 803 1599 842 aliud
1630 812 1759 841 tamen
1777 813 1855 851 est,
1886 805 1985 841 unde
2016 805 2054 842 in
2076 812 2234 855 utroque
2262 816 2369 841 coin-

1253 881 1280 906 .,
1310 859 1438 896 munis
1468 865 1519 895 est
1546 856 1808 905 contumelia,
1850 857 1955 895 aliud
1973 887 1983 903 ‚
2025 857 2125 895 nude
2153 857 2368 893 communis

1254 939 1279 959 ‚,
1310 920 1361 948 est
1389 910 1536 962 gloria.
1566 910 1625 948 De
1654 919 1778 949 nostro
1807 911 1909 948 enim
1940 910 1999 947 illi
2030 919 2080 947 est
2109 910 2233 947 minor
2263 908 2369 946 Patre

1255 992 1281 1012 5,
1312 963 1557 1009 humanitas3
1585 963 1633 1001 de
1662 962 1771 1001 Patre
1800 962 1858 1002 illi
1889 972 1939 1001 est
1970 963 2130 1014 aequalis
2156 976 2246 1001 cum
2264 961 2372 1000 Patre

1255 1045 1281 1063 „
1310 1018 1533 1056 divinitas&
1550 1042 1562 1054 .
1612 1015 1818 1068 Aliquanto
1845 1016 2030 1070 prolixior
2056 1024 2111 1053 est
2140 1015 2244 1054 locus
2261 1045 2271 1063 ‚
2308 1014 2371 1054 sed

1253 1069 1350 1108 nihil
1380 1079 1524 1123 poterat
1551 1085 1574 1108 a
1602 1078 1680 1115 tam
1701 1079 1879 1108 accurata
1909 1071 2107 1122 utriusque
2137 1077 2284 1106 naturae
2304 1069 2371 1106 de-

1251 1125 1456 1175 scriptione
1473 1122 1766 1174 exEvangelica
1783 1123 1940 1161 historia
1950 1123 2173 1175 deprompta
2187 1123 2371 1161 resecari.

1307 1177 1399 1230 569.
1426 1177 1674 1229 Prosequitur
1704 1188 1817 1228 porro
1845 1176 1886 1213 S.
1916 1177 2020 1224 Leo,
2066 1175 2098 1210 &
2129 1189 2173 1212 ex
2212 1177 2369 1213 veritate

1251 1231 1535 1269 resurrectionis
1578 1230 1775 1268 veritatem
1806 1227 1987 1266 hnmana:
2033 1238 2176 1266 natnrae
2217 1230 2254 1265 in
2283 1228 2371 1266 Jesn

1250 1283 1402 1322 Christo
1430 1283 1618 1331 ostendit,
1666 1284 1758 1334 qnia
1788 1295 1862 1320 non
1891 1281 1986 1319 alter
2016 1290 2067 1318 est
2098 1282 2338 1318 resuscitatus
2362 1310 2371 1326 ‚

1250 1350 1370 1389 qnam
1398 1338 1465 1389 qni
1496 1338 1620 1375 fuerat
1648 1335 1881 1382 crucifixus,
1911 1335 1945 1371 3<
1976 1342 2144 1371 mortuus
2162 1360 2171 1371 .
2202 1333 2372 1371 Christus

1250 1399 1376 1428 autem
1408 1391 1443 1426 8(
1473 1389 1613 1429 vulnus
1643 1388 1796 1436 lateris,
1827 1387 1859 1423 8(
1891 1388 2033 1425 fixuras
2063 1386 2260 1424 clavorum
2279 1416 2289 1433 ‚
2338 1385 2372 1420 &

1250 1445 1382 1482 omnia
1402 1444 1672 1482 recentissimae
1704 1442 1886 1494 passionis
1905 1442 2012 1491 signa
2043 1440 2285 1484 monstravit,
2314 1439 2374 1475 di-

1253 1508 1363 1535 cens:
1397 1494 1535 1535 Videte
1555 1508 1703 1533 manus
1725 1507 1840 1532 meas
1859 1524 1869 1541 ,
1898 1494 1947 1534 ὅ)
1977 1491 2094 1544 pedes
2117 1505 2248 1536 meos,
2279 1495 2374 1541 quia.

1252 1563 1325 1603 ego
1353 1564 1470 1588 sum:
1499 1549 1689 1600 palpate,
1720 1549 1769 1588 (29¹
1798 1547 1943 1594 videte,
1974 1550 2066 1595 quia
2095 1550 2251 1594 spiritus
2280 1557 2371 1582 ciir-

1252 1617 1376 1653 nem,
1405 1604 1455 1644 &
1483 1613 1578 1642 ossa
1606 1615 1688 1640 non
1715 1600 1831 1640 habet
1854 1631 1864 1650 ,
1913 1603 2010 1638 sicut
2041 1612 2106 1638 me
2135 1597 2267 1637 ridetis
2300 1596 2371 1636 ha-

1255 1657 1372 1707 bere,
1402 1658 1519 1695 Lucae
1548 1655 1698 1694 XXIV.

1312 1711 1404 1763 370.
1435 1711 1606 1749 Demum
1622 1706 1875 1760 Eutyelietem
1893 1706 2028 1743 merito
2043 1703 2242 1754 objurgat,
2272 1703 2375 1755 quod

1253 1763 1365 1804 illam
1393 1764 1495 1802 beati
1525 1761 1721 1812 Apostoli,
1760 1760 1794 1795 8t
1821 1756 2080 1809 Evangelistae
2110 1756 2266 1794 ,Ioannis
2296 1770 2376 1794 sen-

1255 1818 1414 1856 tentiam
1445 1828 1520 1853 non
1550 1813 1744 1865 expaverit
1773 1812 1883 1862 epist.
1905 1811 1934 1848 1.
1965 1824 2050 1862 cap.
2072 1809 2140 1847 lv,
2178 1823 2209 1847 ι.
2247 1810 2376 1847 dicen-

1261 1870 1333 1907 tis:
1364 1867 1512 1906 Omnis
1532 1864 1727 1917 Spiritus,
1757 1869 1820 1916 qui
1843 1863 2053 1917 confitetur
2070 1893 2080 1911 ‚
2110 1861 2241 1900 Issum
2268 1861 2376 1899 Οἰκί-

1255 1931 1363 1960 stum
1406 1924 1449 1958 in
1491 1932 1618 1958 carne
1661 1923 1840 1966 venisse,
1888 1930 1942 1955 ex
1971 1915 2060 1955 Deo
2103 1926 2161 1953 est
2184 1930 2197 1959 ;
2245 1915 2294 1954 (9¹
2336 1928 2380 1952 ο-

1255 1978 1362 2013 mnis
1392 1973 1588 2025 Spiritus,
1636 1978 1701 2024 qui
1730 1973 1838 2010 solvit
1867 1969 2031 2015 Jesum,
2079 1982 2132 2006 ea:
2163 1967 2250 2006 Deo
2295 1981 2375 2006 non

1257 2038 1350 2073 est;
1379 2028 1428 2068 ἐν
1458 2027 1519 2065 hic
1540 2035 1606 2064 est
1628 2025 1916 2069 Antichristus,
1949 2053 1973 2070 ,‚
2005 2022 2111 2069 Quid
2141 2030 2267 2060 antem
2298 2030 2381 2069 est,

1259 2112 1286 2131 „
1316 2079 1468 2128 subdit,
1516 2078 1662 2117 solvere
1691 2078 1822 2117 Jesum
1844 2106 1855 2125 ,
1903 2077 1977 2114 nisi
2007 2075 2218 2113 humanam
2256 2075 2305 2112 ab
2336 2087 2380 2110 co

1261 2164 1286 2183 ,‚
1316 2146 1491 2185 separare
1519 2141 1695 2170 naturam
1714 2161 1723 2177 ,
1772 2129 1806 2166 St
1835 2138 2114 2168 sacramentum
2132 2159 2142 2177 ,
2181 2142 2248 2181 per
2277 2128 2379 2180 qnod

1263 2217 1289 2236 ‚,
1321 2199 1440 2223 uinum
1470 2184 1604 2223 salvati
1634 2197 1790 2231 snums,
1832 2183 2190 2235 imprudentissimis
2220 2195 2381 2220 evacua-

1262 2269 1288 2288 „
1319 2252 1360 2276 re
1389 2236 1606 2290 figmentis?
1626 2240 1653 2259 ‘⁶

1317 2293 1408 2343 571.
1437 2292 1550 2329 anet
1581 2293 1695 2329 etiam
1726 2289 1930 2342 Entyclicti
1949 2318 1960 2336 ,
2002 2302 2054 2326 ne
2084 2290 2295 2328 transitorie
2325 2287 2382 2325 le-

1261 2356 1322 2398 gat
1351 2345 1454 2383 Beati
1484 2343 1584 2383 Petri
1614 2343 1782 2396 Apostoli
1813 2343 1928 2381 verba
1951 2342 2117 2393 Epist.l.
2147 2355 2233 2393 cap.
2256 2343 2285 2380 l.
2323 2342 2382 2378 13.

1262 2400 1470 2447 Scierztffl,
1507 2397 1608 2450 quod
1637 2411 1717 2434 non
1747 2395 2051 2446 corruptibilibus
2081 2404 2251 2448 argento
2273 2424 2285 2443 ‚
2333 2394 2382 2434 Εἰ]

1263 2466 1363 2491 auro
1403 2450 1597 2502 redempti
1625 2455 1776 2490 escis...
1824 2449 1904 2488 Sed
1944 2453 2114 2500 pretioso
2150 2451 2349 2500 sanguine
2371 2475 2383 2494 ,

1263 2509 1378 2557 quasi
1406 2508 1506 2558 agni
1533 2507 1866 2550 incontaminati,
1911 2503 1962 2543 (ἓν
2003 2502 2260 2538 immaculati
2288 2496 2382 2536 Iesu

1267 2559 1441 2603 Christi5
1488 2567 1570 2596 tum
1600 2557 1669 2595 illa
1699 2557 1799 2594 Beati
1828 2555 1980 2592 Joaunis
2011 2552 2178 2605 Apostoli
2209 2553 2320 2605 epist.
2351 2552 2384 2589 I.

1265 2627 1350 2665 cap.
1373 2612 1403 2649 l.
1436 2625 1472 2661 7.
1502 2610 1677 2662 Sanguis
1704 2606 1797 2646 lesu
1815 2606 1901 2644 Filii
1917 2605 1995 2645 Dei
2023 2604 2215 2643 emundat
2246 2618 2318 2643 nos
2332 2602 2385 2642 ab

1266 2669 1377 2704 omni
1405 2673 1596 2713 peccam.
1647 2664 1701 2700 Ac
1730 2659 1949 2707 concludit,
1992 2658 2221 2698 catholicam
2252 2657 2388 2698 Recte·

1266 2722 1361 2758 siam
1395 2717 1466 2756 liae
1497 2716 1573 2755 fide
1602 2717 1759 2763 vivere,
1788 2714 1859 2751 hac
1890 2713 2075 2765 proficere
2094 2743 2104 2760 ,
2133 2722 2172 2749 ut
2203 2716 2244 2750 in
2275 2711 2385 2750 Chri-

1267 2783 1328 2811 sto
1357 2771 1449 2809 Jesu
1477 2783 1551 2808 nec
1580 2773 1666 2808 sine
1695 2768 1895 2806 divinitate
1924 2762 2157 2804 humanitas
2179 2796 2190 2813 ‚
2232 2777 2306 2804 nec
2336 2768 2387 2803 si-

1269 2840 1319 2864 ne
1349 2839 1442 2864 reru.
1471 2823 1657 2862 credatur
1686 2822 1939 2859 humanitate
1968 2819 2153 2856 ‹lirinitus
2171 2845 2182 2856 .
2229 2817 2387 2857 Similia

1271 2881 1419 2930 scripsit
1488 2888 1585 2916 ostea
1616 2877 1733 2914 Leoni
1766 2876 1933 2926 Augusto
1973 2874 2082 2925 epist.
2098 2868 2260 2914 m.
2290 2871 2387 2910 alias

1270 2893 1492 2972 CXXXIX?
1510 2961 1521 2979 ,
1569 2930 1707 2969 addens
1734 2941 1930 2967 sacrarum
1960 2925 2247 2979 Scripturarnm
2285 2926 2386 2963 testi·

1271 2986 1407 3026 moniis
1435 2986 1551 3022 etiam
1581 2993 1798 3022 sanctorum
1829 2980 1983 3018 Patrum
2023 2980 2293 3024 traditionem3
2342 2991 2386 3015 ex

1272 3039 1442 3092 quibus,
1474 3039 1621 3076 nonnisi
1652 3050 1802 3088 pauca,
1840 3044 1878 3072 ut
1907 3033 2100 3073 breviores
2127 3034 2274 3081 simus,
2322 3030 2385 3069 hic

1274 3092 1568 3131 transcrihemus
1598 3092 1661 3141 (u.)
1685 3117 1695 3127 .

1331 3145 1421 3197 572.
1453 3143 1579 3182 Primo
1607 3154 1734 3183 antem
1764 3140 1885 3182 inulta
1911 3138 2020 3182 affert
2047 3138 2089 3180 S.
2120 3139 2197 3179 Leo
2225 3138 2385 3177 testimo-

2273 3203 2333 3228 ma

1271 3317 1332 3366 qni
1370 3317 1407 3352 Β.
1432 3315 1585 3352 Mariam
1611 3313 1796 3362 Virginem
1831 3310 1899 3347 Dei
1925 3310 2134 3358 genitricem
2158 3307 2264 3340 misse
2292 3311 2383 3335 asse-

1749 3373 1800 3399 20

2416 2873 2464 2890 «Υ

2484 2869 2566 2916 CV
