2583 3685
259 160 343 198 218

198 234 433 271 neutissimus
462 227 674 267 Cardinalis
703 229 877 269 Norisius
919 234 958 270 in
988 232 1180 275 Vindicius

197 288 433 328 gustiuitzuis
464 296 549 334 cap.
573 283 611 321 5.
642 281 678 333 §-
704 297 741 321 2.

195 331 207 337 ⁸
249 337 338 375 563.
370 336 592 373 inficiantur
620 337 801 385 demum,
850 340 1014 390 potuisse
1049 355 1071 378 a
1099 341 1182 381 Deo
1209 343 1308 394 justo

195 391 313 427 creari
345 387 570 437 homiuem,
618 391 826 428 obnoxium
864 394 944 429 sine
975 392 1055 431 ulla
1095 409 1161 433 sua
1190 396 1321 448 culpa·

192 443 363 490 morbis,
394 442 555 494 aliisque
585 445 746 482 miseriis
764 475 774 493 ,
803 446 946 495 quibus
973 458 1040 484 nos
1068 457 1221 500 propter
1249 449 1305 487 la-

190 496 278 532 bem
322 495 549 547 originalem
582 499 692 535 modo
735 498 832 548 juste
863 500 1073 550 punimur,
1122 501 1156 536 8<
1185 502 1308 540 multo

189 549 315 586 miuus
345 551 455 585 morti
474 580 484 597 ‚
514 564 603 602 quae
634 553 846 589 maximum
864 581 874 599 ,
912 551 946 587 8<
975 552 1157 592 ultimum
1186 555 1306 592 malo-

195 616 279 638 rum
312 611 508 653 reputatur
524 629 534 640 .

244 654 334 698 564.
366 655 499 708 Neque
546 657 711 695 multum
741 655 913 696 laborant
957 657 1072 710 liujus
1108 663 1304 699 sententiae

188 709 337 759 patroni
355 737 365 754 ‚
396 719 435 746 ut
465 724 548 747 eam
579 712 791 749 adamuata
807 710 892 762 ssaji
921 710 1094 750 doctrina
1123 723 1197 750 toto
1225 730 1304 753 coe-

188 762 226 798 lo
255 762 392 799 distare
420 764 638 802 ostendant.
667 764 716 802 Et
737 766 862 817 primo
890 777 1077 818 perquam
1108 767 1222 805 facile
1250 777 1305 806 est

186 815 225 852 id
254 815 448 853 ostendere
479 818 666 856 evidentia
696 819 814 863 facti3
858 832 946 856 cum
976 833 1090 858 nemo
1126 822 1303 871 ignoret,

186 869 362 906 eamdem
393 872 614 909 senteutiam
646 875 685 909 iu
706 870 854 909 Scholis
884 870 1081 911 catholicis
1111 875 1239 926 palam
1269 875 1304 911 δι

186 922 332 974 ubique
360 923 541 971 defendi,
588 937 662 962 uon
701 923 998 964 reclamantibus
1040 929 1200 966 summis
1230 928 1304 966 Ec-

184 974 313 1012 clesiae
344 974 585 1025 Pastoribus,
616 978 682 1030 qui
701 979 868 1030 profecto
897 993 969 1017 non
999 981 1188 1029 sinerent,
1219 994 1305 1033 pro-

183 1030 340 1081 scriptos
382 1030 475 1068 olim
507 1044 647 1068 errores
691 1034 827 1069 iterum
872 1033 910 1070 in
939 1046 1090 1071 scenam
1134 1037 1303 1074 revocari

185 1081 269 1132 (a).
301 1082 416 1121 Multi
449 1085 604 1136 insuper
633 1097 678 1122 ex
707 1086 755 1123 iis
784 1086 903 1138 ipsis,
932 1088 1001 1138 qui
1031 1095 1165 1125 statum
1197 1097 1304 1126 natu-

184 1148 238 1171 rae
270 1150 377 1188 purae
409 1138 630 1189 possibilem
661 1153 738 1176 esse
767 1141 959 1178 mordicus
988 1140 1217 1189 defenduut,
1247 1142 1302 1179 fa-

181 1197 305 1226 tentur
334 1192 521 1241 ingenue,
565 1194 793 1231 contrariam
823 1195 1047 1232 seutentiam
1066 1225 1075 1242 ,
1122 1204 1232 1246 prout
1261 1195 1302 1232 in

182 1242 320 1280 scholis
341 1244 537 1283 catholicis
567 1246 783 1284 defenditur
801 1276 811 1295 ‚
841 1247 890 1285 ab
912 1247 1138 1299 Apostolicis
1169 1248 1302 1286 fulmi-

181 1296 295 1334 nibus
324 1298 504 1335 intactam
536 1298 714 1336 hacteuus
745 1301 993 1346 remansisse3
1040 1314 1205 1353 quorum
1233 1312 1301 1338 no-

180 1351 289 1386 mina
318 1360 484 1387 recenset
514 1350 558 1389 P.
586 1353 703 1390 Laur.
734 1353 835 1391 Berti
859 1354 904 1393 ,in
934 1353 1039 1393 laud.
1069 1354 1228 1393 Dissert.
1251 1354 1300 1392 ΙΙ.

179 1401 346 1453 August.
377 1403 557 1455 System.
586 1404 800 1444 vindicati.

1227 237 1306 274 Au-

180 1571 305 1607 Gratia
328 1578 431 1618 primi
451 1574 601 1611 hominis
625 1590 700 1624 cap.
723 1578 754 1615 5.
782 1578 939 1625 ‘Ipsorum
955 1583 1024 1616 fere
1048 1582 1208 1616 omnium
1233 1594 1293 1616 no-

176 1620 294 1660 mina,
323 1625 353 1653 ὃς
378 1634 483 1666 opera
509 1634 664 1658 recenset
692 1627 726 1659 P.
753 1628 808 1659 Jo.
837 1629 941 1660 Laur.
961 1629 1055 1661 Berti
1080 1630 1116 1660 in
1144 1628 1292 1661 Dissert.

174 1667 219 1698 lt.
246 1668 496 1711 Augustinzani
531 1670 753 1713 Srstemat‘is
791 1675 960 1705 vindicati
1005 1685 1080 1717 cap.
1101 1675 1126 1705 1.
1170 1681 1293 1706 contrat

175 1710 246 1744 duo
268 1715 456 1756 opuscula,
492 1727 642 1759 quorum
671 1717 773 1760 primi
801 1717 857 1750 hic
891 1727 964 1751 erat
993 1720 1142 1752 titulus:
1187 1720 1294 1765 Baja-

176 1762 306 1790 nismus
333 1761 503 1793 redivivus
531 1774 566 1794 ιη
594 1767 738 1805 scriptis
765 1761 832 1794 ΡΡ.
852 1763 921 1795 FF.
950 1765 1119 1806 Bellelli,
1146 1770 1186 1798 Θ
1206 1766 1294 1799 Ber-

176 1808 234 1842 ti‚·
260 1805 403 1837 alterius
430 1814 566 1841 antei-n:
610 1808 849 1842 J‘tnsent'smus
876 1814 1048 1845 redivivus
1084 1816 1118 1845 ἱη
1147 1816 1291 1856 scriptis

174 1849 243 1881 ΡΡ.
265 1850 332 1882 FF.
359 1851 504 1886 Bellellz'
519 1876 529 1894 ,
556 1857 596 1886 <7⁴
615 1854 714 1888 Bertc'
732 1879 740 1887 .
770 1857 968 1902 Utrumque
982 1859 1192 1903 opusculum
1212 1871 1291 1904 pro-

173 1895 239 1929 eliit
267 1907 506 1941 anonymum,
531 1899 590 1933 sed
618 1903 793 1936 tributum
819 1905 886 1937 fuit
915 1906 958 1937 D.
989 1906 1127 1939 Saleoni
1146 1906 1293 1939 Arcbie-

173 1944 316 1987 piscopo
342 1943 531 1980 Viennensi
559 1948 593 1979 in
612 1949 762 1982 Galliis.
790 1949 856 1983 Hic
882 1958 1004 1985 auctor
1021 1953 1055 1984 in
1081 1962 1146 1985 art·
1167 1953 1199 1988 3.
1225 1952 1294 1985 Βα-

169 1991 316 2036 juisismz‘
336 1993 480 2025 redivivi
507 1995 538 2036 §7
554 2004 583 2024 2.
611 2006 646 2026 n.
665 2005 699 2038 9.
727 1996 917 2029 infeliciter
935 1999 1083 2041 probare
1109 1999 1205 2032 nisus
1217 2008 1293 2041 est,

173 2048 291 2068 omnes
318 2037 392 2082 Baji
419 2049 553 2073 errores
581 2040 615 2072 in
641 2040 705 2074 hac
732 2043 880 2075 materia
906 2043 949 2076 ab
975 2045 1180 2089 Apostolica
1207 2045 1292 2080 Sede

173 2081 419 2118 condemnatos
447 2085 482 2117 in
508 2086 574 2119 hac
599 2088 834 2132 propositione
862 2089 1017 2123 includi:
1054 2090 1291 2134 Impossibills

173 2139 228 2163 est
255 2139 363 2164 status
398 2140 522 2164 natum
547 2146 656 2177 purae.
708 2135 826 2168 Etiam
861 2136 916 2169 Jo.
941 2138 1012 2169 Jos.
1042 2138 1197 2182 Languet
1224 2142 1292 2173 Ar-

173 2177 413 2224 cliiepiscopus
441 2180 648 2213 senonensis
674 2181 852 2214 Judicium
894 2182 1005 2216 edidit
1045 2184 1090 2217 de
1133 2188 1292 2227 operibns

175 2223 384 2268 theologicis
410 2225 480 2257 FF.
509 2227 678 2268 Bellec'li,
725 2232 766 2260 Θ
791 2228 917 2270 Berci,
944 2230 978 2263 in
1005 2242 1075 2275 quo
1100 2235 1131 2269 ὁ,
1158 2233 1190 2265 8.
1215 2234 1292 2266 lau-

173 2269 271 2303 datos
298 2271 449 2315 insignes
476 2275 665 2318 scriptores
691 2282 808 2319 aperte
828 2284 994 2317 accusat,
1018 2276 1111 2322 quod
1125 2278 1201 2322 Baji
1229 2281 1292 2315 cla-

171 2326 315 2350 mnacutn
340 2320 532 2353 doctrinam
558 2324 749 2355 instaurare
778 2336 843 2354 non
872 2331 1070 2356 vereantur.
1122 2326 1195 2358 Sibi
1223 2339 1292 2362 non

172 2362 282 2397 defuit
309 2365 457 2399 eximius
485 2366 682 2411 Theologus
710 2369 743 2400 Ρ.
773 2370 877 2401 Laur.
905 2370 999 2402 Berti
1028 2374 1060 2402 δε
1093 2371 1294 2415 copiosissi-

173 2423 248 2444 mas
274 2423 370 2452 suae,
411 2424 624 2459 suorumque
651 2412 899 2449 consodalium
923 2414 1092 2449 doctrinae
1120 2416 1291 2454 vindicias

171 2458 273 2500 egit,
308 2470 433 2503 easque
460 2461 689 2505 amplissimis
715 2462 852 2494 munita
879 2463 1192 2507 approbationibus
1220 2467 1292 2500 Ro-

170 2515 238 2536 niae
264 2503 398 2545 editlit3
426 2509 457 2537 ἃ
483 2518 562 2540 cum
589 2508 686 2551 prius
713 2508 747 2540 in
774 2506 1026 2542 Additamento
1051 2508 1091 2542 ad
1112 2507 1188 2543 Lib.
1208 2514 1288 2546 ΧΗ.

170 2552 214 2583 de
240 2552 444 2594 disciplinis
471 2553 681 2597 theologicis
700 2553 1037 2597 quaestionemhanc
1064 2554 1208 2590 definire
1227 2570 1290 2593 no-

170 2597 316 2637 luisset,
344 2606 529 2633 contentus
550 2597 795 2633 tantummodo
819 2614 968 2634 errorum
985 2603 1217 2637 damnatorum
1231 2619 1291 2639 ruz-

172 2645 306 2677 beffllas
333 2657 350 2677 a
377 2646 447 2678 suis
466 2644 720 2679 consodalibus
735 2645 918 2691 dispellere
935 2669 946 2687 ,
973 2652 1004 2681 ἃ
1029 2648 1183 2684 modeste
1210 2664 1291 2696 ape-

172 2691 240 2722 rire
256 2712 266 2730 ,
291 2690 374 2735 quid
389 2692 496 2736 possit
510 2694 632 2739 majori
647 2693 891 2736 probabilitate
901 2694 1049 2737 defendi
1066 2717 1077 2735 ,
1102 2696 1289 2731 calumniis

172 2746 285 2778 postea
311 2748 453 2772 suorum
470 2738 763 2773 Adversariorum
789 2739 973 2774 lacessitus
994 2750 1127 2775 statum
1152 2751 1288 2777 naturae

175 2791 269 2823 purae
296 2784 547 2830 impossibilem
574 2798 670 2826 esse,
697 2794 815 2829 aperte
840 2785 980 2820 (locuit.

223 2832 269 2864 (a)
296 2830 361 2863 Vei
386 2831 450 2865 lioc
488 2833 600 2866 solum
627 2832 788 2865 cohibere
826 2831 1004 2866 debuisset
1042 2832 1288 2867 Lutheranum

175 2872 307 2906 Frider.
334 2879 498 2920 Cottam,
539 2891 580 2912 ne
606 2879 642 2912 in
668 2877 785 2912 adnot.
812 2877 854 2911 ad
883 2889 961 2924 pag.
990 2878 1070 2912 250.
1099 2879 1202 2913 Tom.
1224 2880 1285 2914 IV.

175 2918 295 2952 Locor-
323 2923 507 2969 theologie.
533 2927 590 2959 J0,
618 2923 791 2958 Gerhardi
819 2924 1060 2969 imprudenter
1086 2926 1256 2960 scriberet
1274 2949 1286 2968 ,

174 2964 264 2998 hanc
290 2972 521 3012 sententiam,
547 2985 606 3006 ceu
632 2984 831 3013 erroneam,
858 2976 899 3005 (9⁴
917 2973 1110 3007 har-ericam
1135 2971 1242 3006 fuisse
1269 2986 1289 3007 a

177 3012 354 3046 Clemente
382 3017 444 3048 XI.
472 3019 504 3050 in
525 3020 673 3052 Constit.
701 3018 909 3064 Urzigenitus
934 3018 1157 3052 damnatam.
1184 3021 1289 3054 Cotta

174 3056 339 3103 deceptus
375 3062 440 3094 fuit
467 3076 483 3095 a
511 3066 564 3098 Jo.
592 3066 758 3107 Frickio,
800 3067 859 3111 qui
899 3066 934 3110 in
961 3077 1022 3099 sua
1064 3061 1290 3101 Inclementia

175 3104 366 3138 Clementis
391 3113 583 3143 examinata
609 3113 709 3156 plura
737 3113 804 3145 alia
831 3113 918 3146 falsa
945 3111 1162 3146 venditavit.
1207 3114 1291 3148 Haec

175 3152 250 3195 ipsa
275 3151 447 3186 evidentia
474 3156 553 3187 facti
569 3159 678 3202 magis
703 3159 864 3193 cohibere
890 3158 1067 3193 debuisset
1080 3159 1160 3193 Nic.
1177 3159 1293 3193 Ghez-

176 3199 269 3231 zium
306 3198 350 3231 ab
375 3200 468 3232 omni
495 3200 703 3237 Jansenismi
745 3214 825 3239 nota
851 3204 934 3240 huic
972 3207 1153 3240 sententiae
1180 3207 1292 3252 impo-

175 3243 313 3285 nenda3
337 3245 397 3289 qui
424 3255 540 3279 tamen
567 3248 600 3279 in
626 3262 687 3282 sua
711 3249 980 3293 Declaratione,
1006 3256 1048 3285 (φ’
1066 3258 1292 3296 protestatio-

175 3303 217 3324 ne
240 3304 327 3324 anno
359 3292 460 3336 1754.
482 3294 582 3340 jussu
610 3294 648 3325 S.
676 3295 808 3330 Indicis
835 3299 1044 3343 Congregat.
1072 3298 1164 3333 edita
1191 3312 1292 3333 men-

176 3346 245 3378 tem
271 3349 369 3371 suam
395 3339 524 3372 clarius
549 3341 733 3384 exposuit.
759 3345 925 3377 Ceterum
953 3345 1038 3377 satis
1064 3346 1132 3379 erit
1160 3347 1225 3380 hac
1249 3346 1290 3379 de

175 3393 212 3416 re
237 3386 416 3421 consulere
428 3383 671 3422 doctissimum
696 3388 732 3421 P.
757 3389 810 3424 Jo.
832 3391 937 3425 Laur.
964 3390 1060 3426 Berti
1084 3391 1121 3425 in
1141 3392 1289 3430 Dissert-

768 151 1169 199 DISSERTA‘I'IO
1194 156 1274 199 111.
1328 154 1496 198 SECT.
1527 153 1608 198 III.
1642 157 1768 201 CAP.
1792 158 1869 203 III.

1429 233 1519 272 565.
1550 233 1736 273 Praeterea
1754 238 1981 289 observant,
2013 244 2282 294 propositiones
2298 244 2380 298 Baji
2410 255 2486 284 non

1375 289 1488 326 fuisse
1517 301 1649 326 omnes
1680 298 1719 326 ut
1747 289 1984 342 haereticas,
2016 298 2133 333 immo
2163 312 2286 349 neque
2308 300 2345 336 in
2376 303 2485 339 omni

1374 355 1485 380 sensu
1515 342 1739 391 damnatas,
1787 345 1837 381 ita
1867 346 1969 384 enim
2000 347 2111 386 habet
2139 349 2384 390 l’omificium
2427 354 2488 391 di-

1377 395 1529 447 ploma:
1579 425 1604 443 :⁷
1633 396 1738 443 Quas
1766 400 1968 437 sententias
1997 403 2122 440 stricto
2150 415 2277 441 coram
2308 406 2418 444 nobis
2447 422 2485 443 e-

1376 478 1402 497 „
1432 450 1584 487 xamine
1614 450 1865 501 ponderatas,
1908 465 2139 504 quanquam
2182 459 2383 496 nonnullae
2413 461 2489 497 ali-

1376 531 1402 550 „
1433 517 1506 552 quo
1535 512 1651 551 pacto
1680 507 1865 542 sustiueri
1893 516 2074 556 possent,
2107 510 2145 544 in
2177 510 2298 559 rigore
2329 521 2485 562 tamen,

1375 584 1403 602 „
1433 555 1467 590 8<
1497 557 1651 607 proprio
1680 557 1886 596 verborum
1913 572 2022 596 sensu
2065 560 2114 597 ab
2143 562 2384 603 assertoribus
2426 567 2485 603 in-

1376 636 1402 656 „
1432 618 1532 647 tento
1561 609 1784 658 haereticas,
1833 625 2027 659 erroneaS,
2064 622 2279 665 suspectas,
2327 625 2486 656 temera-

1373 690 1400 709 „
1431 665 1505 702 rias
1523 693 1534 712 ‚
1564 663 1827 712 scandalosas,
1858 664 1891 701 ἃ
1922 666 1961 703 in
1993 666 2074 716 pias
2102 679 2212 703 aures
2239 666 2486 710 offensionem

1372 743 1398 763 „
1428 717 1701 764 immittentes,
1749 721 1979 769 respective,
2017 733 2061 757 ac
2090 732 2348 773 quaecumque
2375 735 2487 775 super

1373 798 1400 817 ,‚
1431 771 1477 807 iis
1506 771 1623 809 verbo
1651 771 1863 823 scriptoque
1892 773 2031 810 emissa
2074 775 2323 824 praesentium
2362 785 2488 812 aucto-

1374 851 1400 871 „
1429 824 1536 861 ritate
1566 823 1822 873 damnamus,
1866 826 2252 877 circumscribimus,
2295 826 2330 863 ἃ
2359 827 2489 867 abole-

1377 905 1404 924 ‚,
1434 890 1518 913 mus
1550 876 1608 925 (b)
1627 903 1637 915 .

1429 928 1520 967 566.
1551 930 1621 967 His
1650 931 1883 981 praemissis,
1926 932 1994 985 qui
2022 941 2159 972 statum
2202 941 2349 973 naturae
2379 946 2489 988 purae

1373 980 1594 1032 possibilem
1615 997 1690 1020 esse
1706 994 1846 1037 negant
1862 1015 1872 1033 ‚
1905 986 2034 1024 multis
2049 989 2280 1038 argumentis
2300 988 2487 1041 probant,

1371 1036 1585 1073 doctrinam
1615 1036 1654 1073 in
1684 1036 1776 1086 Baio
1803 1036 2022 1077 damnatam
2053 1039 2153 1078 haud
2182 1054 2259 1080 esse
2295 1042 2488 1082 diversam

1371 1088 1421 1125 ab
1452 1101 1575 1126 errore
1604 1087 1761 1127 Lutheri
1779 1119 1789 1138 ,
1837 1094 1906 1144 qui
1935 1094 1975 1130 in
2005 1093 2219 1132 Comment.
2249 1109 2284 1134 c·
2315 1092 2382 1134 ΙΙΙ.
2413 1096 2490 1134 Ge-

1371 1154 1451 1180 nes.
1498 1150 1705 1180 statuerat:
1768 1172 1794 1190 „
1825 1145 1963 1184 Adami
2009 1145 2194 1196 justitiam
2243 1161 2319 1186 non
2372 1150 2489 1189 fuisse

1372 1224 1398 1243 ,‚
1427 1195 1622 1247 quoddam
1652 1195 1822 1244 donum,
1851 1197 1953 1248 quod
1983 1199 2032 1236 ab
2061 1209 2164 1238 extra
2183 1202 2404 1250 accederet,
2434 1216 2490 1240 se-

1371 1277 1398 1296 „
1429 1257 1605 1301 paratum
1634 1263 1656 1286 a
1684 1257 1822 1287 natura
1851 1248 2043 1298 hominis,
2073 1252 2137 1289 sed
2166 1253 2281 1292 fuisse
2310 1269 2488 1294 verena-

1371 1331 1397 1350 „
1427 1300 1619 1350 totalem,
1662 1311 1701 1340 ut
1730 1311 1868 1341 natura
1897 1303 1992 1341 Adae
2022 1313 2116 1342 esset
2143 1305 2304 1356 diligere
2332 1308 2489 1358 Deum,

1370 1385 1397 1405 2,
1427 1357 1579 1393 credere
1599 1356 1708 1404 Deo,
1738 1369 1942 1408 agnoscere
1962 1358 2116 1406 Deum,
2146 1357 2181 1394 &
2210 1357 2294 1396 liaec
2323 1367 2490 1398 tamna-

1370 1438 1395 1457 „
1427 1409 1564 1448 turalia
1594 1410 1709 1449 fuisse
1750 1412 1792 1449 in
1823 1411 1997 1461 Adamo,
2045 1425 2164 1464 quain
2192 1411 2367 1451 naturale
2411 1422 2490 1463 est,

2277 1494 2304 1515 „
2335 1467 2439 1518 quod

1361 1585 1404 1616 lt.
1433 1584 1661 1628 Apologetica
1688 1584 1910 1629 Srstematis
1927 1582 2178 1629 Augustinianz‘
2205 1587 2401 1626 vindicati,
2425 1586 2488 1621 ubi

1359 1628 1566 1663 discrimina
1592 1631 1690 1664 affert
1718 1632 1869 1675 insignia
1894 1633 1986 1665 inter
2000 1631 2182 1665 'damnatas
2208 1632 2308 1675 Baji,
2335 1645 2373 1666 ac
2392 1633 2487 1676 Que-

1361 1677 1461 1708 snelli
1499 1679 1775 1721 propositiones,
1818 1682 1850 1710 ἃς
1885 1691 1953 1711 non
1990 1689 2184 1722 paucorum
2224 1678 2487 1722 Theologorum

1361 1724 1572 1756 sententiam
1598 1723 1639 1756 de
1666 1724 1875 1767 impossibili
1903 1734 2038 1757 naturae
2056 1734 2153 1768 purae
2179 1731 2300 1764 statu,
2326 1724 2412 1769 quin
2427 1737 2488 1758 ne-

1360 1780 1454 1800 cesse
1480 1769 1643 1803 habuerit
1663 1771 1849 1814 confugere
1875 1769 1919 1803 ad
1944 1771 2124 1803 infelicem
2142 1769 2243 1802 illam
2261 1771 2458 1804 evasionem
2473 1792 2486 1812 ,

1360 1826 1430 1858 qua
1457 1827 1539 1847 usus
1565 1824 1617 1849 est
1644 1818 1750 1850 Corn.
1780 1817 1967 1850 Jansenius
1994 1816 2071 1849 Lib.
2098 1817 2142 1848 11.
2167 1818 2211 1849 de
2238 1824 2331 1850 statu
2363 1825 2487 1851 naturae

1358 1873 1444 1904 purae
1472 1873 1549 1905 cap.
1577 1871 1776 1906 postremo,
1805 1864 1864 1896 ubi
1893 1864 2008 1907 primo
2032 1861 2168 1895 duobus
2195 1863 2342 1895 summis
2369 1863 2488 1897 Ponti-

1362 1907 1485 1941 ficibus
1514 1909 1573 1942 Pio
1600 1909 1670 1950 V.‚
1696 1913 1728 1942 &
1753 1910 1922 1953 Gregorio
1943 1910 2040 1942 Xttl.
2066 1920 2192 1942 nomen
2220 1909 2365 1953 opponit
2390 1918 2488 1943 vete-

1361 1962 1414 1986 res
1442 1954 1625 1988 Pontifices
1649 1960 1775 2000 partim
1802 1958 2056 1994 doctissimos,
2079 1959 2208 1998 partim
2225 1959 2486 2000 sanctissimos,

1361 2001 1604 2035 Innocentium
1618 2024 1628 2042 ,
1655 2003 1838 2036 Zosimum
1854 2024 1864 2042 ,
1890 2001 2110 2035 Bonifacium
2125 2023 2136 2041 ‚
2176 2003 2321 2036 Xistum
2337 2024 2347 2042 ,
2373 2003 2486 2036 Caele-

1362 2046 1494 2080 stinum
1510 2069 1521 2087 ,
1548 2050 1698 2082 Leonem
1717 2071 1727 2089 ,
1754 2049 1935 2081 Gelasium
1952 2071 1963 2089 ,
1989 2047 2240 2089 Hormisdam,
2267 2052 2299 2081 δι
2315 2050 2488 2083 ,loannem

1361 2094 1405 2126 lt.
1420 2114 1431 2133 ,
1458 2095 1518 2137 qui
1545 2093 1744 2128 doctrinam
1763 2096 1797 2127 S.
1823 2095 2011 2139 Augustini
2026 2093 2219 2138 probarunt
2234 2115 2245 2134 ,
2269 2094 2487 2136 laudarunt,

1360 2147 1527 2173 acesuam
1553 2142 1739 2181 fecerunt,
1766 2142 1869 2186 quasi
1888 2153 1972 2174 vero
1983 2140 2058 2173 liaec
2072 2152 2255 2185 nunquam
2280 2141 2365 2174 satis
2392 2153 2488 2176 com-

1360 2182 1525 2220 mendata
1550 2186 1710 2221 doctrina
1737 2189 1841 2220 fuerit
1867 2188 1903 2220 in
1929 2186 2015 2230 Bajo
2049 2181 2216 2220 damnata
2243 2193 2254 2226 (
2278 2198 2355 2231 quae
2396 2199 2486 2232 pura

1360 2241 1515 2276 putaque
1541 2242 1593 2267 est
1606 2234 1762 2267 Jansenii
1780 2256 1790 2274 ‚
1819 2237 1850 2267 &
1869 2245 2060 2279 paucorum
2086 2233 2239 2266 aliorum
2257 2234 2434 2267 calumnia
2451 2238 2484 2273 ).

1361 2278 1495 2312 Deinde
1523 2289 1599 2325 post
1626 2282 1738 2314 multa
1765 2280 1872 2314 verba
1900 2279 2040 2313 tandem
2067 2270 2269 2320 concludit,
2305 2280 2399 2313 nihil
2425 2292 2486 2324 ορ-

1360 2330 1538 2368 portunius
1564 2328 1641 2361 dici
1666 2339 1794 2371 posse,
1830 2340 1924 2371 quarn
1950 2327 2044 2359 Rom.
2071 2325 2297 2367 Ecclesiam,
2335 2331 2390 2361 cui
2418 2339 2486 2360 non.

1362 2376 1472 2406 mimis
1495 2386 1590 2417 pax,
1629 2387 1723 2417 quam
1748 2374 1900 2406 eruditio
1918 2373 2077 2416 filiorum
2103 2385 2234 2406 suorum
2272 2375 2371 2406 cordi
2398 2381 2483 2424 est,

1360 2421 1547 2461 prudentiae
1572 2422 1779 2454 directricis
1816 2433 1992 2453 censuram
2017 2420 2205 2458 ecticlisse;
2244 2420 2381 2452 scilicet·
2407 2419 2486 2464 BaJi.

1361 2467 1597 2507 sententiam,
1623 2479 1687 2499 non
1714 2475 1876 2509 tamquam
1892 2467 2028 2510 falsam
2046 2489 2057 2508 ,
2095 2467 2157 2498 sect
2181 2476 2216 2500 ut
2241 2469 2339 2509 pacis
2365 2468 2486 2500 inimi-

1360 2523 1434 2543 cam
1459 2514 1632 2558 tantisper
1656 2511 1841 2546 vitandam
1865 2514 2066 2555 censuisse,
2091 2513 2175 2557 quia
2186 2513 2363 2547 contraria
2389 2524 2484 2546 com-

1360 2559 1516 2592 muniter
1542 2569 1625 2593 tunc
1652 2569 1728 2593 erat
1755 2558 1846 2603 apud
1874 2559 2110 2594 Scholasticos
2150 2567 2313 2605 recepta.
2363 2559 2483 2603 Longe

1360 2606 1463 2638 aliter
1487 2617 1522 2638 se
1548 2605 1740 2639 defendunt
1760 2606 1928 2649 Theologi
1956 2608 2008 2638 illi
2035 2605 2236 2645 Catholici,
2262 2604 2322 2648 qui
2348 2613 2482 2637 statum

1358 2661 1494 2685 naturae
1521 2664 1642 2696 purae,
1684 2661 1722 2684 ut
1747 2651 1977 2684 chimericum
1994 2673 2005 2690 ‚
2041 2654 2072 2682 ἀ
2102 2650 2355 2693 impossibilem
2372 2660 2484 2698 ‘repu-

1357 2696 1483 2736 diant3
1518 2709 1640 2741 nempe
1665 2696 1744 2740 jure
1770 2697 1964 2740 meritoque
1989 2696 2192 2729 damnatam
2217 2705 2290 2727 esse
2317 2694 2394 2737 Baji
2419 2693 2481 2727 do-

1357 2743 1513 2775 ctrinam
1539 2750 1725 2782 asserunt,
1766 2741 1828 2776 sed
1853 2742 1895 2775 ab
1921 2754 2009 2776 ease
2034 2742 2158 2787 procul
2198 2739 2329 2774 distare
2365 2749 2482 2774 osten-

1357 2786 1465 2821 dunt.
1884 2830 1887 2831 ⁷

1403 2834 1451 2873 (b)
1482 2830 1602 2878 Aliqui
1630 2842 1706 2878 post
1733 2834 1792 2867 illa
1818 2835 1926 2869 verba
1954 2837 2121 2871 sustineri
2145 2842 2315 2878 possent,
2339 2833 2477 2868 nullam

1354 2879 1497 2913 omnino
1521 2881 1700 2925 virgulam
1725 2881 1993 2925 apponendam,
2031 2882 2090 2918 sed
2115 2880 2274 2915 eamdem
2300 2881 2480 2925 virgulam

1355 2923 1636 2960 transferendam
1660 2938 1733 2960 esse
1756 2936 1835 2972 post
1863 2928 1931 2961 alia
1956 2929 2064 2963 verba
2090 2930 2130 2962 ab
2160 2930 2396 2962 assertoribus
2423 2930 2479 2960 in-

1356 2981 1450 3007 tento
1474 2972 1659 3006 volebant:
1704 2982 1743 3007 ut
1770 2986 1893 3019 nempe
1921 2974 2097 3009 Pontificis
2122 2987 2219 3008 mens
2253 2987 2320 3009 non
2346 2974 2480 3013 suerit,

1358 3019 1525 3053 damnare
1551 3030 1607 3052 eas
1633 3020 1885 3064 propositiones
1912 3024 1947 3053 in
1974 3025 2115 3066 rigore,
2142 3027 2182 3055 (J
2208 3025 2348 3067 proprio
2376 3032 2480 3053 sensu

1358 3065 1399 3099 ab
1423 3067 1656 3099 assertoribus
1681 3070 1811 3100 intento
1827 3089 1837 3108 ,
1876 3067 1936 3100 sed
1962 3068 1997 3101 in
2025 3070 2093 3102 alio
2118 3081 2220 3102 sensu
2243 3068 2372 3102 ‘minus
2399 3078 2480 3110 pro-

1359 3113 1460 3158 prio,
1497 3122 1601 3156 quem
1625 3109 1753 3146 habere
1780 3123 1943 3157 possent.
1986 3116 2229 3150 Veruntamen
2255 3127 2311 3149 eos
2338 3115 2414 3148 falli
2440 3125 2479 3146 o-

1360 3156 1490 3192 stendit
1516 3158 1552 3190 P.
1579 3156 1717 3192 Natalis
1742 3159 1943 3193 Alexander
1970 3161 2005 3195 in
2031 3162 2133 3196 Hist-
2159 3163 2262 3196 Eccl.
2289 3163 2375 3196 Saec.
2395 3159 2476 3195 XV·

1360 3209 1393 3238 δε
1420 3205 1518 3239 XVI.
1546 3215 1621 3250 cap.
1650 3216 1681 3237 2.
1710 3215 1777 3239 art.
1810 3209 1862 3250 14.
1906 3206 2001 3242 ldem
2025 3217 2145 3243 tamen
2173 3210 2206 3242 Ρ.
2231 3208 2370 3242 Natalis
2395 3217 2477 3239 con·-

1359 3251 1466 3285 sentit
1493 3249 1601 3285 Gabr.
1628 3252 1850 3297 Vasquezio,
1887 3254 1947 3298 qui
1976 3256 2160 3301 plerasque
2187 3256 2328 3289 illarum
2353 3263 2478 3298 propo·

1359 3298 1526 3331 sitionum
1563 3296 1746 3332 damnatas
1783 3300 1889 3333 fuisse
1925 3312 2066 3343 censet,
2107 3304 2149 3336 ob
2174 3312 2328 3345 asperam
2351 3301 2477 3332 ‹lunta-

1360 3352 1422 3378 παι
1446 3348 1606 3389 oppositae
1633 3348 1805 3379 sententia
1831 3359 2033 3390 censuram,
2058 3363 2123 3394 quae
2148 3347 2350 3391 offensionis
2372 3355 2478 3378 causa

1350 3390 1429 3438 sctit
1442 3413 1455 3434 ,
1480 3404 1546 3428 mm
1569 3392 1608 3427 ob
1633 3394 1769 3428 illarum
1783 3393 1986 3441 falsitatem
1999 3417 2012 3437 ‚
2038 3409 2095 3431 seu
2120 3395 2160 3430 ob
2188 3405 2359 3435 errorem,
2385 3403 2477 3438 quem
