2583 3685
794 144 876 193 DE
909 144 1167 194 HAERESI
1198 147 1595 197 NESTORIANA
1614 182 1627 196 .

61 227 254 275 baernum
294 217 438 280 quibus
464 226 607 264 sensim
635 225 767 279 plures
794 229 909 268 etiam
952 241 1083 267 eorum
1113 243 1178 268 ac-

64 284 276 328 cedebant,
315 279 385 332 qui
413 279 520 332 prius
555 279 670 320 rebus
697 282 825 320 minus
867 284 1074 335 perspectis
1101 281 1177 321 Ne-

62 339 175 377 storio
187 348 189 351 ·
199 331 436 373 adhaeserant
452 359 463 371 .

110 389 185 427 ⁷15.
214 384 344 437 Major
362 394 489 425 autem
504 399 597 426 cura
618 388 818 428 incesserat
836 388 1003 428 Concilii
1023 387 1150 428 Patres
1166 418 1177 437 ,

64 447 264 496 postquam
307 439 369 478 die
400 452 465 492 27.
493 440 601 480 Junii
631 441 829 495 Ephesum
870 443 1040 495 pervenit
1066 441 1178 479 Joan·

62 497 127 533 ώο
163 490 418 532 Antioclienns
458 494 723 534 Orientalibus
752 495 952 548 Episcopis
991 495 1178 584 stipatus·

58 545 138 607 lpsi
165 546 320 585 obviam
341 545 548 586 aConcilio
577 549 682 587 missi
711 549 861 587 fuerant
887 546 1062 586 nonnuli
1090 545 1176 584 Cle-

58 599 159 648 τιεί,
190 598 224 635 ἃ
252 599 456 652 Episcopi,
485 608 567 639 tum
598 599 747 640 lionoris
775 613 915 648 causa,
944 607 1025 636 tum
1056 600 1172 637 etiam

55 660 98 690 ut
125 666 216 691 eum
243 653 293 691 de
323 653 436 692 rebus
463 651 646 693 hactenus
672 656 784 706 gestis
810 653 1008 692 certiorem
1038 652 1172 690 redde-

53 714 138 744 rent
159 732 170 744 .
200 705 336 745 Eidem
365 715 493 746 tamen
521 708 828 768 appropinquare
843 720 865 743 a
883 704 1070 743 militibus
1086 719 1171 756 per-

56 760 164 798 missi
193 771 268 798 non
297 768 380 799 sunt
398 790 410 809 ,
447 759 482 797 ἃ
511 772 577 799 vix
605 767 802 812 postquam
831 759 879 796 ad
907 771 1019 796 suum
1047 758 1170 797 domi-

57 811 196 851 cilium
226 815 483 864 pervenisset‚
523 825 615 851 cum
641 824 688 849 eo
727 810 898 863 colloqui
940 820 1169 863 potuerunt3

54 873 170 918 atque
198 866 249 905 ab
276 878 322 905 eo
348 866 496 905 dimissi
523 863 656 904 multis
683 862 860 915 injuriis,
890 863 924 901 ἃ
948 864 1071 917 Ρίειςίε
1111 866 1168 903 af-

57 918 148 958 fecti
177 929 288 959 sunt.
328 920 494 959 Joannes
519 930 612 958 vero
639 914 747 956 illico
770 930 863 956 cum
905 920 982 956 suis
1010 917 1167 970 Episco-

55 973 141 1026 pis,
170 971 354 1026 aliisque,
383 971 513 1024 quiad
540 983 632 1008 eum
644 979 903 1010 convenerant
931 971 1166 1025 pseudo-Sy-

51 1025 196 1065 nodum
226 1024 446 1071 inchoavit,
473 1024 538 1062 cui
567 1032 694 1063 tamen
724 1026 870 1063 mirum
899 1034 972 1072 est,
1000 1037 1076 1063 non
1105 1026 1169 1069 in-,

51 1078 225 1117 terfuisse
251 1077 467 1116 Nestorium
484 1105 496 1124 ,
544 1077 584 1114 in
610 1077 724 1128 cujus
765 1079 927 1129 gratiam
965 1076 1038 1116 hoc
1064 1076 1164 1116 schi-

50 1131 253 1170 smaticum
282 1127 587 1168 conciliabulum
602 1129 817 1168 habebatur
833 1144 844 1176 ;
874 1131 1029 1168 sortasse
1049 1140 1164 1169 utsu-

49 1183 218 1234 spicatur
247 1182 288 1222 P.
307 1182 366 1222 JO.
396 1183 632 1231 Garnerius,
661 1196 710 1221 ne
739 1185 818 1235 ipse
849 1184 1165 1223 ntConstantino-

104 1233 242 1275 litantis
257 1234 477 1275 patriarcha
490 1234 644 1288 Synodo
660 1237 866 1288 praesidere
881 1235 1019 1284 vellem
1048 1251 1164 1290 quem

101 1301 231 1328 norem
260 1289 420 1327 Joannes
448 1288 643 1327 ambiebat
671 1291 688 1340 (
718 1291 757 1328 in
787 1289 902 1328 Praef.
931 1290 979 1328 ad
995 1290 1094 1329 Part.
1116 1291 1165 1329 11.

47 1341 223 1393 Operum
252 1340 372 1380 Marii
389 1341 614 1380 Mei-catoris
643 1356 683 1394 p.
710 1341 774 1381 28.
806 1343 850 1392 ).
880 1343 1007 1395 Hujus
1037 1346 1165 1396 prima.

48 1396 149 1433 actio
194 1394 266 1432 suit
301 1396 480 1434 sententia
520 1395 762 1448 depositionis
803 1405 934 1435 contra
963 1396 1004 1435 S.
1032 1397 1161 1450 Cyril—

48 1445 132 1485 ltsm
148 1476 160 1494 ,
190 1445 506 1496 &Memnonem‚
537 1450 943 1487 excommunicationis
963 1464 1050 1488 vero
1070 1465 1161 1488 con-

49 1506 111 1538 tra
134 1508 278 1538 ceteros
305 1500 541 1552 Episcopos,
583 1514 627 1538 ac
656 1501 822 1540 Clericos
865 1504 1002 1541 iisdem
1030 1504 1160 1541 adhae-

42 1560 195 1601 rentes,
235 1553 356 1591 donec
396 1554 653 1607 resipiscentes
693 1555 742 1592 ad
768 1569 855 1593 suas
892 1565 1016 1608 partes
1056 1570 1160 1595 com-

42 1605 277 1658 migrarent.
309 1605 402 1654 Qua
429 1607 472 1646 iu
500 1620 542 1644 re
568 1607 735 1645 breviter
762 1609 1002 1647 considerare
1030 1623 1160 1661 possu-

41 1670 130 1698 mus
155 1671 232 1699 non
248 1657 373 1698 solum
387 1660 637 1699 temeritatem
657 1660 724 1706 43.
754 1661 1034 1713 Episcopornm
1051 1692 1062 1711 ‚
1090 1663 1159 1714 qui

12 1722 16 1727 '
39 1709 220 1752 ducentos
253 1726 350 1765 pene
378 1714 476 1763 rite,
517 1728 562 1753 ac
589 1713 760 1766 legitime
799 1724 1043 1766 congregatos
1072 1728 1154 1767 pro-

43 1764 214 1804 scribere
240 1767 325 1805 ausi
353 1775 462 1816 sunt,
489 1768 554 1806 sed
582 1769 698 1806 etiam
726 1766 951 1806 violentiam
971 1768 1006 1805 8t
1026 1777 1158 1821 tyran·

40 1817 173 1857 uidem
199 1816 317 1870 hujus
344 1820 485 1871 pseudo
511 1819 659 1873 Synodi
675 1849 687 1868 ,
716 1834 806 1873 quae
836 1822 986 1860 eosdem
1002 1821 1160 1874 Episco-

40 1883 139 1923 ρος,
165 1885 238 1910 nec
265 1872 432 1921 auditos,
461 1886 530 1911 nec
557 1874 731 1911 invitatos
758 1876 838 1912 sine
852 1876 1028 1913 examine
1058 1889 1160 1926 prae-

41 1924 133 1973 νὶο,
161 1923 198 1961 ἃ
225 1925 308 1963 sine
335 1924 417 1963 ullo
444 1939 490 1964 ex
518 1927 565 1964 iis
593 1927 757 1974 ritibus,
786 1940 882 1978 quos
909 1929 1005 1966 sacri
1034 1929 1158 1967 Cano-

39 1986 108 2017 ω
136 1978 177 2016 in
207 1975 428 2030 hujusmodi
455 1978 610 2030 judiciis
639 1981 916 2034 waescribtum
955 1980 1155 2032 judicare,

39 2029 77 2067 ἃ
95 2031 344 2070 condemnare
360 2041 682 2085 praesumpserunt
699 2059 709 2071 .
738 2032 1001 2080 Quamobrem
1017 2034 1057 2072 S.
1077 2035 1156 2087 Cy-

36 2081 179 2133 rinus,
207 2083 246 2121 ἃ
269 2083 485 2134 memnon,
513 2094 664 2139 spreta,
694 2094 734 2124 nt
761 2100 831 2138 par
860 2095 964 2135 erat,
994 2086 1065 2126 hac
1093 2089 1154 2128 in-

35 2136 183 2186 formi,
223 2135 259 2174 R
282 2137 434 2176 nullius
469 2138 613 2178 roboris
656 2141 871 2187 sententia,
914 2149 1063 2193 postero
1091 2141 1155 2180 die

37 2187 256 2230 solemniter
281 2200 563 2231 sacrosanctum
583 2191 714 2232 Missae
744 2192 993 2232 Sacrificium
1022 2193 1154 2244 publi-

36 2255 84 2282 ce
109 2242 380 2293 celebrarunt,
420 2247 486 2284 cui
529 2245 640 2284 multi
669 2246 800 2284 fideles
828 2247 1076 2293 adstiterunt,
1119 2245 1154 2283 ἃ

39 2308 236 2338 sacrorum
264 2299 531 2349 mysteriorum
570 2300 773 2349 participes
803 2299 892 2335 facti
921 2307 1050 2345 sunt,1
1075 2311 1152 2337 non

36 2347 274 2387 obstantibus
298 2349 478 2388 omnibus
494 2351 654 2388 Comitis
671 2350 903 2388 Candidiani
931 2349 1152 2400 conatibus,

37 2399 182 2453 quibus
209 2399 306 2439 hanc
333 2401 607 2440 solemnitatem
637 2402 825 2454 impedire
854 2407 1035 2441 tentavit.
1071 2437 1080 2445 ,

100 2451 163 2492 16.
192 2452 262 2491 His
290 2453 402 2492 malis
430 2463 666 2493 accesserunt
709 2464 833 2506 postea
861 2454 996 2494 litterae
1027 2455 1153 2495 Theo-

38 2505 137 2545 dosii
166 2505 435 2558 Imperatoris,
477 2508 546 2560 qui
574 2507 620 2544 de
649 2507 761 2546 rebus
803 2509 912 2560 gestis
956 2508 1077 2558 falsa,
1107 2524 1150 2548 ac

38 2557 208 2613 maligna
233 2559 393 2601 Comitis
411 2560 635 2600 Caudidiani
650 2590 663 2612 ,
692 2560 725 2599 Bt
753 2560 1066 2606 Nestori-morum
1093 2576 1166 2604 re·-

86 2725 141 2763 (o)
171 2719 305 2758 Notatn
331 2721 437 2770 digna
462 2734 543 2761 erint
567 2738 608 2761 ea
635 2726 753 2762 Sancti
778 2726 955 2762 Caelestini
983 2725 1089 2763 verba
1114 2727 1158 2763 ad

39 2766 279 2804 Theodosium
297 2785 307 2804 ε
336 2772 454 2820 Major
469 2775 561 2807 vobis
576 2774 673 2817 fidei
693 2787 792 2808 causa
806 2788 883 2808 esse
908 2777 1010 2810 debet
1027 2797 1038 2816 ‚
1063 2785 1157 2821 quam

36 2820 168 2860 tegni,
190 2820 400 2863 arnpliusqne
421 2831 484 2863 pro
508 2833 595 2864 pace
621 2819 858 2856 Ecclesiarum
885 2822 1077 2856 Clementia
1103 2836 1158 2856 ve-

39 2867 118 2894 stra
137 2863 240 2897 debet
262 2877 344 2899 esse
370 2868 527 2900 sollicita
543 2886 555 2906 ‚
591 2880 684 2911 quam
707 2879 770 2911 pro
795 2872 938 2902 omnium
971 2873 1157 2903 securitate

43 2911 230 2941 terrarum.
268 2911 378 2946 subse
402 2921 521 2946 nuntur
545 2917 634 2946 enim
661 2919 773 2948 omnia
797 2924 960 2959 prospera
977 2937 988 2956 ‚
1027 2919 1059 2948 si
1084 2921 1158 2960 pri*—

42 2952 170 3005 mitur,
193 2964 259 2998 φα
275 2965 352 2991 sunt
408 2971 447 2992 eo
462 2962 601 2993 cariora
616 2981 627 3000 ‚
654 2969 830 2995 serventur
845 2985 853 2993 .
880 2961 926 2996 Et
944 2963 1058 2996 infra}
1087 2962 1155 2996 Pro

44 3003 153 3031 nnn
176 3003 265 3033 enim
289 3005 423 3047 imperii
450 3008 561 3040 salute
587 3010 745 3051 geritur,
771 3010 936 3053 quidquid
957 3021 1019 3053 pro
1045 3013 1154 3053 quiete

46 3039 240 3084 Ecclesia,
273 3049 323 3080 vel
350 3059 472 3083 saneta
500 3052 697 3097 Religionis
722 3055 936 3089 observantia
962 3056 1153 3090 laboratur.

45 3087 262 3140 'Erec-verba
285 3093 451 3129 vellicare
476 3098 569 3131 visus
593 3108 644 3132 est
661 3100 908 3135 'l'illemontius
935 3102 1036 3136 'Pom-
1056 3100 1154 3136 XlV·

45 3144 82 3166 ln
109 3143 182 3167 vtta
208 3137 326 3170 Sancti
353 3141 480 3185 Cyrilli
505 3151 572 3177 art.
597 3144 655 3187 46.
690 3149 790 3191 quasi
817 3146 1000 3191 Pontifex,
1035 3151 1159 3194 majori

48 3185 259 3234 securitate,
295 3196 390 3235 quam
415 3187 564 3222 Sanctus
589 3192 801 3235 Augustinus
817 3195 1002 3238 fecisset,
1038 3198 1159 3237 Augu-

42 3234 99 3261 sto
120 3238 345 3272 promiserit,
381 3237 493 3266 omnia
527 3248 685 3278 prospere
722 3249 901 3281 secutur-a,
940 3245 970 3274 si
994 3244 1152 3283 primitur

43 3283 113 3353 g:
137 3282 211 3307 sunt
229 3273 306 3308 Deo
332 3282 468 3322 cariora
495 3290 691 3314 serventur.
718 3284 779 3318 His
804 3286 919 3320 verbis
945 3288 1055 3320 voluit
1075 3287 1154 3319 Til·—

116 3320 231 3354 ontins
268 3322 382 3356 locum
419 3325 536 3358 Sancti
562 3326 749 3370 Augustini
784 3331 970 3376 indigitare
1004 3329 1082 3366 Lib.
1104 3332 1150 3365 V·

48 3361 103 3398 De
128 3366 234 3400 Ciuit.
260 3367 331 3401 Dei
357 3382 432 3416 cap.
453 3372 509 3404 25.
537 3372 637 3405 Totn.
655 3373 716 3406 Vl.
742 3376 801 3410 ubi
827 3386 1017 3425 postquam
1036 3379 1152 3414 omnia

149 3411 390 3469 Gazzaniga
422 3415 551 3458 Theol.
581 3418 695 3460 Tom.
726 3419 775 3462 V.

2244 176 2301 217 97

1245 228 1384 268 latione
1413 234 1548 271 certior
1566 233 1686 270 factus
1700 263 1711 281 ,
1742 247 1808 286 per
1828 233 2044 276 Palladium
2064 236 2362 290 Magistri-snum

1245 290 1324 320 acta
1353 284 1546 333 concilii,
1590 295 1785 337 tamquam
1824 289 2100 339 tumultuaria,
2143 292 2178 329 ἃ
2209 292 2360 346 illegiti-

1244 348 1308 372 ma
1325 337 1586 375 rescindebat.
1618 337 1695 375 Nec
1716 340 1830 377 facile
1860 352 2030 393 poterant
2051 344 2177 384 Patres
2206 360 2362 396 veram,

1244 401 1289 426 ac
1318 389 1504 427 sinceram
1538 392 1719 429 Actorum
1764 392 1983 433 relationem
2020 398 2068 434 ad
2096 412 2206 437 aures
2236 400 2361 453 Impe-

1246 441 1380 479 ratoris
1408 442 1571 493 perferri
1602 454 1738 482 curare
1755 474 1765 491 ,
1795 447 1994 486 obstructis
2014 464 2036 487 a
2058 451 2290 491 Nestorianis
2319 467 2360 491 o-

1246 494 1404 532 mnibus
1432 496 1528 533 viis:
1574 496 1639 534 sed
1667 498 1819 535 tandem
1851 501 2023 540 iuventus
2051 513 2104 541 est
2133 505 2360 556 mendicus,

1245 547 1312 598 qui
1343 546 1484 586 litteras
1511 547 1659 601 Synodi
1702 552 1887 590 arundine
1928 555 2092 594 inclusas
2122 556 2168 594 ad
2200 556 2360 608 Episco-

1336 601 1666 652 Constantinopoli
1694 603 1867 655 degentes
1898 606 2056 646 feliciter
2075 609 2240 655 detulit3
2270 614 2357 663 qui-

1268 666 1313 690 us
1341 656 1519 692 commoti
1550 653 1610 692 illi
1640 654 1780 707 Episco
1812 659 1845 706 i,
1891 673 1964 697 una
2005 676 2093 701 cuin
2126 662 2359 702 Archiman-

1239 705 1347 743 dritis
1362 736 1373 754 ,
1404 720 1614 761 eorumque
1635 672 1840 749 Monacliis
1868 713 2136 764 imperatorem
2156 716 2358 767 adierunt,

1239 758 1290 796 ab
1332 773 1453 812 eoque
1496 760 1608 799 facile
1653 763 1926 815 impetrarunt,
1971 775 2010 803 ut
2053 777 2201 820 possent
2232 768 2357 809 Patres

1236 811 1403 851 Concilii
1432 813 1582 867 aliquos
1609 829 1655 852 ex
1696 817 1771 853 suis
1800 818 1847 855 ad
1875 819 1995 870 ipsius
2025 820 2223 860 'I'lironuin
2268 826 2359 862 mit-

1238 873 1315 903 tere
1332 896 1342 914 ‚
1371 868 1439 919 qni
1455 881 1544 906 euin
1564 868 1611 906 de
1630 869 1809 908 omnibus
1826 870 1938 922 plene
1957 881 2102 912 certum
2134 875 2358 916 redderent.

1296 932 1357 970 ¹7·
1389 921 1534 958 Interea
1553 919 1726 960 Patribus
1741 936 1891 974 magnae
1922 926 2170 966 consolationi
2200 929 2358 970 fuerunt

1235 971 1367 1024 Legati
1388 972 1579 1013 pontificii
1597 1005 1607 1024 ,
1636 975 1704 1028 qui
1733 976 1780 1014 ad
1808 976 2010 1029 Synodtuu
2039 989 2250 1032 opportune
2267 997 2356 1033 pet·-

1232 1035 1418 1065 venerunt
1445 1028 1507 1065 die
1533 1041 1594 1067 ιο.
1623 1028 1740 1076 Julii,
1769 1043 1936 1082 quorum
1959 1031 2158 1085 Philippus
2188 1033 2352 1081 Presby-

1233 1086 1289 1116 ter
1319 1080 1422 1118 vices
1449 1080 1581 1119 Sancti
1607 1081 1804 1121 Caelestini
1832 1085 1986 1135 gerebat
2004 1116 2014 1134 ‚
2057 1087 2227 1140 adeoque
2256 1083 2354 1128 ceie-

1233 1133 1284 1169 ris
1313 1132 1462 1171 <luobus
1491 1133 1691 1187 Episcopis
1722 1135 1902 1187 praelatus
1932 1139 2093 1190 legitur,
2130 1143 2198 1193 qui
2229 1144 2355 1181 nomi-

1234 1199 1280 1223 ne
1299 1184 1445 1238 Synodi
1469 1186 1650 1226 Romanae
1681 1199 1886 1228 venerant.
1916 1192 2105 1237 Omnium
2133 1195 2355 1245 gratulatio·

1231 1253 1311 1286 ne,
1355 1238 1388 1274 ἃ
1417 1238 1556 1278 debitis
1586 1239 1793 1279 honoribus
1834 1247 1980 1296 excepti
2018 1254 2100 1283 sunt
2138 1248 2176 1284 in
2204 1248 2355 1288 aedibus

1237 1292 1460 1331 Memnonis
1489 1293 1522 1331 E
1554 1294 1672 1346 iscopi
1703 1293 1914 1348 Ephesust,
1958 1299 2091 1350 ibique
2131 1299 2238 1337 lecta:
2272 1315 2350 1339 stru:

1233 1335 1374 1384 litterae
1394 1345 1436 1384 S.
1454 1308 1648 1386 Caefeaiiii
1666 1377 1676 1395 ,
1707 1348 1849 1400 quibus
1879 1350 2017 1389 auditis
2045 1366 2067 1389 a
2089 1350 2261 1390 Patribus
2291 1368 2355 1393 aca

1232 1398 1450 1438 clamatum·
1472 1401 1543 1438 suit
1562 1431 1571 1448 ,
1609 1398 1721 1439 Novo
1750 1400 1877 1439 Paulo
1909 1403 2141 1452 &eles-rino,
2176 1404 2346 1445 Caelesti

1231 1464 1283 1488 no
1306 1451 1464 1490 Custodi
1481 1452 1585 1505 fidei
1604 1483 1615 1502 ,
1647 1453 1859 1492 Caelesano
1888 1469 1977 1493 crivi
1995 1457 2159 1508 *Um-'²0
2187 1472 2350 1498 corice-‘-

1230 1504 1302 1553 di,
1348 1504 1561 1544 Caelestino
1601 1510 1785 1545 universa
1816 1509 2001 1559 hystorias
2042 1515 2199 1562 grunnis
2238 1517 2355 1565 ‹agic-

1229 1559 1523 1598 Communicata
1551 1559 1690 1598 deinde
1711 1561 1861 1612 Legatis
1893 1563 1999 1600 fuere
2029 1573 2111 1601 acta
2141 1565 2241 1603 Sess.
2273 1568 2351 1618 pri-

1228 1624 1328 1656 ηπῶς
1358 1613 1481 1663 iisque
1508 1611 1607 1651 bene
1636 1614 1881 1653 consideratis
1899 1646 1909 1662 ‚
1942 1616 2072 1668 Legati
2101 1618 2162 1656 die
2180 1622 2355 1672 sequenti

1228 1662 1496 1715 plenissimum
1523 1679 1750 1705 consensum
1791 1670 2026 1717 praemere,
2069 1672 2355 1711 condemnatio·

1217 1725 1315 1755 *nem
1338 1747 1349 1765 ,
1391 1730 1436 1755 ao
1472 1716 1748 1770 depositionem
1778 1719 1942 1759 Nestorii
1979 1732 2100 1760 ratam
2143 1723 2352 1772 liabentes;

1226 1771 1356 1823 itaque
1398 1782 1530 1809 omnes
1558 1780 1632 1811 tres
1661 1772 1815 1810 Actioni
1845 1773 2180 1826 subscripserunt,
2223 1779 2353 1828 primo

1226 1824 1384 1875 quidem
1415 1822 1617 1875 Philippus
1641 1823 1872 1876 Presbyter,
1902 1826 2041 1865 deinde
2071 1829 2284 1879 Arcadius,
2314 1831 2352 1868 δε

1226 1875 1421 1928 Projectus
1440 1876 1649 1930 Episcopi3
1679 1891 1724 1916 ac
1753 1878 1800 1915 de
1821 1877 1879 1916 his
1898 1880 2078 1919 omnibus
2097 1882 2255 1934 epistola
2273 1883 2350 1936 Sy-

1224 1930 1364 1968 nodica
1407 1931 1550 1982 scripta
1585 1939 1640 1969 est
1681 1930 1729 1968 ad
1760 1929 2016 1971 Theodosium
2046 1935 2318 1986 imperatorem
2337 1967 2351 1987 ‚

1223 1982 1272 2020 ad
1300 1995 1420 2036 quem
1446 1985 1562 2022 etiam
1603 1984 1732 2023 missae
1763 1994 1848 2028 sunt
1884 1984 2020 2024 litterae
2051 1987 2092 2026 S.
2122 1987 2314 2028 Caelestini
2336 2020 2366 2039 ,‚

1222 2050 1317 2088 quas
1335 2048 1477 2075 vsecum
1506 2037 1639 2089 Legati
1667 2036 1872 2077 attulerant
1902 2041 1967 2088 (a)
1989 2065 2000 2078 .

1283 2087 1344 2128 18.
1374 2090 1450 2128 Sed
1478 2103 1587 2130 novae
1615 2091 1935 2143 Constantinopoli
1965 2102 2103 2131 exortae
2132 2104 2239 2134 erant
2268 2105 2366 2138 tnr-.

1221 2141 1313 2188 bae3
1344 2142 1377 2178 ἃ
1395 2142 1630 2181 Theodosius
1659 2157 1705 2181 ex
1734 2152 1895 2196 utraque
1924 2155 2030 2196 parte
2059 2147 2253 2199 pulsatus,
2283 2152 2364 2190 in·-

1221 2204 1346 2233 certus
1373 2196 1469 2246 quid
1498 2195 1652 2234 consilii
1681 2207 1861 2248 caperet,
1904 2199 2056 2237 tandem
2086 2200 2282 2253 Ephesum
2314 2205 2348 2243 i·

1222 2260 1263 2285 re
1293 2246 1401 2297 jussit
1428 2248 1619 2286 Comitem
1647 2249 1836 2288 Joannem
1876 2265 2072 2291 sacrarum
2102 2252 2346 2306 largitionum

1221 2299 1482 2349 Praefectum,
1525 2303 1593 2353 qui
1638 2302 1885 2352 Nestorium,
1928 2305 2151 2358 Cyrillum,
2195 2309 2228 2346 ἃ
2259 2310 2346 2348 Me·

1219 2366 1426 2402 lunonem,
1454 2362 1652 2407 tamquam
1682 2366 1939 2396 exauctoratos
1968 2359 2103 2398 haberi
2134 2361 2282 2409 voluit3
2311 2365 2347 2402 i-

1220 2419 1285 2445 mo
1313 2408 1355 2445 in
1384 2407 1559 2446 custodia
1599 2408 1770 2448 militum
1806 2412 1980 2462 captivos
2020 2413 2210 2462 detinuit;
2254 2431 2347 2468 quas

1219 2462 1401 2499 sententia
1429 2460 1693 2501 Orientalibus
1721 2475 1798 2502 non
1839 2464 2094 2516 displicebat,
2139 2477 2206 2517 ut,
2249 2484 2346 2521 quo-

1221 2514 1327 2551 niam
1355 2513 1575 2553 Nestorium
1604 2516 1752 2555 salvare
1780 2530 1856 2556 non
1886 2529 2083 2569 poterant,
2112 2520 2246 2560 saltem
2265 2525 2344 2575 Cy-

1220 2565 1331 2615 riui,
1359 2566 1394 2603 ἃ
1422 2566 1643 2610 Memnonis
1672 2569 1971 2611 ulciscerentur.
2015 2573 2097 2611 Hoc
2126 2583 2252 2664 tames:
2279 2588 2342 2614 or-

2206 2636 2220 2666 ῐ
2248 2639 2290 2665 0·

1225 2738 1388 2776 prospere
1414 2730 1618 2766 successisse
1638 2731 1844 2777 Imperatori
1863 2732 2095 2767 Constantino
2110 2747 2218 2768 iterum
2231 2733 2342 2771 Deum

1226 2781 1356 2812 colenti
1382 2779 1623 2823 exposuisset,
1652 2781 1714 2812 sed
1740 2791 1855 2812 rursus
1874 2800 1886 2819 ‚
1912 2777 2051 2820 subdit,
2087 2794 2130 2815 ne
2153 2778 2343 2826 Imperator·

1227 2829 1398 2869 quisquam
1430 2827 1510 2858 ideo
1536 2825 1758 2858 Christianus
1790 2834 1908 2865 esset,
1945 2834 1979 2858 ut
2005 2827 2225 2869 felicitatem
2249 2828 2342 2862 Con-

1232 2874 1380 2904 stamini
1407 2879 1614 2911 mereretur,
1640 2882 1711 2904 cum
1736 2880 1873 2914 propter
1899 2875 2001 2905 vitam
2025 2881 2180 2908 aternam
2203 2877 2343 2920 quisque

1226 2915 1349 2950 tlt-beat
1374 2930 1451 2950 esse
1477 2917 1696 2951 Christianus
1711 2939 1721 2957 ,
1759 2917 1934 2950 Jovianum
1959 2921 2062 2952 niiilto
2085 2923 2217 2962 citius,
2242 2933 2338 2967 qnam

1225 2963 1400 2997 Julianum
1424 2965 1567 2998 abstulit
1585 2984 1596 3003 ,
1640 2964 1842 2996 Gratianum
1857 2963 1961 3007 ferro
1985 2970 2152 3010 tyranice
2174 2972 2339 3011 permisit

1224 3014 1376 3043 interimi
1403 3012 1466 3042 ἃς.
1491 3011 1578 3053 Quae
1614 3009 1754 3054 quidem
1780 3022 1798 3042 a
1825 3011 1952 3044 Sancto
1981 3012 2177 3056 Augustino
2211 3023 2338 3049 contra

1224 3068 1280 3089 eos
1307 3056 1487 3089 verissime
1526 3055 1619 3089 dicta
1646 3065 1751 3096 sunt,
1786 3056 1847 3100 qui
1885 3056 2087 3101 religionem
2118 3060 2337 3096 solummodo

1227 3110 1369 3147 propter
1396 3102 1602 3146 temporales
1629 3103 1812 3135 felicitates
1839 3102 1982 3144 colunt,
2018 3115 2085 3139 non
2110 3115 2229 3142 antem
2254 3119 2338 3142 cou-

1227 3157 1281 3180 tra
1306 3159 1386 3187 eos,
1423 3147 1483 3190 qui
1508 3145 1550 3179 de
1574 3149 1727 3191 puritate
1753 3147 1862 3182 divini
1903 3145 2018 3183 cultus
2042 3151 2217 3194 solliciti,
2255 3153 2335 3187 inde

1227 3195 1334 3227 etiarn
1361 3205 1378 3226 a
1404 3191 1479 3226 Deo
1504 3194 1749 3238 prosperitates
1789 3196 1995 3240 temporales
2028 3207 2196 3242 sperant,
2231 3199 2335 3244 juxta

1226 3239 1360 3272 Christi
1388 3239 1563 3272 monitum
1587 3240 1717 3273 Matth.
1745 3241 1805 3274 Vl.
1831 3243 1913 3276 33.=
1939 3241 2090 3288 Qiiaerite
2111 3249 2251 3289 primum
2278 3258 2331 3278 re-

1221 3299 1320 3330 gnum
1344 3283 1441 3325 Dei,
1467 3291 1507 3318 (9·
1528 3287 1702 3333 justitiam
1727 3288 1829 3334 ejus,
1862 3293 1904 3323 (θ’
1928 3288 1996 3324 haec
2021 3295 2132 3326 omma
2160 3296 2173 3334 (
2200 3301 2331 3334 ternpo-

1220 3333 1308 3367 ralia
1333 3337 1346 3374 )
1376 3333 1587 3378 adjicientur
1614 3334 1728 3368 vobis-

1692 3426 1740 3467 13
