2583 3685
274 148 330 196 94
928 138 1327 183 DISSERTATIO
1360 138 1394 181 Ι.
1441 137 1569 180 CAP.
1603 136 1728 181 XIII.

211 237 251 274 q.
274 222 338 260 65.
367 229 436 258 art.
458 219 497 265 4.
527 218 591 257 nbi
621 218 872 265 demonstrat,
903 217 1024 256 nullos
1043 219 1230 257 Demoues
1251 232 1303 255 es-

208 289 246 311 se
272 273 493 312 naturaliter
522 271 665 308 malos.

268 327 353 364 182.
383 324 640 362 Communiter
666 323 782 360 etiarn
812 322 995 374 Theologi
1024 324 1185 371 docent,
1228 336 1303 361 non

207 382 334 416 statim
364 392 385 413 a
413 375 602 412 creatione
617 374 824 413 Diabolum
853 390 941 414 cum
972 377 1056 414 aliis
1074 377 1224 428 Angelis
1248 390 1303 413 re-

208 430 374 468 bellibus
403 429 516 465 fuisse
544 428 584 464 iu
614 437 811 478 peccatum
840 429 1016 478 lapsum,
1059 430 1121 466 sed
1151 428 1304 480 aliquod

208 485 306 520 inter
328 480 554 531 Angelorum
586 481 812 519 creationem
835 512 845 530 ‚
875 496 1083 533 eorumque
1113 481 1303 519 infelicem

207 534 359 586 lapsum
390 533 567 583 temporis
598 533 838 572 intervallum
869 535 1011 572 fuisse.
1054 534 1101 571 Et
1129 535 1304 586 quamvis

208 596 392 638 quantum
422 587 537 622 fuerit
567 584 637 623 1100
674 589 853 638 temporis
881 586 1128 624 intervallum
1150 616 1161 634 ,
1204 595 1303 623 certe

202 639 355 676 definiri
373 645 530 689 nequeat
546 651 561 681 ,-
590 648 729 677 constat
744 638 990 677 nihilominus
1005 639 1100 676 illud
1115 651 1188 676 non
1212 639 1303 676 fuis-

201 705 240 727 se
269 691 472 727 admodum
502 690 657 741 100ςο10
675 722 684 740 ,
721 706 808 730 cum
838 701 1035 744 peccatum
1066 690 1298 742 Angelorum

202 752 371 795 tempore
401 745 632 794 praecesserit
662 754 859 796 peccatum
889 744 1090 782 homiuum
1108 770 1119 781 .

260 796 347 834 185.
377 796 477 834 Huic
520 805 646 834 tamen
693 798 889 835 sententiae
935 795 1120 834 nonnulla
1151 795 1300 834 obstare

202 849 378 886 videntur
405 849 614 901 Scripturae
651 864 766 888 sacrae
798 849 908 888 1003.
945 849 1073 886 Ρ111110
1109 850 1210 886 3111111
1239 849 1299 887 Jo.

202 901 308 940 VIII.
339 902 404 947 44.
451 903 618 940 Christus
661 903 851 940 Dominus
890 903 936 940 de
982 902 1147 940 Diabolo
1187 901 1301 939 dicit:

202 953 273 992 Ille
320 954 516 992 homicida
558 964 647 993 erat
688 955 738 993 ab
784 959 919 993 initio.
968 953 1153 992 Praeterea
1194 957 1300 1007 epist.

207 1020 240 1045 1.
270 1008 328 1045 J0.
350 1008 414 1045 111.
446 1008 483 1046 8.
505 1009 666 1046 dicitur:
697 1007 754 1046 Ab
783 1012 892 1047 initio
922 1007 1112 1045 Diabolus
1140 1016 1300 1057 peccat.

200 1058 333 1097 'Tertio
360 1061 560 1099 Daemones
589 1062 703 1099 fuisse
732 1071 871 1099 creatos
907 1060 1047 1108 malos,
1090 1062 1300 1098 insinuatur

199 1111 455 1153 Ecclesiastici
466 1114 655 1152 XXXIX.
669 1115 733 1153 55.
751 1115 819 1152 ubi
832 1115 1008 1152 dicuntur
1022 1115 1173 1166 spiritus
1189 1126 1300 1151 crea-

201 1170 231 1202 zi
249 1166 303 1203 ad
318 1166 545 1205 vindictam.
560 1168 632 1205 Cui
652 1167 775 1206 simile
795 1177 858 1215 est,
875 1168 975 1219 quod
996 1167 1130 1218 legitur
1148 1168 1184 1203 in
1202 1165 1301 1219 psal-¹

201 1232 266 1256 mo
285 1220 383 1257 CIII.
405 1219 543 1266 Draco
561 1223 656 1268 iste,
677 1233 813 1272 nempe
834 1220 1019 1258 Diabolus
1037 1249 1047 1265 ‚
1076 1232 1190 1270 quem
1208 1218 1300 1269 for-

201 1276 324 1310 masti
353 1272 407 1309 ad
435 1272 676 1310 illudendum
703 1277 767 1311 ei.
806 1273 852 1310 Et
880 1273 965 1310 Job.
993 1272 1078 1310 XL.
1114 1272 1173 1315 14.
1191 1301 1202 1318 ‚
1233 1271 1299 1307 ubi

201 1334 324 1362 noster
340 1325 526 1377 Vulgatus
554 1327 599 1363 de
615 1325 817 1370 Behemoth
848 1325 967 1374 legit:
994 1324 1082 1374 Ipse
1111 1332 1167 1359 est
1194 1327 1299 1370 prin-

198 1381 343 1427 cipium
373 1383 525 1416 riarum
554 1377 659 1425 Dei,
700 1381 763 1427 qui
793 1375 898 1427 fecit
927 1389 1016 1412 enm
1039 1390 1053 1419 ;
1082 1374 1206 1413 LXX.
1238 1376 1299 1412 In-

197 1438 375 1481 terpretes
392 1430 542 1481 legunt:
572 1429 660 1466 Hoc
675 1437 733 1466 est
747 1427 1179 1480 principiumfigmenti
1198 1426 1298 1475 Dei,

196 1482 299 1531 quod
325 1482 494 1534 frictum
538 1491 623 1531 est,
665 1490 705 1519 ut
746 1480 933 1519 illudatur
975 1484 1010 1519 ei
1057 1480 1107 1518 ab
1136 1481 1299 1532 Angelis

193 1547 306 1586 ejus.

256 1588 345 1635 184.
377 1588 523 1627 Verum
578 1589 692 1628 facile
734 1588 818 1627 haec
860 1589 991 1627 omnia
1031 1586 1296 1638 explicantur.

196 1639 296 1678 Nam
325 1643 470 1694 primus
499 1641 604 1680 locus
632 1655 677 1680 ex
704 1642 762 1680 J0.
782 1641 884 1678 VIlI.
913 1641 1023 1679 debet
1064 1640 1225 1691 intelligi
1254 1640 1299 1676 de

197 1704 341 1743 morte,
370 1709 488 1745 quam
517 1694 705 1732 Diabolus
734 1695 934 1731 tentatione
962 1707 1029 1730 sua
1058 1703 1296 1744 protoparen-

196 1746 300 1783 tibus
329 1748 460 1784 nostris
490 1747 645 1794 intulit,
674 1746 723 1784 ab
743 1747 851 1784 initio
870 1745 1024 1784 illorum
1055 1746 1299 1794 conditionis,

197 1810 264 1835 seu
293 1811 369 1836 non
398 1799 519 1837 multo
547 1808 627 1852 post
656 1813 773 1852 quam
802 1800 918 1837 creati
947 1807 1077 1836 erant.

258 1851 346 1889 185.
376 1851 482 1889 Alter
523 1851 628 1890 locus
667 1852 709 1890 S.
745 1852 898 1890 Joannis
936 1851 1124 1903 significat
1148 1881 1157 1898 ‚
1207 1851 1297 1889 Dia-

197 1902 330 1941 bolum
360 1906 398 1942 111
418 1914 597 1957 peccato„
627 1906 729 1957 quod
747 1905 797 1943 ab
817 1906 953 1953 initio,
981 1918 1045 1943 seu
1075 1903 1190 1956 paulo
1219 1913 1300 1956 post

200 1969 307 1994 suam
337 1959 562 1996 creationem
593 1960 782 2010 patravit,
810 1958 992 1996 obstinate
1020 1970 1288 2010 perseverare.

257 2009 344 2047 186.
375 2009 526 2048 Tertius
555 2010 660 2050 100113
707 2024 753 2049 ex
781 2010 1046 2049 Ecclesiastico
1087 2009 1298 2048 litteraliter

196 2061 424 2113 intelligitur
451 2065 498 2101 de
528 2065 647 2102 ventis
664 2094 674 2113 ,
705 2078 770 2102 seu
790 2063 989 2116 spiritibus
1018 2062 1296 2115 procellarum,

193 2128 289 2203 quos
319 2116 407 2153 fecit
422 2116 526 2155 Deus
553 2117 602 2155 ad
630 2118 838 2156 vindictam
859 2116 1044 2155 scelerum
1066 2124 1299 2155 nostrorum.

235 2166 268 2204 el
297 2169 328 2205 si
355 2169 402 2206 de
432 2169 588 2221 Angelis
617 2169 780 2222 intelligi
808 2170 968 2218 debeat,
997 2168 1058 2208 illi
1079 2171 1192 2207 etiam
1222 2170 1300 2208 dici

195 2229 350 2271 possunt
378 2227 506 2259 creari
533 2221 588 2259 ad
616 2221 832 2261 vindictam
849 2253 859 2272 ,
896 2232 1078 2275 quatenus
1108 2222 1212 2261 Deus
1239 2236 1301 2260 eo-

197 2285 285 2309 rum
314 2275 522 2312 ministerio
568 2289 670 2326 saepe
708 2277 829 2313 utitur
871 2277 919 2314 ad
961 2289 1024 2314 nos
1065 2275 1300 2327 puniendos.

197 2324 375 2366 Ceterum
404 2326 548 2365 ibidem
577 2341 675 2367 vers.
707 2340 770 2367 21.
799 2328 962 2366 dicitur:
994 2327 1130 2379 Opera
1157 2328 1300 2367 Domi-

197 2380 242 2414 ni
269 2381 451 2417 universa
479 2379 583 2419 bona
612 2380 751 2420 valde.

258 2430 346 2482 187.
376 2432 464 2470 Duo
493 2442 679 2483 postrema
719 2434 803 2473 loca
839 2433 1080 2486 explicantur
1108 2447 1131 2471 a
1158 2433 1199 2472 S.
1222 2434 1300 2472 Au-

196 2485 347 2534 gustino
375 2483 446 2524 lib.
466 2485 538 2525 XI.
568 2486 616 2525 de
640 2486 717 2525 Cic).
738 2486 817 2526 Dei
836 2501 871 2524 c.
897 2500 909 2524 1
923 2501 958 2539 7.
988 2500 1060 2525 non
1076 2487 1176 2538 quod
1197 2486 1299 2525 Deus

198 2535 408 2575 Diabolum
439 2538 593 2578 finxerit
620 2540 767 2579 malum
785 2570 796 2588 ‚
840 2540 903 2577 sed
931 2540 1033 2592 quod
1063 2541 1297 2591 praescierit,

196 2589 344 2626 malum
375 2591 572 2640 futurum,
602 2591 637 2628 8<
658 2606 725 2644 per
753 2607 860 2629 suam
889 2594 1170 2643 praescientiam
1201 2606 1298 2644 prae-

197 2644 387 2693 paraverit
408 2672 418 2690 ,
447 2643 640 2694 quomodo
665 2657 713 2682 eo
742 2653 914 2682 uteretur
933 2674 945 2693 ,
973 2645 1023 2685 ὠ
1052 2646 1162 2683 malo
1179 2671 1191 2683 .

257 2694 345 2732 188.
372 2695 456 2733 Non
499 2710 562 2735 me
591 2695 706 2744 latet,
752 2696 957 2735 nonnullos
1003 2706 1147 2736 sanctos
1176 2698 1300 2736 Patres

198 2759 362 2783 asserere
383 2776 393 2794 ‚
435 2748 642 2788 Diabolum
674 2750 788 2787 fuisse
816 2749 970 2786 malum
999 2749 1051 2787 ab
1077 2754 1189 2788 initio
1208 2780 1220 2798 ‚
1257 2755 1300 2787 in

198 2811 273 2850 quo
293 2808 449 2836 creatus
466 2800 576 2851 fuit.
606 2803 680 2841 Sed
707 2801 806 2841 nihil
824 2801 975 2849 obstat,
1004 2804 1210 2854 quominus
1227 2801 1299 2840 hu-

199 2850 365 2902 jusmodi
395 2851 540 2902 phrasis
567 2856 696 2909 aliquo
737 2855 868 2893 latiore
896 2867 1003 2892 sensu
1040 2854 1269 2906 intelligatur
1290 2884 1301 2903 ,

199 2902 346 2962 scilicet
373 2903 420 2940 311
449 2905 710 2957 innuendum,
739 2907 890 2948 nonnisi
904 2907 1131 2945 brevissima
1159 2916 1302 2958 tempo-

201 2969 254 2993 ris
283 2969 388 2993 mora
417 2970 505 2993 311111
534 2958 574 2995 111
603 2958 747 3009 justitia
772 2968 929 3012 accepta
958 2973 1240 3012 perseverasse.

256 3006 396 3054 Quaeri
423 3008 489 3047 hic
517 3008 635 3057 solet,
679 3025 735 3049 an
769 3017 961 3063 potuerint
990 3013 1132 3065 Angeli
1174 3015 1302 3064 primo

202 3064 342 3098 statim
372 3072 574 3100 momento
603 3076 686 3100 suoe
714 3070 925 3104 creationis
953 3065 1162 3117 peccare?

264 3113 353 3167 189.
382 3115 501 3167 Negat
547 3116 588 3154 S.
618 3115 784 3155 Thomas
812 3119 842 3155 I.
872 3119 913 3158 P.
947 3134 987 3172 q.
1018 3118 1083 3158 65.
1127 3127 1199 3158 art.
1231 3119 1268 3157 5.
1291 3148 1302 3167 ‚

202 3167 268 3205 cui
297 3167 398 3206 bona
415 3198 425 3217 ,
455 3168 489 3204 &
518 3168 653 3207 melior
673 3169 953 3221 Theologorum
970 3185 1056 3225 pars
1085 3173 1305 3218 assentitur3

204 3220 298 3272 quia
327 3229 417 3259 tunc
447 3221 679 3274 Angelorum
722 3231 922 3275 peccatum
950 3226 991 3264 in
1020 3226 1146 3278 ipsum
1176 3225 1304 3264 Deum

205 3274 502 3321 refunderetur3
545 3275 614 3313 illa
651 3279 758 3314 enim
799 3280 1005 3328 operatio,
1049 3291 1139 3329 quoe
1186 3278 1305 3316 simul

207 3328 342 3377 incipit
387 3339 480 3365 cum
508 3339 593 3367 esse
627 3332 684 3367 rei
712 3338 771 3367 est
800 3334 835 3369 ei
881 3328 932 3367 ab
960 3341 1132 3382 agente,
1177 3344 1204 3369 a
1231 3343 1304 3384 quo

1370 214 1482 253 habet
1502 228 1589 253 esse
1606 240 1616 252 .
1646 215 1869 266 Repugnant
1887 221 2012 254 tamen
2026 215 2156 254 Scotus
2175 214 2335 255 Gabriel
2356 214 2437 255 Biel
2453 247 2465 267 ‚

1370 270 1537 320 aliique,
1566 280 1730 319 quorum
1759 268 1917 305 rationes
1946 269 2053 307 nobis
2068 270 2278 321 expendere
2304 283 2381 310 non
2400 284 2466 311 va-

1371 330 1431 360 cat
1458 322 1505 359 ad
1534 319 1714 359 ulteriora
1742 321 2057 372 properantibus.

1761 420 1932 463 CAPUT
1960 424 2065 465 XIII.

1374 531 1628 580 Ostendam,
1659 530 1828 584 Angelos
1856 542 1996 568 omnes
2013 560 2024 579 ,
2065 544 2147 570 non
2174 532 2301 570 solum
2331 531 2466 584 fuisse

1424 594 1580 624 creatos
1609 584 1725 622 bonos
1741 614 1753 633 ,
1795 582 1864 623 sed
1890 587 2015 622 etiam
2041 589 2177 636 gratia
2204 585 2467 638 sanctifican-

1423 648 1460 677 te
1490 648 1675 677 ornatos.

1428 757 1515 796 ¹90·
1534 720 1591 786 Id
1620 745 1723 782 enim
1753 751 1881 795 aperte
1899 742 2114 795 significant
2134 758 2177 781 ea
2195 745 2393 797 scripturae
2414 758 2470 784 sa·

1366 809 1443 835 crae
1488 798 1597 845 loca,
1641 798 1680 834 in
1711 798 1851 848 quibus
1881 795 2015 847 Angeli
2060 797 2240 835 dicuntur
2282 799 2472 849 perfecti,

1367 859 1570 902 antequam
1613 851 1981 902 praevaricarentur.
2018 848 2156 887 Ezech.
2187 847 2370 889 XXVIII.
2405 863 2468 890 12.

1366 903 1412 940 (13
1443 902 1606 941 Diabolo
1646 903 1806 940 dicitur:
1841 931 1867 950 „
1898 901 1958 938 Tu
1996 902 2237 953 signaculum
2284 903 2466 941 similitu-

1370 984 1396 1003 „
1424 956 1547 1003 dinis,
1595 954 1728 1007 plenus
1757 956 1942 1007 sapientia
1962 985 1973 1003 ,
2014 955 2046 991 St
2078 956 2264 1007 perfectus
2300 956 2434 994 decore
2455 986 2466 1005 ,

1369 1037 1394 1056 ‚‚
1424 1009 1463 1045 in
1492 1009 1640 1047 deliciis
1668 1007 1836 1046 Paradisi
1854 1008 1925 1045 Dei
1958 1009 2086 1054 fuisti3
2116 1010 2240 1060 omnis
2269 1008 2366 1060 lapis
2383 1022 2468 1061 pre·

1369 1090 1394 1108 „
1424 1061 1536 1099 tiosus
1584 1062 1863 1112 operimentum
1906 1070 2012 1098 tuum
2031 1087 2072 1099 ...
2093 1063 2280 1112 perfectus
2326 1062 2366 1098 in
2397 1062 2472 1101 viis

1370 1142 1395 1161 „
1425 1114 1496 1150 tuis
1524 1128 1546 1150 a
1574 1115 1635 1152 die
1676 1114 1900 1151 conditionis
1928 1124 2002 1151 tuae
2025 1143 2036 1162 ,
2084 1115 2199 1152 donec
2242 1116 2391 1152 inventa
2420 1124 2473 1153 est

1369 1194 1394 1213 ‚‚
1426 1165 1606 1216 iniquitas
1643 1167 1680 1202 in
1711 1175 1745 1202 te
1765 1170 1818 1204 “.
1860 1166 1910 1204 Et
1938 1181 2158 1218 quanquam
2188 1166 2373 1219 Propheta
2414 1167 2473 1206 ibi

1368 1218 1414 1254 de
1443 1216 1619 1269 Principe
1648 1217 1747 1267 Tyri
1776 1218 1978 1268 loquatur,
2022 1219 2124 1257 1111110
2170 1229 2298 1258 tamen
2340 1220 2471 1259 locum

1367 1271 1483 1307 sancti
1515 1269 1639 1306 Patres
1669 1271 1784 1306 etiam
1812 1271 1858 1306 de
1887 1270 2066 1306 Lucifero
2103 1281 2318 1323 exponunt,
2361 1273 2475 1325 cujus

1367 1322 1586 1373 superbiam
1630 1320 1708 1358 Rex
1746 1320 1842 1372 Tyri
1885 1321 2056 1359 imitatus
2099 1323 2259 1362 fuerat.
2291 1324 2404 1363 Unde
2432 1325 2476 1365 S.

1367 1375 1573 1426 Gregorius
1603 1374 1704 1426 Papa
1732 1375 1821 1413 Lib.
1843 1373 2012 1412 XXXII.
2041 1372 2265 1412 Moralium
2293 1390 2377 1427 cap.
2411 1378 2474 1417 16.

1365 1424 1516 1479 inquit:
1549 1426 1652 1478 Quid
1681 1440 1856 1478 namque
1875 1425 1963 1463 boni
1991 1439 2072 1463 non
2101 1426 2254 1475 habuit,
2285 1432 2318 1466 si
2337 1433 2475 1481 signa·

1366 1482 1499 1517 culum
1526 1480 1793 1518 similitudinis
1822 1478 1900 1517 Dei
1915 1478 2038 1530 fuit?
2066 1479 2156 1519 Vid.
2177 1482 2290 1520 etiam
2307 1481 2347 1520 S.
2369 1483 2475 1521 'Pho-

1365 1546 1448 1571 mas
1476 1534 1505 1571 I.
1535 1532 1576 1570 P.
1608 1542 1742 1585 quaest.
1765 1532 1831 1572 65.
1860 1540 1930 1570 art.
1953 1533 1990 1571 5.

1426 1599 1513 1637 ¹9¹·
1543 1585 1672 1623 Etiam
1702 1586 1814 1624 133133
1855 1586 1926 1623 sub
1957 1586 2081 1637 figura
2124 1586 2234 1638 Regis
2262 1587 2472 1640 Babylonis

1366 1637 1579 1677 Diabolum
1609 1639 1804 1690 designans
1821 1668 1832 1686 ‚
1880 1638 2083 1689 Quomodo
2099 1669 2110 1687 ,
2132 1641 2276 1691 ,inquit
2305 1654 2338 1678 c.
2361 1640 2471 1680 XIV.

1374 1705 1433 1729 12.
1463 1691 1635 1729 cecidisti
1663 1691 1711 1729 de
1740 1692 1838 1729 caelo
1857 1690 2043 1742 Lucifer,
2073 1696 2138 1744 qui
2166 1706 2290 1731 mane
2318 1693 2471 1731 orieba-

1366 1743 1461 1782 ris?
1482 1771 1535 1783 ....
1557 1749 1620 1795 qui
1649 1743 1807 1782 dicebas
1847 1748 1889 1781 in
1931 1744 2047 1783 corde
2085 1755 2150 1782 tuo
2248 1746 2472 1784 ascendam

1365 1797 1767 1849 super'altitudinem
1808 1796 1967 1834 nubium
1989 1828 2000 1845 ,
2042 1800 2182 1836 similis
2223 1811 2290 1836 ero
2320 1799 2474 1837 Altissi·

1367 1864 1458 1888 mo.
1488 1850 1640 1898 Quibus
1669 1851 1710 1888 in
1738 1849 1831 1888 locis
1859 1851 1978 1888 sancti
2008 1849 2155 1898 Patres,
2187 1851 2219 1886 81
2249 1853 2475 1904 Interpretes

1366 1905 1603 1955 designatum
1631 1911 1838 1955 agnoscunt
1868 1901 2057 1954 Angelum
2087 1902 2271 1941 rebellem
2289 1934 2299 1952 ,
2329 1905 2422 1956 quia
2450 1921 2473 1944 a

1365 1957 1470 1995 donis
1498 1958 1661 2008 gratiae,
1708 1956 1852 2008 quibus
1879 1964 2078 1994 exornatus
2123 1957 2273 2007 fuerat,
2320 1967 2474 2009 peccato

1368 2023 1437 2048 suo
1466 2011 1631 2048 excidit.

1428 2076 1516 2115 ¹92·
1546 2063 1703 2102 Accedit
1730 2064 1930 2101 auctoritas
1958 2060 2000 2101 S.
2030 2063 2089 2100 Au
2120 2063 2234 2101 ustini
2256 2092 2266 2110 ‚
2297 2064 2365 2116 qui
2394 2065 2471 2103 An-

1366 2115 1470 2168 gelos
1498 2118 1539 2154 in
1568 2117 1688 2167 gratia
1730 2115 1845 2167 plane
1873 2123 2017 2154 creatos
2044 2130 2067 2155 a
2093 2076 2179 2153 1330
2207 2117 2321 2154 fuisse
2368 2116 2474 2155 affir-

1366 2178 1444 2209 mat
1473 2169 1562 2208 Lib.
1592 2169 1680 2208 XII.
1723 2168 1772 2207 de
1811 2173 1882 2208 civ.
1912 2167 1991 2207 Dei
2031 2182 2116 2221 cap.
2137 2182 2176 2221 9.
2220 2170 2424 2221 inquiens:
2446 2200 2474 2219 ,‚

1369 2253 1395 2273 9,
1424 2223 1533 2261 Deus
1563 2231 1641 2261 erat
1677 2222 1792 2261 simul
1822 2224 1860 2261 in
1890 2223 1943 2260 eis
1985 2222 2146 2260 condens
2186 2231 2390 2272 naturam,
2439 2223 2473 2259 δε

1370 2306 1397 2326 „
1426 2275 1587 2327 largiens
1627 2276 1815 2327 gratiarn5
1855 2275 1955 2314 unde
1983 2277 2063 2313 sine
2103 2274 2205 2313 bona
2246 2275 2439 2316 voluntate
2460 2306 2474 2326 ‚

1370 2359 1397 2378 ,‚
1425 2328 1496 2367 1100
1524 2339 1578 2368 est
1606 2329 1679 2375 Dei
1709 2342 1864 2377 amore,
1907 2342 2108 2381 nunquam
2137 2337 2282 2367 sanctos
2311 2328 2476 2381 Angelos

1369 2411 1395 2431 „
1425 2382 1540 2420 fuisse
1569 2382 1800 2421 credendum
1830 2389 1880 2420 est
1900 2384 1925 2403 ‘⁶
1947 2407 1958 2420 .

1427 2435 1514 2487 195.
1543 2435 1672 2484 Quam
1700 2436 1924 2474 sententiam
1945 2434 2136 2485 adoptavit
2155 2446 2308 2487 quoque
2328 2441 2368 2472 ut
2385 2447 2474 2486 pro·

1367 2485 1594 2526 habiliorem
1611 2518 1622 2536 ,
1663 2487 1698 2524 8(
1726 2488 1835 2526 dietis
1862 2495 1979 2525 sanct.
2009 2485 2164 2536 Patrum
2194 2488 2315 2538 magis
2343 2500 2474 2526 conso-

1367 2554 1454 2578 nam
1477 2570 1488 2588 ,
1531 2540 1565 2577 8(
1595 2540 1805 2591 rationibus
1830 2540 2075 2580 confirmavit
2103 2539 2144 2578 S.
2174 2538 2342 2578 Thomas
2371 2541 2403 2579 I.
2431 2540 2475 2579 Ρ.

1367 2608 1434 2645 qu.
1455 2592 1520 2631 62.
1550 2594 1659 2632 artic.
1692 2592 1731 2632 5.
1760 2592 1874 2632 Unde
1902 2593 2016 2631 etiam
2044 2592 2301 2630 Catechismus
2331 2592 2471 2630 Roma-

1365 2659 1435 2684 nus
1455 2644 1648 2698 explicans
1677 2646 1847 2696 primum
1862 2644 2041 2696 Symboli
2056 2641 2260 2682 articulum
2282 2643 2405 2696 inquit
2420 2658 2428 2682 :
2446 2675 2474 2694 „

1368 2727 1395 2747 „
1425 2698 1675 2749 Perspicuum
1705 2704 1783 2743 est,
1815 2695 2049 2744 Diabolum,
2080 2694 2322 2748 reliquosque
2351 2697 2473 2736 deser-

1369 2779 1395 2799 „
1425 2758 1521 2787 tores
1549 2748 1713 2800 Angelos
1740 2748 1790 2787 ab
1818 2757 1920 2787 ortus
1947 2749 2006 2788 sui
2034 2748 2145 2788 initio
2171 2750 2294 2801 gratia
2331 2752 2472 2803 praedi-

1371 2831 1397 2851 „
1426 2810 1482 2839 tos
1511 2801 1626 2840 fuisse
1647 2804 1673 2823 ‘⁶
1690 2827 1701 2839 .

1428 2853 1515 2907 194.
1545 2853 1629 2892 Non
1672 2854 1802 2892 desunt
1843 2862 1968 2893 tamen
2009 2868 2140 2907 graves
2170 2855 2385 2908 Theologi‚
2434 2866 2475 2896 ut

1370 2906 1482 2959 Hugo
1509 2921 1532 2944 a
1560 2907 1600 2945 S.
1629 2906 1783 2946 Victore
1803 2937 1814 2954 ,
1845 2906 2027 2960 Magister
2055 2908 2333 2950 Sententiarum
2353 2940 2366 2957 ,
2396 2909 2472 2948 Ru-

1369 2970 1523 3011 pertus,
1553 2959 1587 2996 &
1615 2959 1710 3009 alii,
1741 2961 1807 3012 qui
1836 2960 1996 3010 docent,
2026 2961 2188 3014 Angelos
2213 2965 2326 3017 prius
2343 2964 2477 3001 eondi-

1370 3022 1424 3050 tos
1454 3014 1568 3051 fuisse
1597 3014 1636 3051 in
1665 3012 1808 3063 justitia
1828 3013 1994 3064 quadam
2023 3015 2220 3065 naturali,
2248 3024 2329 3069 post
2348 3025 2475 3055 autem

1372 3067 1492 3118 gratia
1520 3074 1740 3105 exornatos.
1789 3066 1871 3104 11110
1907 3066 2008 3105 113110
2038 3069 2211 3108 eamdem
2258 3071 2478 3108 sententiam

1371 3132 1440 3157 suo
1468 3128 1635 3170 tempore
1654 3119 1816 3170 viguisse
1846 3120 1961 3157 refert
1989 3120 2030 3158 S.
2050 3123 2284 3173 Augustinus
2311 3122 2383 3161 lib.
2404 3123 2476 3161 XI.

1373 3171 1421 3210 de
1449 3176 1520 3210 civ.
1549 3170 1627 3209 Dei
1656 3174 1770 3223 capit.
1807 3172 1867 3211 15.
1896 3187 1940 3210 30
1977 3173 2023 3210 de
2049 3187 2094 3211 ea
2136 3176 2187 3213 ita
2228 3178 2473 3228 pronunciat:

1374 3224 1479 3263 Huic
1507 3228 1714 3262 sententiae
1742 3228 1910 3277 quisquis
1939 3231 2178 3277 acquiescit,
2206 3242 2289 3267 non
2317 3241 2408 3266 cum
2427 3227 2471 3265 il-

1375 3279 1421 3316 Iis
1450 3277 1644 3316 haereticis
1672 3282 1803 3329 sapit,
1846 3279 1937 3317 idest
1965 3279 2221 3331 Manichaeis,
2257 3283 2325 3333 qui
2354 3282 2475 3332 Ange·

1373 3329 1429 3371 los
1457 3330 1575 3370 malos
1604 3345 1626 3370 a
1654 3331 1737 3370 Deo
1765 3340 1906 3371 creatos
1934 3346 2010 3373 esse
2038 3333 2380 3388 blasphemabant.

1863 3393 1867 3398 '
2336 3386 2425 3438 ¹95·
