2583 3685
275 81 331 122 58

211 157 278 196 sed
307 169 443 209 parum
473 153 582 193 utiles
610 152 728 191 solent
758 153 931 199 institui3
962 155 999 191 in
1028 155 1169 205 quibus
1191 156 1315 192 imita-

214 213 251 248 ri
280 211 460 247 debemus
475 210 515 245 S.
537 207 576 243 P.
594 207 794 257 Augustini
824 207 1053 257 singularem
1072 209 1314 256 modestiam,

213 263 266 301 ita
295 264 334 301 in
363 262 501 309 saepius
530 258 634 295 laud.
663 259 826 297 Librol.
855 259 903 297 de
934 259 1083 298 Genes.
1113 263 1160 299 ad
1190 261 1259 299 litt.
1281 276 1315 299 c·

212 327 279 354 20.
299 312 518 352 scribentis:
545 309 654 351 Libri·
671 311 872 350 Geneseos
889 314 1170 365 multipliciter,
1191 327 1315 365 quan-

211 376 296 404 tum
332 367 439 413 potui
459 393 469 412 ‚
489 365 730 414 enucleavi,
764 367 980 417 protulique
1013 372 1235 406 sententias
1267 367 1317 406 tle

209 416 332 456 verbis
361 415 416 455 ad
444 421 778 457 exercitationem
808 428 991 457 nostram
1027 420 1188 459 obscure
1216 425 1316 471 posi-

207 475 288 519 tis,
325 483 404 507 non
433 470 582 519 aliquid
623 485 745 509 unuin
788 482 937 511 temere
977 473 1194 521 affirmans
1223 488 1316 512 curn

209 523 440 576 praejudicio
467 524 635 563 alterius
675 530 930 576 expositionis
965 527 1150 578 jortasse
1179 529 1316 565 melio-

209 581 291 624 ris,
321 585 360 612 ut
387 589 458 626 pro
486 590 555 614 suo
586 579 742 617 modulo
763 580 883 631 eligat
904 584 1062 630 quisque
1079 610 1089 627 ,
1119 580 1220 631 quod
1246 593 1316 618 ca-

205 642 301 680 pere
328 634 476 681 possit:
521 630 582 668 ubi
610 641 749 670 autem
792 633 1009 684 intelligere
1055 646 1135 670 non
1163 642 1315 682 potest,

206 682 424 732 Scripturae
454 681 532 721 Dei·
560 684 624 722 det
654 685 868 734 honorem,
898 685 967 723 sibi
997 690 1181 724 timorem
1199 712 1209 724 .

259 737 325 787 49.
354 736 636 776 Concludamus
666 739 736 777 boc
765 748 880 792 caput
911 739 1038 777 verbis
1067 740 1107 777 S.
1137 738 1247 777 Pauli
1279 753 1315 779 2.

204 789 253 828 ad
281 789 455 828 Corinth.
486 789 556 829 IV.
586 790 625 830 6.
654 793 723 844 qni
765 804 986 845 corpoream
1028 792 1155 831 lucem
1185 808 1206 830 a
1234 793 1317 831 Deo

204 843 332 895 prima
359 843 421 880 die
450 853 618 883 creatam
650 847 809 898 mystice
838 846 1011 883 transfert
1041 846 1087 884 ad
1117 846 1225 885 illam
1257 847 1316 885 lu-

201 909 289 934 cem
318 895 575 949 evangelicam
593 928 603 946 ‚
633 899 667 935 ἃ
696 899 961 951 spiritualem,
991 913 1068 951 qua
1097 899 1201 938 Deus
1231 914 1313 938 cor-

201 949 250 987 da
280 959 402 987 nostra
431 950 646 999 illuminat,
696 954 892 1004 inquiens:
939 952 1143 1002 Quoniam
1172 954 1311 1003 Deus,

199 1005 264 1053 qui
293 1002 394 1039 dixit
415 1033 426 1051 ,
456 1003 504 1041 de
533 1004 702 1042 tenebris
732 1006 860 1043 lucem
889 1005 1187 1056 splendescere,
1231 1012 1313 1058 ipse

199 1056 330 1093 illuxit
351 1060 387 1093 in
406 1056 584 1095 cordibus
596 1062 743 1096 nostris
758 1058 813 1096 ad
829 1059 1164 1098 illuminationem
1184 1065 1312 1099 scien-

198 1112 266 1146 tice
293 1110 494 1148 claritatis
521 1110 628 1160 Dei,
665 1116 706 1150 in
723 1112 843 1164 facie
875 1112 1017 1151 Christi
1044 1113 1165 1152 Jesu:
1208 1113 1311 1152 scili-

197 1172 255 1200 cet
283 1164 507 1212 ostendens,
546 1164 772 1217 allegoriam
807 1181 883 1204 esse
912 1167 983 1205 sub
1012 1168 1138 1206 verbis
1168 1166 1311 1204 Mosai-

195 1218 271 1263 cis,
300 1230 377 1268 qua
403 1217 608 1267 docemur,
639 1219 766 1257 Deum
783 1250 794 1267 ,
813 1221 936 1257 -sicuti
965 1234 1032 1258 sua
1052 1221 1310 1270 *omnipotenti

195 1281 289 1306 voce
317 1270 407 1308 fecit
436 1286 456 1308 e
477 1272 638 1310 tenebris
666 1272 793 1310 lucem
824 1285 1045 1323 corpoream
1074 1273 1310 1323 splendesce-

194 1334 262 1369 τες
299 1323 353 1360 sic
382 1325 495 1361 etiam
526 1324 698 1362 efficacia
726 1338 804 1361 suae
834 1325 966 1375 gratiae
997 1338 1114 1362 noste
1145 1326 1310 1364 tenebris

192 1376 339 1426 peccati
359 1376 415 1412 ,ad
445 1375 656 1414 claritatem
686 1377 760 1414 Dei
796 1390 966 1415 vocare.
1009 1376 1153 1429 Eplies.
1187 1377 1237 1416 V.
1269 1379 1308 1418 8.

189 1426 338 1521 gratis
368 1428 587 1481 aliquando
617 1429 792 1468 tenebrae
810 1460 819 1478 ,
862 1443 969 1468 nunc
999 1441 1138 1470 autem
1168 1433 1238 1470 lux
1267 1437 1309 1472 in

234 1493 370 1519 ΟῙΠΙῙΖΟ
390 1507 402 1520 ο

613 1589 788 1629 CAPUT
816 1591 883 1629 ΠΙ.

457 1694 524 1734 De
551 1707 669 1748 oper-e
706 1695 893 1734 secuntiae
930 1695 1035 1735 diei.

244 1777 466 1843 50.Haud
496 1815 666 1853 paucas,
705 1817 773 1842 nec
802 1801 902 1841 leves
932 1801 1071 1841 habent
1101 1802 1306 1843 difficulta-

187 1861 269 1902 tes,
299 1869 388 1907 quae
418 1853 573 1907 Moyses
602 1856 647 1893 de
676 1869 790 1908 opere
819 1857 996 1894 sectmdae
1025 1856 1103 1894 diei
1134 1855 1191 1894 his
1221 1871 1304 1896 ver-

184 1904 246 1944 bis
274 1921 341 1946 nos
369 1908 500 1946 docet:
537 1907 654 1945 Dixit
683 1922 830 1959 quoque
859 1909 998 1947 Deus:
1030 1909 1116 1962 fiat
1145 1910 1302 1963 firma-

185 1970 366 1998 mentum
397 1965 438 1997 z'n
469 1960 598 1998 medio
633 1975 861 2011 aquarum,
903 1963 953 2003 (θ’
983 1962 1130 2001 dividat
1171 1977 1302 2015 aquas

186 2011 240 2049 ab
268 2019 410 2064 aquis.
439 2011 497 2050 Et
513 2012 620 2066 fecit
649 2014 760 2053 Deus
777 2015 1096 2068 firmamentum
1114 2047 1125 2064 ,
1156 2017 1300 2055 divisit-

181 2078 256 2117 que
286 2080 443 2118 aquas,
483 2081 574 2119 quoe
601 2077 722 2106 erant
749 2068 818 2107 sub
835 2069 1110 2120 firmamento
1139 2070 1190 2107 ab
1221 2071 1298 2120 iiis,

181 2131 269 2170 quoe
297 2129 416 2159 erant
444 2133 560 2171 super
575 2122 898 2174 firmamentum
919 2149 928 2161 .
967 2122 1023 2160 Et
1041 2122 1210 2176 jactum
1241 2135 1299 2163 est

181 2176 238 2210 ita
257 2199 268 2210 .
299 2172 537 2224 Vocat-itque
564 2175 675 2214 Deus
691 2175 1013 2228 firmamentum
1042 2178 1185 2215 coelum
1207 2208 1218 2226 ‚
1249 2179 1299 2220 ἓν

168 2224 342 2276 factum
371 2237 430 2264 est
460 2239 643 2277 vespere,
672 2232 722 2270 <9¹
752 2244 878 2268 mane
907 2230 991 2268 (lies
1019 2231 1242 2270 secundus.

241 2280 306 2317 51.
335 2279 420 2318 Jam
450 2293 540 2317 vero
569 2281 697 2333 plures
732 2281 804 2321 >hic
824 2284 1007 2321 -orinntur
1035 2287 1264 2337 quaestiones
1284 2311 1296 2325 .

180 2328 336 2381 Prima,
366 2334 460 2386 quid
489 2337 615 2372 veniat
636 2336 798 2373 -nomine
814 2336 1104 2388 firmamenti.
1153 2337 1295 2376 Secun-

179 2385 257 2432 da,
287 2399 471 2438 quaenam
501 2389 547 2426 sit
576 2387 660 2426 liaee
703 2389 840 2426 divisio
869 2403 1085 2442 aquarum.
1131 2390 1261 2429 Tertia
1282 2422 1294 2441 ,

178 2439 274 2490 quid
304 2441 378 2477 sint
407 2455 518 2493 aquae
549 2454 664 2494 supra
693 2441 980 2480 firmamentum
999 2469 1010 2480 .

235 2492 299 2530 52.
329 2493 526 2540 Quantum
547 2495 593 2532 ad
624 2495 791 2546 primam
814 2525 825 2542 ,
850 2495 1058 2535 ‘hebraicus
1086 2505 1207 2535 textus
1228 2497 1295 2535 fir-

176 2555 414 2584 mamentum
444 2556 552 2584 vocat
581 2553 704 2597 72⁸9
737 2547 963 2601 Racliyalz,
1007 2551 1107 2601 quod
1140 2553 1294 2602 proprie

176 2603 469 2648 expansionem
500 2600 691 2651 significat
707 2625 718 2637 .
748 2601 912 2639 Nomine
932 2611 1059 2639 autem
1077 2608 1293 2653 expansio-

175 2656 239 2689 nis
269 2653 418 2690 videtur
437 2653 636 2704 >designati
665 2661 740 2691 tota
769 2653 838 2692 illa
866 2656 1052 2693 immensa
1081 2658 1291 2710 intercape-

177 2703 252 2751 do,
282 2719 370 2756 quae
399 2721 422 2744 a
449 2706 586 2744 tellure
615 2718 734 2758 usque
762 2707 809 2744 ad
839 2719 1008 2747 extrema
1037 2711 1169 2748 mundi
1200 2725 1292 2750 con-

178 2754 272 2794 finia
302 2762 583 2812 exporrigitur.
613 2758 672 2797 Ex
700 2774 778 2812 qno
806 2760 876 2808 fit,
907 2771 946 2799 nt
974 2764 1173 2799 commode
1203 2763 1288 2801 haec

178 2821 251 2846 vox
280 2815 400 2861 aptari
431 2815 545 2864 possit
573 2814 652 2852 sive
681 2812 778 2851 caelo
807 2827 916 2851 aereo
937 2843 947 2861 ,
977 2815 1078 2866 quod
1107 2815 1286 2853 tellurem

178 2861 472 2912 circumambit,
508 2868 586 2905 sive
616 2868 729 2905 etiam
772 2865 870 2904 caelo
898 2869 1096 2916 astrifero,
1140 2868 1179 2904 in
1208 2881 1287 2920 quo

177 2913 272 2963 Sol,
300 2914 466 2954 Planetae
486 2948 496 2965 ‚
531 2920 683 2972 aliaque
717 2921 841 2958 sidera
869 2922 1133 2958 continentur.
1176 2920 1288 2959 Utra-

176 2981 255 3019 que
276 2969 556 3020 significatione
584 2976 700 3011 utitur
729 2987 835 3012 sacra
862 2973 1088 3025 Scriptura3
1124 2987 1219 3011 -cum
1251 2988 1289 3011 e-

175 3023 259 3058 nim
289 3023 383 3060 dicit
411 3037 450 3060 V.
472 3024 532 3061 16.
563 3023 596 3059 8(
624 3039 700 3078 seq.
722 3027 849 3066 Deum
880 3027 1013 3065 fecisse
1041 3026 1195 3075 stellas,
1227 3041 1289 3066 ea-

174 3087 269 3126 sque
294 3077 464 3127 -posuisse
493 3077 820 3129 itifirnzamento
849 3081 965 3128 coeli,
1001 3089 1105 3120 certo
1131 3082 1288 3119 nomine

165 3126 430 3180 firmamenti
459 3130 646 3169 intellexit
674 3133 813 3171 caelum
844 3136 1096 3181 astriferum3
1132 3134 1165 3170 &
1195 3148 1286 3174 cum

175 3181 317 3220 iterum
346 3196 384 3221 v.
416 3196 479 3222 20.
509 3183 626 3222 dicit:
669 3185 898 3224 Producant
926 3202 1048 3239 aquae
1074 3188 1210 3238 reptile
1238 3201 1285 3226 a·

173 3238 302 3273 nimoe
330 3239 514 3284 viventis,
543 3238 592 3278 <9¹
613 3239 767 3277 volatile
794 3253 908 3289 super
936 3250 1091 3280 terram
1118 3240 1188 3279 sub
1203 3241 1284 3295 fir-

175 3298 386 3329 mamento
411 3291 502 3330 caeli
515 3305 532 3335 ;
561 3291 620 3331 vel
644 3300 683 3331 ut
703 3301 824 3333 textus
851 3292 1053 3336 hebraicus
1082 3297 1284 3348 exprimit,

976 73 1375 118 DISSERTATIO
1399 75 1456 117 II.
1503 74 1632 117 CAP.
1656 73 1735 118 111.

1381 165 1496 204 super
1510 151 1630 204 facie
1638 153 1928 205 firmamenti,
1957 162 2045 194 tunc
2065 155 2222 194 nomine
2238 153 2489 210 firmamen-

1382 212 1411 245 ti
1439 206 1592 244 nonnisi
1621 219 1774 243 aereum
1792 236 1803 254 ,
1833 206 1866 244 &
1895 208 2102 247 sublimare
2130 209 2273 248 coelum
2304 211 2492 265 intellige-

1382 275 1422 298 re
1452 257 1598 312 potnit,
1641 259 1682 297 in
1709 272 1787 311 quo
1814 273 1902 299 aves
1931 261 2112 311 volitant,
2154 277 2242 316 qnae
2272 266 2387 302 etiam
2419 267 2493 305 ibi-

1383 315 1470 352 dem
1501 325 1596 351 vers.
1629 309 1692 349 26.
1722 312 1757 347 δε
1788 325 1852 364 27.
1881 323 2064 353 vocantur
2091 317 2266 367 volatiles
2295 319 2410 367 coeli,
2454 319 2490 356 &

1385 366 1534 406 Psalmo
1561 363 1737 403 CXLVI.
1765 365 1812 402 de
1840 366 1923 404 Deo
1951 368 2110 406 dicitur:
2156 369 2232 420 Qui
2262 376 2386 421 operit
2415 384 2492 410 cce-

1383 422 1464 459 lum
1486 418 1644 457 nubibus
1659 447 1669 467 ,
1698 418 1883 468 &parat
1902 428 2021 458 terrae
2040 422 2240 472 pluriam.
2269 425 2351 462 lmo
2381 427 2495 465 etiam

1383 473 1522 514 Matth.
1552 471 1660 511 XVI.
1693 484 1728 510 2.
1758 471 1792 508 8(
1823 472 1860 511 5.
1897 473 2042 512 coelum
2084 484 2239 514 vocatur
2280 490 2494 528 serenum,

1383 526 1662 573 rubicundum,
1692 528 1800 562 triste
1814 540 1830 570 ;
1859 525 1998 578 quibus
2027 529 2065 565 in
2094 526 2186 567 locis
2215 537 2314 568 certe
2346 531 2493 571 coelum

1384 581 1592 620 sublimare
1621 578 1873 630 intelligitur».

1441 635 1504 673 55.
1532 636 1630 671 Cum
1661 634 1775 685 igitur
1791 631 1939 684 duplici
1960 630 2031 670 hoc
2051 647 2158 671 sensu
2176 633 2496 686 firmamentum

1384 689 1425 726 in
1446 689 1560 726 sacris
1590 686 1721 724 litteris
1750 688 1987 738 accipiatur,
2016 688 2175 739 qnaestio
2195 689 2389 738 exoritur,
2418 705 2496 744 qno

1383 756 1494 779 sensu
1524 742 1660 778 dixerit
1688 739 1871 793 Moyses,
1915 740 2060 778 factum
2091 754 2167 778 esse
2207 740 2496 782 firmamentum

1378 796 1425 833 >in
1456 794 1582 833 medio
1610 807 1798 846 aquarum
1817 823 1828 842 ,
1872 802 1911 830 ut
1939 793 2201 831 dividerentur
2238 807 2349 846 aquae
2378 796 2427 833 ab
2456 811 2497 834 a-

1374 849 1491 901 >quis;
1521 861 1570 884 an
1598 848 1745 886 scilicet
1775 848 1814 886 id
1844 846 2071 885 intellexerit
2099 847 2146 885 de
2166 846 2266 886 coelo
2295 861 2432 897 aereo,
2462 849 2498 886 δε

1382 901 1607 948 sublunari,
1637 914 1685 938 an
1716 914 1804 940 vero
1824 901 1869 938 de
1889 899 1988 938 coelo
2016 901 2214 950 astrifero,
2246 899 2278 936 8(
2305 901 2465 940 sublimi
2483 927 2496 942 -

1439 954 1501 1000 54.
1532 953 1572 991 S.
1603 953 1772 993 Thomas
1798 954 1830 992 l.
1861 954 1902 992 P.
1932 968 1999 1006 qu.
2029 954 2096 993 68.
2125 962 2197 992 art.
2233 968 2265 992 1.
2295 965 2498 1008 postquam

1382 1009 1506 1046 varias
1535 1007 1582 1043 de
1610 1007 1853 1045 firmamento
1881 1009 2026 1045 sidereo
2054 1009 2249 1060 opiniones
2278 1008 2496 1057 attulisset,

1368 1061 1473 1112 -quin
1503 1068 1630 1098 tamen
1660 1060 1763 1098 aliud
1794 1062 1888 1101 certi
1917 1061 2114 1110 definiret,
2145 1062 2197 1099 ita
2226 1063 2495 1114 prosequitur:

1381 1141 1408 1161 „
1437 1112 1559 1151 Potest
1587 1122 1713 1151 autem
1743 1114 1776 1150 &
1804 1114 1881 1152 alio
1909 1116 2022 1153 modo
2050 1114 2239 1167 intelligi,
2269 1124 2309 1152 ut
2332 1130 2398 1167 per
2427 1115 2496 1154 fir-

1377 1194 1406 1214 „
1437 1175 1673 1204 mamentnm
1696 1195 1706 1214 ,
1735 1168 1839 1219 quod
1867 1166 2007 1218 legitur
2034 1169 2199 1207 secunda
2226 1169 2289 1206 die
2318 1169 2464 1208 factum
2482 1195 2494 1216 ‚

1380 1247 1404 1268 ,‚
1437 1232 1510 1257 non
1541 1218 1774 1270 intelligatur
1803 1219 2092 1258 firmamentum
2120 1221 2247 1270 illud,
2277 1223 2315 1260 in
2345 1234 2420 1275 quo
2449 1221 2495 1260 fi·

1380 1301 1406 1320 ‚,
1437 1286 1494 1310 xae
1525 1282 1608 1311 sunt
1637 1272 1755 1311 stellae
1773 1302 1784 1320 ‚
1813 1272 1876 1309 sed
1906 1271 1975 1309 illa
1990 1286 2077 1323 pars
2097 1275 2194 1312 aeris
2215 1304 2226 1322 ,
2257 1276 2295 1312 in
2312 1289 2390 1328 qua
2406 1289 2495 1313 con·

1379 1355 1406 1374 „
1437 1327 1638 1365 densantur
1685 1326 1808 1365 nubes
1829 1328 1878 1364 “.
1923 1323 2067 1363 Rursus
2109 1335 2178 1364 art.
2211 1340 2247 1364 2.
2291 1343 2495 1379 quaerenS,

1368 1382 1570 1432 quomodo
1599 1393 1710 1432 aquae
1732 1381 1812 1419 -sint
1834 1391 1957 1431 >supra
1986 1378 2295 1417 firmamentum:
2318 1409 2344 1428 „
2365 1381 2405 1419 Si
2427 1394 2494 1418 au-

1379 1463 1405 1481 „
1434 1443 1509 1471 tem
1532 1464 1543 1482 ,
1572 1434 1722 1486 inquit,
1752 1446 1821 1485 per
1850 1431 2136 1470 firmamentum
2158 1431 2391 1484 intelligatur
2403 1446 2494 1486 pars

1379 1515 1406 1534 „
1434 1489 1559 1534 aeris,
1591 1489 1630 1524 in
1659 1501 1736 1538 qua
1766 1485 1888 1522 nubes
1916 1485 2218 1533 condensantur,
2263 1489 2316 1523 sic
2344 1500 2457 1540 aquae
2479 1517 2492 1536 ,

1377 1568 1402 1587 2,
1434 1553 1523 1591 quae
1544 1549 1628 1577 sunt
1649 1552 1764 1591 supra
1784 1539 2092 1587 firmamentum,
2123 1549 2208 1578 sunt
2229 1553 2341 1592 aquae
2358 1569 2369 1588 ,
2399 1553 2490 1592 quae

1378 1621 1402 1640 ‚7
1433 1592 1705 1644 vaporabiliter
1748 1590 1919 1630 resolntae
1967 1605 2083 1643 snpra
2124 1591 2296 1644 aliquam
2339 1604 2489 1645 partem

1432 1648 1537 1685 aeris
1551 1645 1748 1684 elevantur
1764 1676 1773 1693 ,
1804 1659 1847 1681 ex
1864 1644 2005 1696 quibus
2022 1644 2168 1694 pluviae
2188 1655 2417 1694 generantur
2438 1650 2489 1685 “0

1431 1701 1494 1737 55.
1527 1700 1651 1751 Atque
1682 1698 1776 1736 hanc
1807 1698 2039 1734 firmamenti
2082 1699 2355 1748 expositionem
2386 1699 2490 1738 idem

1373 1750 1414 1790 S.
1446 1753 1587 1791 Doctor
1615 1767 1636 1790 a
1665 1751 1705 1789 S.
1736 1751 1950 1800 Augustino
1979 1751 2285 1788 commendatam
2315 1766 2392 1789 esse
2420 1753 2490 1791 ob-

1373 1815 1526 1844 servat.
1558 1805 1697 1857 Reipsa
1725 1805 1766 1842 S.
1789 1803 1897 1841 Pater
1927 1803 2014 1841 Lib.
2038 1804 2085 1840 II.
2116 1803 2165 1842 de
2197 1803 2302 1842 Gen.
2331 1804 2387 1842 acl
2415 1806 2489 1855 litt.

1373 1872 1408 1895 c.
1439 1860 1478 1904 4.
1507 1861 1730 1909 opinionem
1761 1856 1961 1907 cujusdam
1988 1857 2134 1905 refert,
2177 1859 2244 1910 qui
2275 1857 2484 1902 laudabili-

1371 1919 1429 1949 ter
1458 1921 1611 1949 conatus
1641 1920 1693 1949 est
1721 1911 1977 1948 demonstrare
1994 1940 2004 1957 ,
2035 1924 2152 1963 aquas
2169 1941 2181 1959 ,
2209 1923 2297 1964 qnae
2318 1921 2403 1950 sunt
2424 1927 2486 1950 su⁴

1368 1978 1438 2016 pra
1468 1965 1757 2003 firmamentum
1776 1994 1786 2011 ,
1816 1977 1889 2001 non
1919 1978 1996 2002 esse
2025 1965 2099 2001 nisi
2130 1978 2287 2015 vapores
2315 1979 2484 2018 aqueos,

1367 2018 1436 2071 qui
1466 2020 1506 2057 in
1549 2027 1672 2056 nostra
1707 2016 1962 2068 atmosphaera
2003 2016 2250 2066 attolluntur,
2292 2018 2326 2055 8<
2356 2020 2407 2058 ita
2435 2020 2486 2058 ab

1367 2073 1504 2125 aquis,
1534 2086 1621 2124 qnae
1637 2085 1751 2124 snper
1778 2079 1919 2108 terram
1939 2078 2049 2118 sunt,
2081 2071 2331 2110 dividuntur:
2361 2102 2388 2121 „
2409 2073 2483 2111 Er-

1369 2154 1395 2174 „
1427 2138 1473 2177 go
1502 2139 1547 2163 ex
1568 2139 1680 2173 aere,
1710 2125 1778 2177 qui
1809 2134 1860 2162 est
1877 2125 1974 2161 inter
1989 2136 2146 2176 vapores
2175 2124 2380 2173 humidos,
2412 2139 2480 2163 uu·

1368 2208 1394 2228 „
1424 2180 1470 2216 de
1499 2180 1674 2231 superius
1689 2177 1826 2216 nubila
1854 2176 2154 2228 conglobantur,
2185 2177 2219 2213 δι
2239 2180 2362 2216 maria
2392 2178 2481 2216 sub-

1367 2261 1394 2282 „
1424 2233 1592 2282 terfusa,
1634 2232 1829 2270 ostendere
1859 2231 1925 2269 ille
1954 2230 2074 2269 voluit
2103 2245 2179 2269 esse
2208 2231 2352 2269 coelnm
2383 2233 2483 2271 inter

1422 2300 1593 2339 aquam,
1637 2284 1670 2320 &
1713 2298 1882 2338 aquam.
1925 2284 2036 2322 Hauc
2079 2297 2168 2336 ergo
2208 2285 2480 2336 diligentiam,

1421 2330 1616 2377 concludit
1646 2339 1889 2391 Augustinus
1911 2368 1922 2386 ,
1950 2338 2368 2391 considerationemque
2396 2339 2482 2376 lau-

1366 2420 1392 2440 „
1423 2392 1467 2430 de
1496 2393 1761 2444 dignissimam
1792 2391 1948 2443 judico-
1986 2391 2099 2438 Quod
2129 2392 2231 2430 enim
2260 2392 2383 2440 dixit,
2412 2405 2480 2430 ne-

1365 2473 1392 2494 „
1422 2460 1497 2498 que
1525 2456 1657 2483 contra
1687 2446 1805 2483 fidem
1837 2454 1916 2492 est,
1945 2445 1980 2481 ἃ
2009 2446 2049 2482 in
2077 2455 2257 2497 promptu
2279 2447 2400 2496 posito
2412 2445 2478 2482 do-

1363 2526 1390 2546 „
1419 2509 1598 2537 cumento
1627 2499 1730 2536 credi
1760 2508 1878 2550 potest
1897 2502 1923 2520 “
1941 2523 1952 2535 .
1982 2498 2065 2535 Iino
2093 2512 2182 2535 cum
2202 2498 2401 2549 Scriptura
2420 2498 2482 2538 dis

1363 2560 1422 2588 cat
1441 2581 1453 2600 ,
1501 2551 1573 2590 hoc
1603 2551 1889 2590 firmamentum
1920 2552 2065 2589 factum
2097 2565 2174 2589 esse
2202 2554 2243 2589 in
2272 2553 2405 2590 medio
2432 2565 2480 2590 a-

1362 2617 1561 2655 quarum,
1592 2605 1710 2644 facile
1739 2605 1989 2655 intelligitur,
2018 2604 2129 2640 illam
2159 2617 2239 2640 esse
2268 2605 2359 2640 coeli
2389 2618 2477 2655 par-

1360 2666 1464 2705 tem,
1511 2671 1600 2710 quae
1631 2671 1791 2710 vapores
1819 2669 1958 2709 aqueos
1987 2655 2158 2693 nubibus
2200 2669 2394 2707 suspensos
2423 2657 2474 2695 ab

1357 2712 1468 2761 aquis
1496 2724 1538 2748 ln
1568 2719 1668 2748 terra
1696 2710 1828 2761 positis
1856 2710 2062 2746 discernit.
2092 2707 2206 2746 Unde
2235 2711 2348 2747 etiam
2378 2710 2473 2748 Hie-

1353 2775 1540 2813 ronymus
1569 2764 1679 2814 epist.
1707 2762 1773 2814 69.
1802 2762 1849 2800 ad
1880 2762 2079 2800 Oceanum
2108 2776 2147 2800 n.
2179 2761 2217 2801 6.
2260 2761 2369 2801 Inter
2396 2777 2474 2802 coe-

1355 2814 1437 2852 lum
1455 2845 1465 2862 ‚
1493 2815 1543 2856 <9
1573 2824 1750 2865 terram,
1788 2816 1940 2868 inquit,
1970 2814 2145 2854 medium
2175 2822 2373 2856 extruitur
2386 2817 2471 2869 fir-

1353 2878 1609 2906 marnenturn
1626 2895 1637 2907 .

1412 2920 1476 2960 56.
1507 2921 1597 2960 Alia
1626 2924 1739 2960 etiam
1768 2931 1907 2974 praesto
1934 2925 2030 2962 'sunt
2070 2937 2265 2962 sacrarum
2295 2923 2471 2975 Scriptu-

1355 2982 1486 3013 rarum
1516 2974 1628 3023 loca,
1658 2976 1800 3028 quibus
1830 2976 1914 3015 haec
1930 2976 2195 3029 firmamenti
2215 2976 2470 3028 intelligentia

1354 3028 1625 3066 confirmatur:
1662 3037 1702 3067 ut
1730 3043 1820 3067 cum
1849 3031 1992 3068 dicitur
2020 3029 2170 3069 Psalmo
2190 3030 2289 3068 Clll.
2321 3029 2358 3069 5.
2392 3029 2470 3080 Qui

1354 3085 1455 3134 tegis
1482 3086 1595 3133 aquis
1624 3086 1829 3134 superiora
1858 3084 1944 3135 ejus
1965 3113 1976 3131 ‚
2015 3098 2151 3136 nempe
2181 3084 2272 3122 coeli
2290 3114 2301 3133 ,
2330 3083 2364 3120 δι
2393 3093 2466 3122 sta-

1354 3136 1424 3173 tim
1453 3135 1646 3173 subditur:
1679 3136 1757 3186 Qui
1771 3140 1882 3187 ponis
1912 3135 2056 3175 nubem
2084 3151 2300 3175 ascensum
2329 3147 2468 3179 tuum;

1352 3192 1417 3240 qui
1445 3187 1630 3227 ambulas
1657 3202 1772 3240 super
1799 3203 1955 3238 pennas
1984 3200 2184 3240 ventorum
2202 3206 2218 3237 ;
2253 3200 2294 3229 ut
2323 3188 2464 3229 intelli-

1351 3256 1486 3294 gamus
1506 3273 1517 3291 ,
1563 3244 1721 3281 nomine
1749 3244 1840 3281 coeti
1887 3257 1959 3282 non
1989 3245 2177 3297 designari
2212 3246 2288 3284 nisi
2315 3242 2434 3280 nubes
2453 3270 2465 3289 ,

1351 3297 1399 3336 ad
1427 3310 1522 3350 quas
1536 3298 1814 3350 congregandas
1835 3299 1936 3340 venti
1964 3299 2198 3342 advocantur
2212 3323 2224 3339 .
2251 3298 2343 3337 Item
2360 3292 2464 3332 Psal-

2347 3359 2414 3388 mo

1377 1674 1402 1693 27

1365 2315 1392 2335 :2

1364 2368 1391 2387 32
