2583 3685
278 172 361 212 v192

224 262 251 283 „
280 235 374 270 tius:
422 242 507 278 ergo
535 227 639 265 Deus
669 239 743 263 non
773 234 890 276 potest
918 225 1064 278 aliquid
1093 228 1215 265 facere
1244 241 1322 264 me-

279 284 351 321 lius
379 294 495 331 quam
527 281 616 316 fucit
645 282 698 315 “.

275 333 364 372 208.
393 334 465 370 Cui
494 331 711 369 difficultati
729 361 739 377 ,
768 344 885 381 quam
903 330 1119 382 Philosophi
1153 332 1321 381 Optimi-

217 392 294 426 smz'
323 386 533 424 defensores
562 385 731 437 quotidie
761 393 997 435 recoquunt,
1032 386 1085 422 ita
1112 385 1153 422 S.
1186 386 1323 423 Ductor

208 439 406 480 ..subtiliter
437 439 661 489 respondet,
691 450 779 474 cum
811 437 968 474 dicitur:
1000 465 1026 483 „
1056 437 1181 474 Deum
1211 450 1322 486 posse

275 491 420 543 aliquid
435 490 586 543 facere
617 490 780 537 melius,
811 502 927 542 quain
958 490 1075 536 facit,
1109 492 1137 527 si
1169 489 1207 541 ly
1240 504 1323 528 me-

276 547 348 583 lius
377 546 422 582 sit
452 557 615 590 nomen,
659 557 791 580 verunt
818 551 895 578 est:
943 542 1112 594 qualibet
1150 544 1251 580 enim
1284 557 1322 581 re

274 606 390 651 potest
417 598 542 636 facere
585 597 701 634 aliam
733 594 958 633 meliorem.
1009 594 1193 632 Eamdem
1237 609 1324 633 vero

276 659 391 703 potest
422 651 546 687 facere
572 649 771 687 meliorem
815 647 1122 699 quodammodo,
1170 647 1203 683 ἃ
1232 662 1324 700 quo·

274 704 477 742 dammodo
505 716 580 741 non
612 706 625 753 (
656 716 793 753 nempe
823 713 896 738 non
926 709 1110 752 qnantum
1141 699 1187 736 ad
1217 699 1326 738 boni-

274 766 386 795 tatem
418 755 652 793 essentialem
670 785 681 802 ,
724 753 786 792 sed
816 753 937 791 solum
968 761 1151 804 quantun-n
1182 753 1227 790 ad
1257 753 1323 791 bo-

273 811 429 848 nitatem
458 807 729 847 accidentalem
760 806 802 854 ).
844 806 886 844 Si
917 818 1006 843 vero
1036 804 1078 857 ly
1108 806 1248 843 melius
1276 809 1324 845 sit

270 863 496 901 adverbium
513 891 524 908 ,
555 861 588 897 &
617 863 793 912 importet
823 859 978 896 modum
1000 871 1044 895 ex
1067 869 1169 909 parte
1183 859 1326 897 facien-

274 917 347 964 tis,
377 917 429 953 sic
459 914 563 952 Deus
590 927 664 952 non
695 921 812 964 potest
842 912 967 949 facere
997 911 1163 960 melius,
1206 926 1325 963 quam

273 971 371 1006 sicut
402 968 520 1014 facit3
561 968 654 1019 quia
683 979 757 1003 non
786 972 902 1016 potest
945 964 1070 1002 facere
1106 978 1151 1001 ex
1181 964 1327 1015 majore

218 1054 245 1072 „
276 1022 485 1072 sapientia,
515 1020 549 1056 δε
579 1020 770 1058 bonitate.
808 1017 850 1055 Si
880 1024 1004 1055 autem
1037 1017 1212 1068 importet
1241 1031 1325 1055 mo-

215 1104 242 1126 „
273 1074 368 1111 dum
398 1087 451 1111 ex
478 1081 593 1123 parte
609 1071 749 1124 sacti,
779 1071 833 1109 sic
863 1079 982 1122 potest
1011 1071 1135 1108 facere
1164 1069 1326 1118 melius,

271 1129 363 1178 quia
394 1136 507 1178 potest
537 1127 627 1163 dare
657 1125 776 1166 rebus,
797 1138 820 1161 a
835 1138 871 1161 se
893 1124 999 1161 factis
1021 1123 1223 1161 meliorem
1245 1136 1327 1160 mo-

273 1180 367 1217 dum
396 1178 577 1227 essendi,
605 1187 800 1229 quantum
828 1175 884 1214 ad
912 1175 1210 1224 accidentalia,
1240 1175 1329 1213 licet

212 1264 243 1283 ¹„
272 1246 355 1271 non
383 1241 578 1282 quantum
607 1231 664 1269 acl
691 1229 923 1269 essentialia
954 1232 1008 1267 “.
1049 1229 1108 1267 En
1137 1229 1328 1280 quomodo

212 1285 330 1326 facite
359 1285 552 1324 cavillatio
581 1284 759 1322 enodetur
788 1296 919 1320 eorum
939 1311 949 1329 ,
993 1284 1062 1333 qui
1093 1290 1223 1332 putant
1252 1293 1327 1319 non

213 1339 374 1392 potuisse
404 1337 600 1375 homiuem
630 1336 740 1374 aliter
770 1349 872 1382 esse,
902 1348 1019 1386 quam
1051 1348 1152 1371 nunc
1181 1336 1255 1381 sit,
1296 1333 1329 1369 8<

215 1391 514 1430 commentitiam
558 1404 635 1427 esse
664 1387 829 1441 duplicis
871 1396 984 1424 status
1014 1395 1157 1425 naturae
1198 1388 1328 1424 distin-

207 1447 376 1484 ctionem
395 1475 406 1494 ,
432 1443 579 1482 scilicet
607 1451 717 1482 status
745 1450 893 1479 naturae
925 1441 1079 1491 integra-3
1097 1470 1108 1490 ,
1153 1440 1186 1477 &
1216 1449 1329 1479 status

212 1507 360 1537 naturae
391 1505 578 1550 corruptae
596 1523 607 1534 .

266 1564 359 1604 ρος).
389 1550 523 1603 Neque
553 1562 641 1590 vero
668 1548 822 1587 omnino
852 1562 1005 1601 presse,
1049 1555 1159 1598 atque
1190 1546 1236 1584 ad
1260 1545 1328 1584 vlit.-

216 1613 336 1642 teram
366 1604 551 1642 sumenda
581 1611 667 1642 sunt
695 1603 873 1655 quaedam
895 1602 935 1639 S.
953 1600 1155 1650 Augustini
1187 1599 1326 1647 verba,

213 1659 281 1707 qui
312 1658 402 1695 Lib.
433 1656 501 1694 IV.
532 1657 579 1693 de
607 1657 706 1693 Gen.
737 1656 785 1692 ad
813 1655 885 1691 litt.
915 1667 1001 1703 cap.
1037 1652 1097 1689 16.
1129 1653 1252 1703 inquit
1281 1652 1328 1689 de

211 1707 322 1747 Deo:
353 1710 468 1747 Bona,
485 1707 635 1760 facere
663 1711 798 1744 sinon
825 1714 953 1756 posset
972 1734 981 1751 ,
1011 1704 1121 1741 nulla
1141 1713 1242 1741 esset
1261 1717 1327 1753 ρο-

215 1765 373 1806 teram,-
417 1766 449 1799 si
478 1770 616 1798 autem
645 1768 800 1811 posset,
849 1770 922 1795 nec
939 1757 1132 1809 facer-et,
1171 1770 1328 1809 magna.

216 1825 318 1852 esset
348 1813 593 1852 insidentia:
630 1817 721 1862 qum
750 1825 844 1863 ergo
874 1819 932 1848 est
959 1813 1234 1860 omnipotens,
1277 1811 1326 1850 (ἲ)

214 1864 358 1917 bonus,
388 1871 528 1905 omnia
557 1865 668 1904 valde
696 1864 800 1903 bona
817 1863 922 1915 fecit
941 1889 952 1901 .
996 1863 1123 1901 Primo
1151 1864 1255 1900 enim
1284 1862 1326 1902 S.

211 1919 323 1957 Pater
353 1934 425 1958 non
455 1920 573 1968 dicit,
602 1920 733 1956 omnia
762 1917 886 1955 a'Deo
917 1917 1014 1955 facta
1043 1930 1119 1954 esse
1147 1920 1297 1967 optima
1315 1947 1325 1965 ,

212 1973 279 2010 sed
308 1973 420 2010 mltle
447 1971 583 2016 ὒοηας
610 1984 698 2022 quae
725 1970 875 2022 phrasis
905 1979 957 2008 est
988 1969 1184 2008 mosaica:
1213 1970 1247 2006 ἃ
1277 1978 1326 2007 et-

209 2024 293 2064 ‘iam
323 2025 583 2064 Ecclesiastici
615 2023 803 2062 XXXVI.
837 2036 927 2071 210,
967 2022 1035 2060 ubi
1065 2023 1227 2060 dicitur:
1276 2021 1328 2059 U-

208 2083 371 2117 niversa
399 2091 521 2128 opera
537 2077 705 2116 Domini
735 2075 836 2114 hona.
866 2074 1006 2113 valde.
1036 2075 1212 2114 Secundo
1227 2077 1329 2128 quod

212 2133 334 2180 dicit,
380 2145 555 2183 magnam
584 2131 755 2168 futuram
786 2131 825 2167 in
856 2129 937 2167 Deo
967 2128 1226 2166 inridentium
1245 2158 1256 2177 ,
1298 2130 1329 2167 si

210 2183 342 2233 bona,
372 2200 460 2237 quae
491 2193 634 2238 poterat
663 2184 789 2222 facere
807 2213 817 2231 ,
845 2196 923 2220 non
955 2181 1128 2229 fecisset,
1171 2195 1247 2219 non
1277 2183 1329 2220 ita

214 2238 484 2289 accipiendum
515 2246 589 2286 est,
618 2238 726 2290 quasi
756 2236 858 2275 Deus
888 2237 981 2273 citra
1011 2236 1231 2273 invidentiae
1253 2248 1329 2272 ⁴no-

214 2299 293 2328 tam
324 2304 397 2327 non
427 2293 589 2342 potuerit
616 2289 704 2328 haec
745 2303 818 2328 non
847 2302 1002 2337 creare,
1046 2291 1262 2340 oppositum
1291 2303 1329 2326 e-

214 2344 296 2381 nim
323 2343 472 2382 'ibidem
501 2344 608 2381 docet
637 2342 677 2380 S.
707 2343 965 2393 Augustinus,
995 2342 1124 2379 dicens
1154 2342 1200 2378 de
1222 2342 1326 2379 Deo:

216 2395 332 2434 Nam
360 2400 486 2435 etiam
514 2401 569 2434 sic
599 2395 675 2433 (lici
702 2404 831 2446 posset
866 2394 983 2431 nullis
1025 2407 1145 2445 egens
1188 2394 1324 2442 bonis,

216 2462 298 2487 non
326 2463 354 2487 a
382 2449 517 2501 factis
545 2454 586 2487 in
615 2452 740 2499 seipso
768 2446 1074 2498 requiescendo,
1122 2460 1255 2484 verum
1285 2461 1325 2485 0-

216 2507 354 2540 mm’no
383 2504 495 2540 nulla
512 2501 742 2554 faciendo:
791 2502 869 2538 imo
898 2509 992 2537 totus
1022 2500 1075 2537 ibi
1100 2511 1159 2537 -est
1188 2501 1227 2538 S.
1250 2499 1328 2537 „Pa-

217 2564 298 2602 ter,
331 2563 369 2592 ut
398 2554 558 2607 probet,
589 2552 714 2592 Deum
747 2550 841 2590 nulli
862 2551 1010 2604 aliquid
1040 2553 1205 2600 debere,
1235 2554 1331 2591 sicut

217 2607 322 2646 nulla
352 2621 392 2645 re
423 2607 592 2659 indiget.
632 2606 733 2644 Illud
762 2606 920 2644 demum
949 2606 1332 2644 animadvertendum

217 2671 296 2708 est,
337 2661 440 2712 qnod
471 2661 572 2699 idem
603 2659 644 2698 S.
675 2657 816 2697 Doctor
844 2659 891 2696 de
929 2660 1005 2710 suis
1034 2657 1146 2698 libris
1174 2659 1222 2696 de
1254 2658 1333 2697 Ge-

217 2717 305 2752 nesi
333 2713 388 2751 ad
416 2713 592 2752 litteram
621 2714 759 2751 fatetur
779 2711 935 2751 Lib.'ll.
966 2710 1128 2751 Retract.
1159 2725 1250 2762 cap.
1268 2713 1332 2758 24.

217 2767 363 2805 scilicet
410 2797 436 2815 „
467 2768 507 2805 in
530 2781 582 2805 ‘eo
608 2780 721 2820 opere
750 2764 863 2817 plura
891 2765 1079 2816 quaesita,
1129 2778 1247 2816 quam
1277 2765 1334 2801 in-

225 2849 251 2867 „
280 2828 390 2858 venta
418 2820 563 2867 fuisse3
583 2821 628 2857 -ἃ
649 2832 804 2865 eorum,
833 2830 922 2869 quae
941 2818 1210 2863 inventasunt,
1239 2829 1334 2868 pau-

223 2899 250 2919 „
278 2875 381 2911 ciora
410 2873 588 2919 firmata;
617 2881 743 2912 cetera
769 2883 860 2910 vero
887 2871 940 2907 ita
967 2869 1109 2922 posita,
1139 2868 1241 2908 velut
1264 2869 1335 2907 ad-

227 2951 252 2971 „
279 2923 352 2963 liue
384 2926 610 2978 requirenda
638 2927 714 2965 sint
742 2927 794 2962 “-

282 2989 369 3014 210.
399 2980 483 3017 Non
514 2978 745 3018 absimiliter
774 2974 1042 3028 intelligendus
1069 2983 1120 3013 est
1140 2974 1181 3014 S.
1203 2975 1335 3027 Augu-

227 3028 342 3065 stinus
370 3044 457 3068 cum
490 3035 527 3070 iu
555 3032 786 3070 Enchirz'dz'o
815 3045 900 3081 cap.
937 3043 997 3067 10.
1028 3030 1174 3080 inquit:
1219 3028 1335 3067 Bona

227 3089 318 3118 sunt
348 3084 526 3132 singula,
568 3099 657 3136 quoe
686 3084 797 3123 Deus
814 3083 946 3135 fecit,-
993 3081 1063 3119 sed
1090 3082 1207 3119 simul
1249 3085 1336 3119 uni-

228 3145 348 3173 versa
376 3134 488 3172 valde
516 3135 617 3175 bona
636 3167 647 3186 ,
677 3142 770 3189 quia
799 3150 852 3175 ex
881 3135 1061 3173 omnibus
1090 3138 1265 3173 consistit
1293 3148 1335 3171 u-

222 316 248 333 7⁵

210 523 244 543 5³

219 577 246 596 >2

217 629 244 649 εν)

218 683 246 701 η

217 735 243 755 ’.Π

218 788 245 808 ⁹,

217 842 243 860 τ’

207 895 242 914 ¹2²

218 947 245 967 3>

219 1001 244 1018 ν»

217 1159 242 1178 :⁸7

217 1211 242 1231 2,

273 3258 334 3306 fa?
360 3254 443 3287 Haec
469 3256 584 3288 omnia
611 3256 687 3290 addi
715 3266 857 3301 possunt
885 3259 952 3299 iis,
978 3271 1054 3303 quae
1079 3257 1121 3290 de
1146 3255 1266 3290 mundi
1292 3256 1342 3288 O-

230 3309 411 3344 ptimismo
439 3301 664 3335 Leibniz-iano
689 3302 843 3336 diximus
881 3304 917 3338 in
944 3305 1009 3337 fme
1037 3304 1142 3337 ¹Tomi
1166 3305 1226 3336 111.
1253 3311 1339 3346 pag·

225 3346 313 3390 370.
339 3349 372 3379 δι
397 3357 469 3391 seq.

806 147 1210 191 DISSERTATIO
1237 149 1314 190 111.
1347 146 1516 189 SEGT.
1542 144 1619 187 ΙΙΙ.
1651 147 1780 190 CAP.
1815 148 1892 191 VI.

1389 228 1629 262 nit'ersimtis
1657 223 1904 263 admirabilis
1932 225 2197 278 pulchrum-(hm
2227 227 2276 264 ita
2297 238 2435 278 nem-pe
2452 231 2492 265 1·ae

1389 277 1485 316 niliil
1517 276 1666 326 majus,
1696 275 1908 329 meliusque
1937 279 2019 316 fieri
2050 295 2071 316 a
2100 280 2182 317 Deo
2211 282 2397 331 potuerit.

1445 344 1486 369 21
1504 343 1534 367 1.
1564 331 1743 368 Sanctum
1765 331 1868 367 enim
1886 330 2138 382 Augustinum
2156 332 2318 384 explicat
2333 332 2373 370 S.
2390 331 2494 369 Tho-

1390 398 1470 422 mas
1514 384 1542 420 Ι.
1573 382 1612 420 Ρ.
1656 395 1722 433 qu.
1755 383 1818 419 25.
1861 392 1929 421 art.
1959 384 1998 422 6.
2040 385 2086 421 ad
2118 385 2154 423 3.
2203 414 2228 433 „
2257 385 2492 424 Universum

1391 467 1417 486 „
1448 437 1682 487 (suppositis
1714 435 1791 472 istis
1821 435 1968 484 rebus)
1998 450 2073 474 non
2104 446 2217 487 potest
2247 453 2323 476 esse
2353 437 2492 475 melius

1391 520 1417 538 „
1449 499 1598 540 propter
1627 488 1933 525 decentissimum
1961 489 2131 525 ordinem
2162 489 2219 526 his
2250 490 2361 528 rebus
2389 491 2494 528 attri-

1391 572 1418 592 „
1448 543 1582 580 butum
1612 556 1634 579 a
1663 541 1771 588 Deo,
1819 542 1858 578 in
1888 553 1964 592 quo
1993 541 2139 578 bonum
2185 543 2348 579 universi
2377 543 2498 581 consi-

1393 625 1419 644 „
1449 596 1534 633 stit.
1582 594 1756 641 Quorum
1785 595 1815 632 si
1859 605 1980 630 unum
2010 593 2165 643 aliquod
2207 603 2297 630 esset
2334 593 2498 644 melius,

1394 678 1420 698 „
1449 657 1756 699 corrumperetur
1785 647 1975 698 proportio
2009 646 2179 691 ordinis3
2226 647 2323 684 sicut
2351 647 2380 683 si
2423 659 2501 684 una.

1450 700 1591 739 chorda
1622 701 1704 752 plus
1746 700 1871 737 debito
1914 699 2199 746 intenderetur,
2238 711 2502 750 corrumpere-

1395 783 1421 803 „
1451 763 1511 791 tur
1539 753 1697 791 citliarae
1728 752 1891 791 melodia
1908 778 1917 790 .
1947 752 2084 789 Posset
2103 760 2242 789 tamen
2264 750 2373 788 Deus
2395 751 2503 789 alias

1394 836 1420 856 „
1450 820 1512 844 res
1528 805 1699 857 facere,
1731 807 1787 844 vel
1815 806 1919 843 allas
1949 805 2196 843 a<l<teretstzs
2213 803 2326 842 rebus
2342 804 2501 857 factis:

1395 889 1421 907 υ
1450 860 1499 899 (9⁴
1529 863 1583 896 sic
1612 869 1713 898 esset
1742 859 1835 896 illud
1854 855 2088 896 [subversum
2119 859 2258 896 melius
2279 861 2334 896 “.
2363 857 2410 895 Et
2430 864 2504 896 art·

1394 912 1561 963 praeced.
1591 914 1644 950 sic
1673 922 1786 950 totam
1820 912 1916 950 lianc
1947 911 2210 949 difficultatem
2232 911 2310 961 jam
2335 910 2502 962 explica-

1395 973 1522 1001 verat:
1565 994 1590 1011 „
1620 965 1722 1003 Ordo
1750 980 1771 1002 a
1801 966 1933 1003 divina
1962 966 2150 1016 sapientia
2193 965 2306 1002 rebus
2336 965 2504 1012 inditus,

1395 1046 1420 1064 ,‚
1451 1018 1489 1053 in
1519 1029 1593 1068 quo
1623 1019 1715 1055 ratio
1744 1017 1900 1068 justitiae
1929 1019 2093 1056 consistit
2137 1020 2152 1068 (
2186 1026 2223 1056 ut
2251 1031 2365 1070 supra
2402 1017 2508 1055 dixe-

1396 1098 1422 1117 „
1452 1078 1507 1105 rat
1536 1083 1602 1120 qu.
1631 1082 1698 1108 ⁷21.
1728 1080 1798 1109 art.
1831 1085 1868 1109 2.
1899 1071 1942 1119 ),
1985 1085 2065 1108 non
2095 1072 2285 1121 adaequat
2328 1069 2506 1108 divinam

1395 1136 1421 1170 ,3
1451 1125 1693 1170 sapientiam
1721 1127 1777 1160 sic
1799 1153 1809 1171 ,
1856 1133 1897 1160 ut
1927 1124 2059 1161 divina,
2088 1128 2288 1175 sapientia
2318 1124 2506 1161 limitetur

1396 1205 1423 1224 „
1453 1174 1508 1211 acl
1535 1174 1637 1211 hunc
1653 1174 1834 1213 ordinem
1851 1201 1861 1213 .
1892 1176 2142 1216 Manifestum
2160 1186 2373 1225 estantem,
2403 1176 2508 1229 quod

1399 1258 1424 1276 „
1454 1236 1527 1264 tota
1559 1228 1650 1265 ratio
1678 1228 1849 1275 ordinis,
1879 1241 1994 1279 quam
2025 1231 2171 1280 sapiens
2195 1230 2305 1268 rebus
2334 1245 2355 1268 a
2385 1244 2420 1267 se
2451 1230 2508 1267 fa-

1399 1311 1425 1329 „
1455 1282 1523 1318 ctis
1553 1282 1741 1332 imponit,
1771 1295 1793 1318 a
1820 1281 1900 1318 fine
1928 1283 2090 1318 sumitur
2108 1308 2118 1319 .
2147 1283 2441 1334 Quandoigitur
2461 1282 2509 1319 fi-

1399 1364 1423 1383 „
1454 1335 1512 1371 nis
1541 1343 1592 1371 est
1623 1335 1923 1386 proportionatus
1967 1334 2080 1371 rebus
2109 1344 2261 1385 propter
2303 1335 2420 1373 finem
2451 1336 2508 1372 sa-

1398 1418 1425 1436 „
1457 1389 1546 1435 ctis,
1594 1389 1777 1439 sapientia
1806 1387 1978 1426 facientis
2021 1387 2208 1424 limitatur
2250 1387 2298 1424 ad
2338 1386 2510 1439 aliquem

1399 1471 1425 1490 „
1455 1441 1750 1478 determinatum
1781 1441 1973 1478 ord-inem:
2017 1441 2080 1478 sed
2109 1441 2242 1478 divina
2284 1439 2429 1478 bouitas
2458 1448 2512 1479 est

1398 1524 1425 1542 „
1456 1493 1543 1530 finis
1574 1493 2007 1543 improportionabiliter
2037 1494 2220 1530 excedens
2257 1506 2313 1529 res
2341 1501 2508 1530 creatas:

1398 1575 1426 1594 „
1456 1546 1555 1583 unde
1583 1546 1714 1583 divina
1743 1546 1927 1596 sapientia
1955 1559 2030 1584 non
2060 1546 2332 1584 determinatur
2362 1546 2407 1582 ad
2438 1545 2509 1583 ali-

1397 1627 1424 1647 „
1454 1612 1569 1650 quem
1599 1598 1770 1635 ordinem
1802 1612 1930 1637 rerum
1948 1628 1957 1646 ,
2008 1608 2047 1635 nt
2075 1612 2149 1636 non
2182 1599 2295 1649 possit
2322 1597 2421 1636 alius
2450 1612 2511 1635 re-

1391 1681 1421 1699 „
1453 1664 1537 1688 rum
1568 1664 1697 1689 cursus
1727 1650 1914 1690 effluere.
1964 1651 2072 1689 Unde
2101 1651 2306 1688 dicendum
2338 1660 2387 1688 est
2417 1652 2508 1689 sim-

1397 1734 1423 1752 „
1454 1703 1633 1756 pliciter,
1681 1705 1783 1756 quod
1813 1705 1916 1742 Deus
1947 1712 2061 1756 potest
2090 1702 2166 1740 alia
2198 1703 2342 1751 facere,
2390 1717 2508 1754 quam

1395 1786 1421 1805 „
1452 1770 1540 1808 quae
1573 1757 1662 1795 fecit
1693 1760 1748 1794 “-

1451 1823 1541 1848 212.
1572 1809 1620 1847 Et
1651 1810 1794 1848 ibidem
1827 1812 1866 1848 in
1897 1825 1994 1864 resp.
2017 1811 2061 1849 ad
2085 1824 2117 1849 1.
2148 1841 2174 1859 „
2203 1810 2329 1859 Quia,
2359 1811 2509 1862 inquit,

1397 1893 1422 1911 „
1452 1864 1617 1913 potentia
1647 1864 1793 1914 (Dei)
1826 1864 2073 1916 intelligitur,
2118 1873 2158 1902 ut
2188 1867 2402 1916 exequens,
2444 1876 2510 1902 vo-

1398 1945 1423 1965 „
1453 1917 1575 1954 luntas
1604 1926 1760 1966 autem,
1805 1926 1844 1954 ut
1875 1919 2092 1970 imperans3
2138 1917 2174 1954 ἃ
2204 1916 2444 1964 intellectus,
2474 1916 2510 1953 &

1398 1999 1424 2017 „
1452 1971 1664 2023 sapientia,
1696 1979 1735 2008 ut
1764 1971 1950 2020 dirigens:
1998 1971 2098 2022 quod
2128 1971 2349 2008 attribuitur
2379 1979 2510 2021 poten-

1397 2052 1423 2071 „
1453 2024 1515 2061 tiae
1546 2024 1755 2061 secundum
1784 2038 1822 2061 se
1842 2024 2084 2061 consideratae
2103 2053 2114 2070 ,
2144 2025 2282 2061 dicitur
2304 2024 2407 2061 Deus
2428 2036 2511 2074 pos-

1398 2105 1424 2123 „
1453 2091 1490 2114 se
1520 2076 1738 2113 secundum
1765 2081 1984 2126 potentiam
2014 2074 2270 2124 absolutam,
2313 2075 2346 2111 8(
2376 2075 2510 2125 hujus-

1397 2158 1425 2177 „
1455 2130 1558 2167 modi
1590 2138 1641 2168 est
1669 2143 1782 2167 omne
1812 2129 1931 2178 illud,
1959 2131 1999 2167 iu
2028 2142 2105 2181 quo
2135 2139 2250 2180 potest
2279 2128 2417 2167 salvari
2450 2141 2510 2165 ra-

1396 2210 1424 2230 „
1454 2184 1506 2220 tio
1536 2184 1657 2222 entis.
1696 2182 1807 2229 Quod
1838 2191 1964 2220 autem
1996 2182 2215 2220 attribuitur
2245 2181 2420 2234 potentiae
2451 2181 2509 2219 di-

1398 2264 1429 2284 „
1458 2237 1583 2284 vi-nae,
1613 2237 1818 2273 secuudum
1848 2236 1948 2287 quod
1978 2237 2179 2287 exequitur
2208 2236 2416 2286 imperium
2446 2247 2512 2271 vo-

1403 2317 1428 2337 „
1453 2288 1611 2327 luntatis
1639 2288 1778 2341 justae,
1827 2288 1896 2326 hoc
1926 2289 2066 2327 dicitur
2096 2288 2199 2327 Deus
2240 2301 2347 2339 posse
2388 2287 2512 2324 facere

1401 2370 1427 2390 ‚,
1456 2341 1505 2380 de
1532 2346 1709 2393 potentia,
1738 2341 1945 2379 ordinaria
1974 2346 2023 2380 “.
2056 2343 2109 2379 Ac
2129 2342 2285 2380 demum
2306 2341 2352 2378 ad
2375 2341 2412 2378 5.
2444 2340 2510 2377 Li-
2543 2350 2551 2358 ²

1402 2422 1428 2443 „
1459 2404 1542 2443 cet,
1572 2397 1721 2447 iuquit,
1760 2396 1826 2432 iste
1855 2408 1985 2433 cursus
2015 2407 2142 2433 rerum
2172 2396 2216 2432 sit
2245 2395 2513 2431 determinatus

1403 2476 1429 2496 „
1459 2449 1539 2486 istis
1568 2448 1706 2497 rebus,
1735 2461 1823 2500 qnae
1853 2462 1952 2487 nunc
1966 2458 2077 2497 sunt,
2107 2456 2324 2485 nontamen
2345 2445 2513 2484 adhunc

1401 2529 1429 2549 „
1458 2514 1613 2538 cursum
1642 2501 1830 2539 limitatur
1858 2501 1989 2543 divina
2018 2502 2225 2554 sapientia,
2268 2501 2302 2537 8t
2332 2507 2512 2552 potestas.

1402 2582 1428 2601 „
1459 2554 1569 2592 Unde
1599 2553 1686 2592 licet
1715 2555 1792 2592 istis
1822 2554 1935 2592 rebus
1963 2569 2051 2607 quae
2091 2568 2190 2593 nunc
2221 2553 2339 2600 fiunt,
2384 2552 2513 2590 nullus

1401 2634 1427 2654 „
1457 2607 1555 2644 alius
1585 2621 1714 2645 cursus
1743 2616 1835 2645 esset
1862 2607 2010 2654 bonus,
2040 2607 2074 2643 8t
2103 2609 2353 2650 conveniens3
2385 2613 2512 2641 tamen

1402 2672 1429 2705 ς,
1459 2659 1563 2697 Deus
1592 2668 1711 2710 posset
1739 2659 1833 2697 alias
1862 2672 1921 2696 res
1951 2660 2102 2706 facere,
2139 2658 2173 2693 &
2201 2657 2326 2696 alium
2350 2657 2407 2693 eis
2437 2656 2510 2693 im-

1403 2738 1430 2757 „
1459 2724 1597 2762 ponere
1624 2711 1795 2748 ordinem
1827 2711 1891 2761 (a)
1923 2714 1972 2748 “.

1764 2787 2009 2828 CAPUT
2065 2789 2151 2827 VII.

1487 2868 1658 2907 Peccato
1685 2870 1869 2921 originali
1897 2872 2137 2907 exstinctum
2166 2881 2323 2921 prorsus
2349 2880 2430 2906 non

1605 2921 1691 2974 fuit
1719 2922 1882 2961 liberum
1910 2932 2057 2960 nostroe
2086 2923 2297 2960 voluntatis

1797 2974 2001 3013 arbitrium
2032 2974 2088 3028 (b)
2107 3002 2118 3014 .

1394 731 1421 751 99

1460 3079 1549 3118 215.
1569 3057 1695 3123 Cum
1723 3080 1919 3132 loquimur
1947 3083 1994 3119 de
2025 3082 2144 3120 libero
2174 3091 2310 3121 nostrae
2341 3083 2510 3122 volunta-

1403 3135 1451 3172 tis
1479 3133 1665 3182 arbitrie,
1695 3135 2100 3174 noneamlibertaiem
2123 3135 2392 3189 intelligimus,
2421 3148 2510 3187 quae

2383 3202 2455 3227 lm·

1450 3255 1498 3292 (b)
1528 3251 1605 3286 Non
1625 3248 1912 3298 disputamusliic
1933 3265 2052 3291 eontra
2071 3268 2203 3293 veteres
2218 3281 2229 3300 ,
2253 3267 2426 3299 novosque
2446 3255 2511 3288 Fa-

1407 3299 1542 3332 talistas
1559 3321 1570 3338 ,
1610 3301 1669 3343 qui
1695 3302 1811 3333 omnia
1838 3302 1873 3334 in
1899 3302 1962 3336 lioe
1987 3304 2117 3338 mundo
2142 3303 2334 3338 inevitabili
2363 3302 2512 3334 necessi·-

1406 3352 1477 3381 tate
1495 3345 1638 3381 evenire
1664 3347 1909 3390 arbitrantur-5
1932 3349 1995 3386 hos
2019 3352 2113 3386 enim
2137 3350 2290 3397 suo-loco
2313 3347 2512 3388 confutabi‘.
