<?xml version="1.0" encoding="UTF-8"?>
<!DOCTYPE html PUBLIC "-//W3C//DTD XHTML 1.0 Transitional//EN"
    "http://www.w3.org/TR/xhtml1/DTD/xhtml1-transitional.dtd">
<html xmlns="http://www.w3.org/1999/xhtml" xml:lang="en" lang="en">
 <head>
  <title>
</title>
<meta http-equiv="Content-Type" content="text/html;charset=utf-8" />
  <meta name='ocr-system' content='tesseract 3.04.00' />
  <meta name='ocr-capabilities' content='ocr_page ocr_carea ocr_par ocr_line ocrx_word'/>
</head>
<body>
  <div class='ocr_page' id='page_1' title='image "./fratrispetrimari04gazzuoft/fratrispetrimari04gazzuoft_0193.png"; bbox 0 0 2583 3685; ppageno 0'>
   <div class='ocr_carea' id='block_1_1' title="bbox 898 95 1552 141">
    <p class='ocr_par' dir='ltr' id='par_1_1' title="bbox 898 95 1552 141">
     <span class='ocr_line' id='line_1_1' title="bbox 898 95 1552 141; baseline 0.002 -2"><span class='ocrx_word' id='word_1_1' title='bbox 898 95 979 139; x_wconf 89' lang='lat' dir='ltr'>DE</span> <span class='ocrx_word' id='word_1_2' title='bbox 1013 96 1159 141; x_wconf 77' lang='lat' dir='ltr'>NAT.</span> <span class='ocrx_word' id='word_1_3' title='bbox 1193 97 1358 141; x_wconf 84' lang='lat' dir='ltr'>PECG.</span> <span class='ocrx_word' id='word_1_4' title='bbox 1391 96 1552 141; x_wconf 85' lang='lat' dir='ltr'>ORIG.</span> 
     </span>
    </p>
   </div>
   <div class='ocr_carea' id='block_1_2' title="bbox 69 175 1211 2364">
    <p class='ocr_par' dir='ltr' id='par_1_2' title="bbox 102 175 1211 290">
     <span class='ocr_line' id='line_1_2' title="bbox 102 175 1211 233; baseline -0.005 -11"><span class='ocrx_word' id='word_1_5' title='bbox 102 182 261 233; x_wconf 78' lang='lat' dir='ltr'>„tione</span> <span class='ocrx_word' id='word_1_6' title='bbox 287 184 506 233; x_wconf 82' lang='lat' dir='ltr'>procreatus</span> <span class='ocrx_word' id='word_1_7' title='bbox 535 184 613 223; x_wconf 82' lang='lat' dir='ltr'>est3</span> <span class='ocrx_word' id='word_1_8' title='bbox 642 175 673 214; x_wconf 86' lang='lat' dir='ltr'>si</span> <span class='ocrx_word' id='word_1_9' title='bbox 703 184 830 229; x_wconf 82' lang='lat' dir='ltr'>potes,</span> <span class='ocrx_word' id='word_1_10' title='bbox 861 176 1049 228; x_wconf 79' lang='lat' dir='ltr'>intellige3</span> <span class='ocrx_word' id='word_1_11' title='bbox 1078 178 1109 216; x_wconf 83' lang='lat' dir='ltr'>si</span> <span class='ocrx_word' id='word_1_12' title='bbox 1138 190 1211 216; x_wconf 89' lang='lat' dir='ltr'>non</span> 
     </span>
     <span class='ocr_line' id='line_1_3' title="bbox 103 230 540 290; baseline -0.014 -17"><span class='ocrx_word' id='word_1_13' title='bbox 103 265 129 286; x_wconf 84' lang='lat'>„</span> <span class='ocrx_word' id='word_1_14' title='bbox 159 243 284 290; x_wconf 84' lang='lat' dir='ltr'>potes,</span> <span class='ocrx_word' id='word_1_15' title='bbox 312 230 424 269; x_wconf 88' lang='lat' dir='ltr'>crede</span> <span class='ocrx_word' id='word_1_16' title='bbox 453 230 540 283; x_wconf 86' lang='lat' dir='ltr'>(a).</span> 
     </span>
    </p>

    <p class='ocr_par' dir='ltr' id='par_1_3' title="bbox 89 282 1207 645">
     <span class='ocr_line' id='line_1_4' title="bbox 160 282 1207 334; baseline -0.005 -8"><span class='ocrx_word' id='word_1_17' title='bbox 160 287 244 326; x_wconf 77' lang='lat' dir='ltr'>rr5.</span> <span class='ocrx_word' id='word_1_18' title='bbox 272 282 480 322; x_wconf 88' lang='lat' dir='ltr'>Scholion.</span> <span class='ocrx_word' id='word_1_19' title='bbox 508 284 607 322; x_wconf 86' lang='lat' dir='ltr'>Cum</span> <span class='ocrx_word' id='word_1_20' title='bbox 624 282 803 322; x_wconf 86' lang='lat' dir='ltr'>hactenus</span> <span class='ocrx_word' id='word_1_21' title='bbox 817 292 1006 322; x_wconf 84' lang='lat' dir='ltr'>ostensum</span> <span class='ocrx_word' id='word_1_22' title='bbox 1023 284 1089 331; x_wconf 86' lang='lat' dir='ltr'>sit,</span> <span class='ocrx_word' id='word_1_23' title='bbox 1119 297 1207 334; x_wconf 89' lang='lat' dir='ltr'>pec-</span> 
     </span>
     <span class='ocr_line' id='line_1_5' title="bbox 99 336 1206 390; baseline -0.005 -12"><span class='ocrx_word' id='word_1_24' title='bbox 99 340 223 381; x_wconf 64' lang='lat' dir='ltr'>eatum</span> <span class='ocrx_word' id='word_1_25' title='bbox 249 336 436 389; x_wconf 82' lang='lat' dir='ltr'>originale</span> <span class='ocrx_word' id='word_1_26' title='bbox 472 339 673 390; x_wconf 81' lang='lat' dir='ltr'>propagari</span> <span class='ocrx_word' id='word_1_27' title='bbox 716 351 784 390; x_wconf 74' lang='lat' dir='ltr'>per</span> <span class='ocrx_word' id='word_1_28' title='bbox 825 336 1050 378; x_wconf 65' lang='lat' dir='ltr'>seminalem</span> <span class='ocrx_word' id='word_1_29' title='bbox 1093 338 1206 374; x_wconf 79' lang='lat' dir='ltr'>ratio-</span> 
     </span>
     <span class='ocr_line' id='line_1_6' title="bbox 98 390 1206 453; baseline -0.004 -23"><span class='ocrx_word' id='word_1_30' title='bbox 98 399 213 440; x_wconf 67' lang='lat' dir='ltr'>nem,</span> <span class='ocrx_word' id='word_1_31' title='bbox 257 404 334 453; x_wconf 72' lang='lat' dir='ltr'>qua</span> <span class='ocrx_word' id='word_1_32' title='bbox 362 399 497 429; x_wconf 87' lang='lat' dir='ltr'>natura</span> <span class='ocrx_word' id='word_1_33' title='bbox 528 393 608 443; x_wconf 81' lang='lat' dir='ltr'>ipsa</span> <span class='ocrx_word' id='word_1_34' title='bbox 640 390 807 429; x_wconf 82' lang='lat' dir='ltr'>humana</span> <span class='ocrx_word' id='word_1_35' title='bbox 838 400 1092 443; x_wconf 77' lang='lat' dir='ltr'>propagatur,</span> <span class='ocrx_word' id='word_1_36' title='bbox 1140 390 1206 427; x_wconf 79' lang='lat' dir='ltr'>tul-</span> 
     </span>
     <span class='ocr_line' id='line_1_7' title="bbox 93 443 1204 496; baseline -0.003 -13"><span class='ocrx_word' id='word_1_37' title='bbox 93 444 169 483; x_wconf 79' lang='lat' dir='ltr'>huc</span> <span class='ocrx_word' id='word_1_38' title='bbox 197 444 382 483; x_wconf 78' lang='lat' dir='ltr'>curiosius</span> <span class='ocrx_word' id='word_1_39' title='bbox 411 443 532 496; x_wconf 78' lang='lat' dir='ltr'>aliqui</span> <span class='ocrx_word' id='word_1_40' title='bbox 562 446 788 496; x_wconf 78' lang='lat' dir='ltr'>inquirunt,</span> <span class='ocrx_word' id='word_1_41' title='bbox 830 444 1020 496; x_wconf 79' lang='lat' dir='ltr'>quomodo</span> <span class='ocrx_word' id='word_1_42' title='bbox 1049 445 1204 491; x_wconf 88' lang='lat' dir='ltr'>anima,</span> 
     </span>
     <span class='ocr_line' id='line_1_8' title="bbox 91 495 1203 551; baseline -0.004 -15"><span class='ocrx_word' id='word_1_43' title='bbox 91 511 182 551; x_wconf 80' lang='lat' dir='ltr'>qttae</span> <span class='ocrx_word' id='word_1_44' title='bbox 212 497 421 551; x_wconf 75' lang='lat' dir='ltr'>spiritualis</span> <span class='ocrx_word' id='word_1_45' title='bbox 451 507 530 545; x_wconf 86' lang='lat' dir='ltr'>est,</span> <span class='ocrx_word' id='word_1_46' title='bbox 579 497 613 533; x_wconf 83' lang='lat'>&amp;</span> <span class='ocrx_word' id='word_1_47' title='bbox 641 512 662 535; x_wconf 90' lang='lat' dir='ltr'>a</span> <span class='ocrx_word' id='word_1_48' title='bbox 694 497 775 534; x_wconf 89' lang='lat' dir='ltr'>Deo</span> <span class='ocrx_word' id='word_1_49' title='bbox 803 499 881 535; x_wconf 82' lang='lat' dir='ltr'>sine</span> <span class='ocrx_word' id='word_1_50' title='bbox 925 495 1073 534; x_wconf 80' lang='lat' dir='ltr'>macula</span> <span class='ocrx_word' id='word_1_51' title='bbox 1117 509 1203 547; x_wconf 86' lang='lat' dir='ltr'>pec-</span> 
     </span>
     <span class='ocr_line' id='line_1_9' title="bbox 92 547 1202 600; baseline -0.003 -11"><span class='ocrx_word' id='word_1_52' title='bbox 92 553 168 591; x_wconf 88' lang='lat' dir='ltr'>cati</span> <span class='ocrx_word' id='word_1_53' title='bbox 197 559 374 600; x_wconf 82' lang='lat' dir='ltr'>creatur,</span> <span class='ocrx_word' id='word_1_54' title='bbox 404 551 578 589; x_wconf 86' lang='lat' dir='ltr'>eamdem</span> <span class='ocrx_word' id='word_1_55' title='bbox 609 550 799 590; x_wconf 75' lang='lat' dir='ltr'>maculam</span> <span class='ocrx_word' id='word_1_56' title='bbox 828 547 1022 588; x_wconf 83' lang='lat' dir='ltr'>contrahat</span> <span class='ocrx_word' id='word_1_57' title='bbox 1052 562 1118 600; x_wconf 83' lang='lat' dir='ltr'>per</span> <span class='ocrx_word' id='word_1_58' title='bbox 1145 563 1202 586; x_wconf 86' lang='lat' dir='ltr'>se-</span> 
     </span>
     <span class='ocr_line' id='line_1_10' title="bbox 89 618 212 645; baseline 0 -1"><span class='ocrx_word' id='word_1_59' title='bbox 89 618 179 645; x_wconf 87' lang='lat' dir='ltr'>men</span> <span class='ocrx_word' id='word_1_60' title='bbox 201 631 212 644; x_wconf 91' lang='lat'>.</span> 
     </span>
    </p>

    <p class='ocr_par' dir='ltr' id='par_1_4' title="bbox 77 657 1202 1611">
     <span class='ocr_line' id='line_1_11' title="bbox 151 657 1202 712; baseline -0.004 -14"><span class='ocrx_word' id='word_1_61' title='bbox 151 659 240 706; x_wconf 71' lang='grc'><strong>114.</strong></span> <span class='ocrx_word' id='word_1_62' title='bbox 263 659 597 698; x_wconf 69' lang='grc' dir='ltr'>Ὀηιιτίαηιειητοιη</span> <span class='ocrx_word' id='word_1_63' title='bbox 629 657 865 712; x_wconf 70' lang='lat' dir='ltr'>probabilior</span> <span class='ocrx_word' id='word_1_64' title='bbox 893 667 1024 694; x_wconf 88' lang='lat' dir='ltr'>eorum</span> <span class='ocrx_word' id='word_1_65' title='bbox 1054 664 1202 694; x_wconf 84' lang='lat' dir='ltr'>senten—</span> 
     </span>
     <span class='ocr_line' id='line_1_12' title="bbox 90 710 1202 767; baseline -0.004 -16"><span class='ocrx_word' id='word_1_66' title='bbox 90 713 144 751; x_wconf 79' lang='lat' dir='ltr'>tia</span> <span class='ocrx_word' id='word_1_67' title='bbox 173 713 350 762; x_wconf 86' lang='lat' dir='ltr'>videtur,</span> <span class='ocrx_word' id='word_1_68' title='bbox 392 714 459 767; x_wconf 89' lang='lat' dir='ltr'>qui</span> <span class='ocrx_word' id='word_1_69' title='bbox 487 714 646 760; x_wconf 88' lang='lat' dir='ltr'>dicunt,</span> <span class='ocrx_word' id='word_1_70' title='bbox 692 712 859 749; x_wconf 83' lang='lat' dir='ltr'>animam</span> <span class='ocrx_word' id='word_1_71' title='bbox 889 710 1014 748; x_wconf 87' lang='lat' dir='ltr'>vitiari</span> <span class='ocrx_word' id='word_1_72' title='bbox 1046 723 1090 746; x_wconf 92' lang='lat' dir='ltr'>eo</span> <span class='ocrx_word' id='word_1_73' title='bbox 1120 711 1202 761; x_wconf 83' lang='lat' dir='ltr'>ipso</span> 
     </span>
     <span class='ocr_line' id='line_1_13' title="bbox 89 764 1200 819; baseline -0.004 -14"><span class='ocrx_word' id='word_1_74' title='bbox 89 775 310 816; x_wconf 84' lang='lat' dir='ltr'>momento,</span> <span class='ocrx_word' id='word_1_75' title='bbox 338 780 418 819; x_wconf 89' lang='lat' dir='ltr'>qno</span> <span class='ocrx_word' id='word_1_76' title='bbox 443 766 591 819; x_wconf 84' lang='lat' dir='ltr'><strong>corpori</strong></span> <span class='ocrx_word' id='word_1_77' title='bbox 621 764 700 815; x_wconf 86' lang='lat' dir='ltr'>jam</span> <span class='ocrx_word' id='word_1_78' title='bbox 731 764 893 801; x_wconf 75' lang='lat' dir='ltr'>formato</span> <span class='ocrx_word' id='word_1_79' title='bbox 920 776 966 800; x_wconf 82' lang='lat' dir='ltr'>ex</span> <span class='ocrx_word' id='word_1_80' title='bbox 986 764 1132 801; x_wconf 88' lang='lat' dir='ltr'>semine</span> <span class='ocrx_word' id='word_1_81' title='bbox 1150 765 1200 801; x_wconf 84' lang='lat' dir='ltr'>A·</span> 
     </span>
     <span class='ocr_line' id='line_1_14' title="bbox 88 817 1199 872; baseline -0.002 -15"><span class='ocrx_word' id='word_1_82' title='bbox 88 819 270 859; x_wconf 81' lang='lat' dir='ltr'>damitico</span> <span class='ocrx_word' id='word_1_83' title='bbox 296 828 473 872; x_wconf 87' lang='lat' dir='ltr'>corrupto</span> <span class='ocrx_word' id='word_1_84' title='bbox 508 817 778 868; x_wconf 81' lang='lat' dir='ltr'>conjungit-ur,</span> <span class='ocrx_word' id='word_1_85' title='bbox 825 817 1016 868; x_wconf 85' lang='lat' dir='ltr'>quomodo</span> <span class='ocrx_word' id='word_1_86' title='bbox 1044 817 1074 854; x_wconf 88' lang='lat' dir='ltr'>si</span> <span class='ocrx_word' id='word_1_87' title='bbox 1117 818 1199 869; x_wconf 84' lang='lat' dir='ltr'>ipsa</span> 
     </span>
     <span class='ocr_line' id='line_1_15' title="bbox 87 869 1198 924; baseline -0.005 -12"><span class='ocrx_word' id='word_1_88' title='bbox 87 874 244 913; x_wconf 77' lang='lat' dir='ltr'>intraret</span> <span class='ocrx_word' id='word_1_89' title='bbox 266 874 313 911; x_wconf 53' lang='lat' dir='ltr'>‘in</span> <span class='ocrx_word' id='word_1_90' title='bbox 340 884 478 924; x_wconf 78' lang='lat' dir='ltr'>corpus</span> <span class='ocrx_word' id='word_1_91' title='bbox 506 869 775 917; x_wconf 84' lang='lat' dir='ltr'>vulneratum,</span> <span class='ocrx_word' id='word_1_92' title='bbox 818 879 882 907; x_wconf 86' lang='lat' dir='ltr'>aut</span> <span class='ocrx_word' id='word_1_93' title='bbox 912 871 1000 922; x_wconf 82' lang='lat' dir='ltr'>igne</span> <span class='ocrx_word' id='word_1_94' title='bbox 1029 870 1110 920; x_wconf 83' lang='lat' dir='ltr'>jam</span> <span class='ocrx_word' id='word_1_95' title='bbox 1137 884 1198 907; x_wconf 80' lang='lat' dir='ltr'>ar-</span> 
     </span>
     <span class='ocr_line' id='line_1_16' title="bbox 87 924 1197 975; baseline -0.004 -11"><span class='ocrx_word' id='word_1_96' title='bbox 87 925 177 965; x_wconf 79' lang='lat' dir='ltr'>dens</span> <span class='ocrx_word' id='word_1_97' title='bbox 193 957 204 975; x_wconf 92' lang='lat'>,</span> <span class='ocrx_word' id='word_1_98' title='bbox 233 938 321 964; x_wconf 86' lang='lat' dir='ltr'>mox</span> <span class='ocrx_word' id='word_1_99' title='bbox 349 924 490 964; x_wconf 83' lang='lat' dir='ltr'>doloris</span> <span class='ocrx_word' id='word_1_100' title='bbox 508 936 658 962; x_wconf 85' lang='lat' dir='ltr'>sensum</span> <span class='ocrx_word' id='word_1_101' title='bbox 676 924 908 975; x_wconf 80' lang='lat' dir='ltr'>perciperet,</span> <span class='ocrx_word' id='word_1_102' title='bbox 940 933 1092 975; x_wconf 78' lang='lat' dir='ltr'>propter</span> <span class='ocrx_word' id='word_1_103' title='bbox 1113 938 1197 961; x_wconf 87' lang='lat' dir='ltr'>mu-</span> 
     </span>
     <span class='ocr_line' id='line_1_17' title="bbox 84 976 1198 1029; baseline -0.003 -11"><span class='ocrx_word' id='word_1_104' title='bbox 84 987 193 1019; x_wconf 76' lang='lat' dir='ltr'>tuum</span> <span class='ocrx_word' id='word_1_105' title='bbox 221 979 363 1018; x_wconf 81' lang='lat' dir='ltr'>scil-icet</span> <span class='ocrx_word' id='word_1_106' title='bbox 390 978 533 1019; x_wconf 83' lang='lat' dir='ltr'>animae</span> <span class='ocrx_word' id='word_1_107' title='bbox 564 977 682 1028; x_wconf 86' lang='lat' dir='ltr'>ipsius</span> <span class='ocrx_word' id='word_1_108' title='bbox 718 990 814 1014; x_wconf 80' lang='lat' dir='ltr'>cum</span> <span class='ocrx_word' id='word_1_109' title='bbox 850 989 1036 1029; x_wconf 88' lang='lat' dir='ltr'>corpore,</span> <span class='ocrx_word' id='word_1_110' title='bbox 1084 976 1198 1028; x_wconf 85' lang='lat' dir='ltr'>cujus</span> 
     </span>
     <span class='ocr_line' id='line_1_18' title="bbox 87 1029 1197 1077; baseline -0.002 -7"><span class='ocrx_word' id='word_1_111' title='bbox 87 1042 140 1072; x_wconf 81' lang='lat' dir='ltr'>est</span> <span class='ocrx_word' id='word_1_112' title='bbox 163 1034 288 1071; x_wconf 72' lang='lat' dir='ltr'>forma</span> <span class='ocrx_word' id='word_1_113' title='bbox 318 1029 594 1077; x_wconf 81' lang='lat' dir='ltr'>substantialis,</span> <span class='ocrx_word' id='word_1_114' title='bbox 623 1031 900 1068; x_wconf 84' lang='lat' dir='ltr'>commercium</span> <span class='ocrx_word' id='word_1_115' title='bbox 917 1056 928 1066; x_wconf 92' lang='lat'>.</span> <span class='ocrx_word' id='word_1_116' title='bbox 959 1030 1012 1069; x_wconf 86' lang='lat' dir='ltr'>lta</span> <span class='ocrx_word' id='word_1_117' title='bbox 1034 1031 1128 1067; x_wconf 78' lang='lat' dir='ltr'>inter</span> <span class='ocrx_word' id='word_1_118' title='bbox 1156 1044 1197 1068; x_wconf 88' lang='lat' dir='ltr'>a-</span> 
     </span>
     <span class='ocr_line' id='line_1_19' title="bbox 84 1082 1195 1135; baseline -0.003 -10"><span class='ocrx_word' id='word_1_119' title='bbox 84 1085 156 1125; x_wconf 74' lang='lat' dir='ltr'>lios</span> <span class='ocrx_word' id='word_1_120' title='bbox 184 1085 424 1124; x_wconf 76' lang='lat' dir='ltr'>Innocentius</span> <span class='ocrx_word' id='word_1_121' title='bbox 449 1084 520 1123; x_wconf 78' lang='lat' dir='ltr'>lli.</span> <span class='ocrx_word' id='word_1_122' title='bbox 559 1084 598 1121; x_wconf 91' lang='lat' dir='ltr'>in</span> <span class='ocrx_word' id='word_1_123' title='bbox 624 1082 799 1134; x_wconf 82' lang='lat' dir='ltr'>Exposit.</span> <span class='ocrx_word' id='word_1_124' title='bbox 830 1083 888 1122; x_wconf 89' lang='lat' dir='ltr'>Ps.</span> <span class='ocrx_word' id='word_1_125' title='bbox 922 1082 964 1120; x_wconf 84' lang='lat' dir='ltr'>L.</span> <span class='ocrx_word' id='word_1_126' title='bbox 995 1084 1195 1135; x_wconf 82' lang='lat' dir='ltr'>inquiens:</span> 
     </span>
     <span class='ocr_line' id='line_1_20' title="bbox 77 1136 1196 1190; baseline -0.001 -14"><span class='ocrx_word' id='word_1_127' title='bbox 77 1166 111 1190; x_wconf 51' lang='grc' dir='ltr'><strong><em>Ὢ</em></strong></span> <span class='ocrx_word' id='word_1_128' title='bbox 136 1136 198 1176; x_wconf 80' lang='lat' dir='ltr'>Ex</span> <span class='ocrx_word' id='word_1_129' title='bbox 228 1138 440 1178; x_wconf 87' lang='lat' dir='ltr'>seminibus</span> <span class='ocrx_word' id='word_1_130' title='bbox 481 1137 632 1176; x_wconf 86' lang='lat' dir='ltr'>foedatis</span> <span class='ocrx_word' id='word_1_131' title='bbox 674 1136 709 1173; x_wconf 86' lang='lat'>&amp;</span> <span class='ocrx_word' id='word_1_132' title='bbox 751 1137 940 1189; x_wconf 78' lang='lat' dir='ltr'>corruptis</span> <span class='ocrx_word' id='word_1_133' title='bbox 981 1138 1196 1188; x_wconf 85' lang='lat' dir='ltr'>concipitur</span> 
     </span>
     <span class='ocr_line' id='line_1_21' title="bbox 82 1187 1187 1244; baseline -0.002 -14"><span class='ocrx_word' id='word_1_134' title='bbox 82 1217 109 1242; x_wconf 75' lang='lat'>5,</span> <span class='ocrx_word' id='word_1_135' title='bbox 137 1187 276 1244; x_wconf 86' lang='lat' dir='ltr'>corpus</span> <span class='ocrx_word' id='word_1_136' title='bbox 303 1188 527 1244; x_wconf 75' lang='lat' dir='ltr'>corrupt&#39;um&#39;</span> <span class='ocrx_word' id='word_1_137' title='bbox 559 1190 726 1242; x_wconf 87' lang='lat' dir='ltr'>pariter,</span> <span class='ocrx_word' id='word_1_138' title='bbox 756 1188 789 1224; x_wconf 87' lang='lat'>&amp;</span> <span class='ocrx_word' id='word_1_139' title='bbox 812 1190 995 1228; x_wconf 83' lang='lat' dir='ltr'>foedatum</span> <span class='ocrx_word' id='word_1_140' title='bbox 1014 1221 1024 1238; x_wconf 93' lang='lat'>,</span> <span class='ocrx_word' id='word_1_141' title='bbox 1054 1192 1117 1228; x_wconf 85' lang='lat' dir='ltr'>cni</span> <span class='ocrx_word' id='word_1_142' title='bbox 1148 1205 1187 1228; x_wconf 86' lang='lat' dir='ltr'>a·</span> 
     </span>
     <span class='ocr_line' id='line_1_22' title="bbox 81 1243 1191 1296; baseline -0.001 -14"><span class='ocrx_word' id='word_1_143' title='bbox 81 1271 108 1296; x_wconf 70' lang='lat'>5³</span> <span class='ocrx_word' id='word_1_144' title='bbox 138 1246 245 1284; x_wconf 87' lang='lat' dir='ltr'>nima</span> <span class='ocrx_word' id='word_1_145' title='bbox 273 1244 424 1284; x_wconf 86' lang='lat' dir='ltr'>tandem</span> <span class='ocrx_word' id='word_1_146' title='bbox 456 1244 583 1281; x_wconf 87' lang='lat' dir='ltr'>infusa</span> <span class='ocrx_word' id='word_1_147' title='bbox 611 1244 898 1293; x_wconf 80' lang='lat' dir='ltr'>corrumpitur,</span> <span class='ocrx_word' id='word_1_148' title='bbox 936 1243 969 1279; x_wconf 74' lang='grc'>8(</span> <span class='ocrx_word' id='word_1_149' title='bbox 998 1243 1191 1292; x_wconf 70' lang='lat' dir='ltr'>foedatur,</span> 
     </span>
     <span class='ocr_line' id='line_1_23' title="bbox 81 1294 1192 1350; baseline -0.002 -14"><span class='ocrx_word' id='word_1_150' title='bbox 81 1324 110 1349; x_wconf 63' lang='lat'>9,</span> <span class='ocrx_word' id='word_1_151' title='bbox 139 1311 213 1336; x_wconf 88' lang='lat' dir='ltr'>non</span> <span class='ocrx_word' id='word_1_152' title='bbox 232 1298 282 1336; x_wconf 70' lang='lat' dir='ltr'>ab</span> <span class='ocrx_word' id='word_1_153' title='bbox 303 1298 513 1350; x_wconf 72' lang='lat' dir='ltr'>integritate</span> <span class='ocrx_word' id='word_1_154' title='bbox 530 1325 541 1344; x_wconf 92' lang='lat'>,</span> <span class='ocrx_word' id='word_1_155' title='bbox 570 1294 630 1333; x_wconf 85' lang='lat' dir='ltr'>vel</span> <span class='ocrx_word' id='word_1_156' title='bbox 652 1295 840 1335; x_wconf 85' lang='lat' dir='ltr'>munditia</span> <span class='ocrx_word' id='word_1_157' title='bbox 856 1326 866 1343; x_wconf 87' lang='lat'><em>‚</em></span> <span class='ocrx_word' id='word_1_158' title='bbox 896 1310 1014 1349; x_wconf 84' lang='lat' dir='ltr'>quam</span> <span class='ocrx_word' id='word_1_159' title='bbox 1038 1296 1192 1346; x_wconf 80' lang='lat' dir='ltr'>habuit,</span> 
     </span>
     <span class='ocr_line' id='line_1_24' title="bbox 77 1347 1193 1404; baseline -0.001 -15"><span class='ocrx_word' id='word_1_160' title='bbox 77 1377 111 1401; x_wconf 85' lang='lat'>„</span> <span class='ocrx_word' id='word_1_161' title='bbox 140 1350 202 1388; x_wconf 79' lang='lat' dir='ltr'>sed</span> <span class='ocrx_word' id='word_1_162' title='bbox 231 1351 280 1389; x_wconf 89' lang='lat' dir='ltr'>ab</span> <span class='ocrx_word' id='word_1_163' title='bbox 309 1364 379 1399; x_wconf 87' lang='lat' dir='ltr'>ea,</span> <span class='ocrx_word' id='word_1_164' title='bbox 408 1363 525 1404; x_wconf 83' lang='lat' dir='ltr'>quam</span> <span class='ocrx_word' id='word_1_165' title='bbox 556 1347 733 1396; x_wconf 85' lang='lat' dir='ltr'>haberet,</span> <span class='ocrx_word' id='word_1_166' title='bbox 762 1351 791 1387; x_wconf 84' lang='lat' dir='ltr'>si</span> <span class='ocrx_word' id='word_1_167' title='bbox 821 1361 896 1387; x_wconf 87' lang='lat' dir='ltr'>non</span> <span class='ocrx_word' id='word_1_168' title='bbox 929 1352 1099 1388; x_wconf 87' lang='lat' dir='ltr'>uniretur</span> <span class='ocrx_word' id='word_1_169' title='bbox 1122 1351 1193 1388; x_wconf 85' lang='lat' dir='ltr'>foe-</span> 
     </span>
     <span class='ocr_line' id='line_1_25' title="bbox 82 1403 1192 1456; baseline 0 -15"><span class='ocrx_word' id='word_1_170' title='bbox 82 1411 113 1453; x_wconf 86' lang='lat'>„&#39;</span> <span class='ocrx_word' id='word_1_171' title='bbox 137 1403 224 1441; x_wconf 83' lang='lat' dir='ltr'>dato</span> <span class='ocrx_word' id='word_1_172' title='bbox 251 1405 398 1456; x_wconf 81' lang='lat' dir='ltr'>corpori</span> <span class='ocrx_word' id='word_1_173' title='bbox 428 1403 462 1440; x_wconf 70' lang='lat' dir='ltr'>St</span> <span class='ocrx_word' id='word_1_174' title='bbox 491 1411 668 1454; x_wconf 87' lang='lat' dir='ltr'>corrupto</span> <span class='ocrx_word' id='word_1_175' title='bbox 696 1405 752 1440; x_wconf 89' lang='grc'>“.</span> <span class='ocrx_word' id='word_1_176' title='bbox 784 1403 841 1440; x_wconf 85' lang='lat' dir='ltr'>Ad</span> <span class='ocrx_word' id='word_1_177' title='bbox 871 1416 987 1454; x_wconf 89' lang='lat' dir='ltr'>quam</span> <span class='ocrx_word' id='word_1_178' title='bbox 1019 1417 1098 1441; x_wconf 88' lang='lat' dir='ltr'>rem</span> <span class='ocrx_word' id='word_1_179' title='bbox 1127 1404 1192 1441; x_wconf 87' lang='lat' dir='ltr'>de-</span> 
     </span>
     <span class='ocr_line' id='line_1_26' title="bbox 79 1454 1192 1507; baseline -0.001 -12"><span class='ocrx_word' id='word_1_180' title='bbox 79 1455 301 1496; x_wconf 82' lang='lat' dir='ltr'>clarandam</span> <span class='ocrx_word' id='word_1_181' title='bbox 332 1458 449 1493; x_wconf 84' lang='lat' dir='ltr'>utitur</span> <span class='ocrx_word' id='word_1_182' title='bbox 477 1455 654 1506; x_wconf 80' lang='lat' dir='ltr'>exemplo</span> <span class='ocrx_word' id='word_1_183' title='bbox 681 1468 702 1491; x_wconf 87' lang='lat' dir='ltr'>a</span> <span class='ocrx_word' id='word_1_184' title='bbox 730 1454 771 1491; x_wconf 88' lang='lat' dir='ltr'>S.</span> <span class='ocrx_word' id='word_1_185' title='bbox 804 1456 1012 1505; x_wconf 82' lang='lat' dir='ltr'>Augustino</span> <span class='ocrx_word' id='word_1_186' title='bbox 1049 1459 1192 1507; x_wconf 81' lang='lat' dir='ltr'>saepius</span> 
     </span>
     <span class='ocr_line' id='line_1_27' title="bbox 81 1505 1191 1562; baseline 0 -15"><span class='ocrx_word' id='word_1_187' title='bbox 81 1517 259 1562; x_wconf 77' lang='lat' dir='ltr'>usurpato</span> <span class='ocrx_word' id='word_1_188' title='bbox 286 1508 447 1560; x_wconf 85' lang='lat' dir='ltr'>liquoris</span> <span class='ocrx_word' id='word_1_189' title='bbox 462 1537 473 1556; x_wconf 88' lang='lat'>‚</span> <span class='ocrx_word' id='word_1_190' title='bbox 502 1508 570 1560; x_wconf 88' lang='lat' dir='ltr'>qui</span> <span class='ocrx_word' id='word_1_191' title='bbox 600 1505 786 1546; x_wconf 87' lang='lat' dir='ltr'>contrahit</span> <span class='ocrx_word' id='word_1_192' title='bbox 805 1506 980 1545; x_wconf 80' lang='lat' dir='ltr'>faetorem</span> <span class='ocrx_word' id='word_1_193' title='bbox 1002 1511 1099 1548; x_wconf 82' lang='lat' dir='ltr'>vasis</span> <span class='ocrx_word' id='word_1_194' title='bbox 1119 1509 1191 1547; x_wconf 80' lang='lat' dir='ltr'>foe-</span> 
     </span>
     <span class='ocr_line' id='line_1_28' title="bbox 77 1561 562 1611; baseline -0.008 -9"><span class='ocrx_word' id='word_1_195' title='bbox 77 1562 144 1602; x_wconf 77' lang='lat' dir='ltr'>tidi</span> <span class='ocrx_word' id='word_1_196' title='bbox 160 1591 172 1611; x_wconf 93' lang='lat'>,</span> <span class='ocrx_word' id='word_1_197' title='bbox 199 1575 289 1600; x_wconf 86' lang='lat' dir='ltr'>cum</span> <span class='ocrx_word' id='word_1_198' title='bbox 317 1561 562 1600; x_wconf 79' lang='lat' dir='ltr'>infunditur.</span> 
     </span>
    </p>

    <p class='ocr_par' dir='ltr' id='par_1_5' title="bbox 69 1611 1189 2364">
     <span class='ocr_line' id='line_1_29' title="bbox 134 1611 1188 1666; baseline 0.001 -13"><span class='ocrx_word' id='word_1_199' title='bbox 134 1615 223 1654; x_wconf 82' lang='grc'><strong>115.</strong></span> <span class='ocrx_word' id='word_1_200' title='bbox 252 1614 294 1654; x_wconf 87' lang='lat' dir='ltr'>ld</span> <span class='ocrx_word' id='word_1_201' title='bbox 321 1613 475 1653; x_wconf 83' lang='lat' dir='ltr'>tradidit</span> <span class='ocrx_word' id='word_1_202' title='bbox 501 1615 619 1654; x_wconf 86' lang='lat' dir='ltr'>etiam</span> <span class='ocrx_word' id='word_1_203' title='bbox 641 1613 844 1666; x_wconf 85' lang='lat' dir='ltr'>Angelicus</span> <span class='ocrx_word' id='word_1_204' title='bbox 864 1615 902 1653; x_wconf 84' lang='lat' dir='ltr'>in</span> <span class='ocrx_word' id='word_1_205' title='bbox 920 1615 970 1652; x_wconf 86' lang='grc' dir='ltr'><strong>ΙΙ.</strong></span> <span class='ocrx_word' id='word_1_206' title='bbox 1000 1615 1098 1654; x_wconf 85' lang='lat' dir='ltr'>Dist.</span> <span class='ocrx_word' id='word_1_207' title='bbox 1122 1611 1188 1654; x_wconf 79' lang='lat'>30.</span> 
     </span>
     <span class='ocr_line' id='line_1_30' title="bbox 74 1666 1186 1722; baseline -0.002 -14"><span class='ocrx_word' id='word_1_208' title='bbox 74 1666 211 1722; x_wconf 61' lang='lat' dir='ltr'>qu&#39;aest.</span> <span class='ocrx_word' id='word_1_209' title='bbox 242 1682 280 1708; x_wconf 81' lang='grc'>1.</span> <span class='ocrx_word' id='word_1_210' title='bbox 308 1677 378 1708; x_wconf 87' lang='lat' dir='ltr'>art.</span> <span class='ocrx_word' id='word_1_211' title='bbox 411 1682 449 1707; x_wconf 98' lang='grc'>2.</span> <span class='ocrx_word' id='word_1_212' title='bbox 477 1669 525 1706; x_wconf 88' lang='lat' dir='ltr'>ad</span> <span class='ocrx_word' id='word_1_213' title='bbox 556 1669 594 1708; x_wconf 79' lang='lat'>5.</span> <span class='ocrx_word' id='word_1_214' title='bbox 630 1669 779 1706; x_wconf 87' lang='lat' dir='ltr'>dicens:</span> <span class='ocrx_word' id='word_1_215' title='bbox 828 1698 854 1717; x_wconf 89' lang='lat'>‚,</span> <span class='ocrx_word' id='word_1_216' title='bbox 885 1668 1053 1717; x_wconf 85' lang='lat' dir='ltr'>Anima,</span> <span class='ocrx_word' id='word_1_217' title='bbox 1096 1681 1186 1722; x_wconf 84' lang='lat' dir='ltr'>quae</span> 
     </span>
     <span class='ocr_line' id='line_1_31' title="bbox 78 1721 1188 1775; baseline -0.002 -13"><span class='ocrx_word' id='word_1_218' title='bbox 78 1751 105 1771; x_wconf 90' lang='lat'>„</span> <span class='ocrx_word' id='word_1_219' title='bbox 128 1722 199 1762; x_wconf 68' lang='lat' dir='ltr'>tali</span> <span class='ocrx_word' id='word_1_220' title='bbox 228 1723 377 1775; x_wconf 84' lang='lat' dir='ltr'>corpori</span> <span class='ocrx_word' id='word_1_221' title='bbox 409 1721 596 1774; x_wconf 70' lang='lat' dir='ltr'>(foedato</span> <span class='ocrx_word' id='word_1_222' title='bbox 624 1722 673 1762; x_wconf 59' lang='grc' dir='ltr'>ἔθ’</span> <span class='ocrx_word' id='word_1_223' title='bbox 703 1722 917 1771; x_wconf 83' lang='lat' dir='ltr'>corrupto)</span> <span class='ocrx_word' id='word_1_224' title='bbox 949 1723 1188 1771; x_wconf 83' lang='lat' dir='ltr'>infunditur,</span> 
     </span>
     <span class='ocr_line' id='line_1_32' title="bbox 77 1775 1188 1828; baseline -0.001 -14"><span class='ocrx_word' id='word_1_225' title='bbox 77 1804 105 1825; x_wconf 88' lang='lat'><strong>„</strong></span> <span class='ocrx_word' id='word_1_226' title='bbox 133 1776 454 1814; x_wconf 73' lang='lat' dir='ltr'>deord’inationem</span> <span class='ocrx_word' id='word_1_227' title='bbox 496 1775 623 1828; x_wconf 87' lang='lat' dir='ltr'>culpae</span> <span class='ocrx_word' id='word_1_228' title='bbox 653 1776 840 1814; x_wconf 88' lang='lat' dir='ltr'>contrahit</span> <span class='ocrx_word' id='word_1_229' title='bbox 882 1789 928 1813; x_wconf 76' lang='lat' dir='ltr'>ex</span> <span class='ocrx_word' id='word_1_230' title='bbox 969 1775 1037 1814; x_wconf 85' lang='lat' dir='ltr'>hoc</span> <span class='ocrx_word' id='word_1_231' title='bbox 1081 1778 1188 1828; x_wconf 88' lang='lat' dir='ltr'>ipso,</span> 
     </span>
     <span class='ocr_line' id='line_1_33' title="bbox 79 1827 1189 1884; baseline -0.001 -16"><span class='ocrx_word' id='word_1_232' title='bbox 79 1855 106 1879; x_wconf 67' lang='lat'>5,</span> <span class='ocrx_word' id='word_1_233' title='bbox 135 1829 237 1884; x_wconf 80' lang='lat' dir='ltr'>quod</span> <span class='ocrx_word' id='word_1_234' title='bbox 268 1827 487 1880; x_wconf 86' lang='lat' dir='ltr'>hujusmodi</span> <span class='ocrx_word' id='word_1_235' title='bbox 517 1830 684 1881; x_wconf 85' lang='lat' dir='ltr'>corporis</span> <span class='ocrx_word' id='word_1_236' title='bbox 712 1829 836 1868; x_wconf 80' lang='lat' dir='ltr'>forma</span> <span class='ocrx_word' id='word_1_237' title='bbox 865 1828 1055 1875; x_wconf 80' lang='lat' dir='ltr'>efficitur3</span> <span class='ocrx_word' id='word_1_238' title='bbox 1098 1843 1189 1867; x_wconf 91' lang='lat' dir='ltr'>cum</span> 
     </span>
     <span class='ocr_line' id='line_1_34' title="bbox 75 1881 1189 1935; baseline 0.001 -15"><span class='ocrx_word' id='word_1_239' title='bbox 75 1907 104 1931; x_wconf 61' lang='lat'>5,</span> <span class='ocrx_word' id='word_1_240' title='bbox 128 1890 326 1934; x_wconf 83' lang='lat' dir='ltr'>oporteat,</span> <span class='ocrx_word' id='word_1_241' title='bbox 365 1881 636 1934; x_wconf 82' lang='lat' dir='ltr'>perfectionem</span> <span class='ocrx_word' id='word_1_242' title='bbox 663 1881 900 1934; x_wconf 82' lang='lat' dir='ltr'>perfectibili</span> <span class='ocrx_word' id='word_1_243' title='bbox 930 1884 1189 1935; x_wconf 81' lang='lat' dir='ltr'>proportiona-</span> 
     </span>
     <span class='ocr_line' id='line_1_35' title="bbox 75 1934 1188 1986; baseline 0 -11"><span class='ocrx_word' id='word_1_244' title='bbox 75 1962 102 1986; x_wconf 85' lang='lat'>,‚</span> <span class='ocrx_word' id='word_1_245' title='bbox 132 1945 208 1975; x_wconf 87' lang='lat' dir='ltr'>tam</span> <span class='ocrx_word' id='word_1_246' title='bbox 238 1949 316 1973; x_wconf 84' lang='lat' dir='ltr'>esse</span> <span class='ocrx_word' id='word_1_247' title='bbox 344 1937 398 1974; x_wconf 84' lang='lat'>“.</span> <span class='ocrx_word' id='word_1_248' title='bbox 445 1934 495 1973; x_wconf 90' lang='lat' dir='ltr'>Et</span> <span class='ocrx_word' id='word_1_249' title='bbox 524 1935 667 1973; x_wconf 90' lang='lat' dir='ltr'>ibidem</span> <span class='ocrx_word' id='word_1_250' title='bbox 697 1936 744 1973; x_wconf 82' lang='lat' dir='ltr'>ad</span> <span class='ocrx_word' id='word_1_251' title='bbox 777 1937 837 1974; x_wconf 86' lang='lat'>5.:</span> <span class='ocrx_word' id='word_1_252' title='bbox 885 1964 912 1984; x_wconf 89' lang='lat'>„</span> <span class='ocrx_word' id='word_1_253' title='bbox 943 1936 1086 1974; x_wconf 87' lang='lat' dir='ltr'>Anima</span> <span class='ocrx_word' id='word_1_254' title='bbox 1115 1950 1188 1975; x_wconf 88' lang='lat' dir='ltr'>non</span> 
     </span>
     <span class='ocr_line' id='line_1_36' title="bbox 75 1988 1187 2041; baseline 0 -13"><span class='ocrx_word' id='word_1_255' title='bbox 75 2018 104 2038; x_wconf 89' lang='lat'>,‚</span> <span class='ocrx_word' id='word_1_256' title='bbox 133 1989 300 2028; x_wconf 72' lang='lat' dir='ltr'>inficitur</span> <span class='ocrx_word' id='word_1_257' title='bbox 329 2000 397 2041; x_wconf 89' lang='lat' dir='ltr'>per</span> <span class='ocrx_word' id='word_1_258' title='bbox 439 1988 683 2027; x_wconf 83' lang='lat' dir='ltr'>infectionem</span> <span class='ocrx_word' id='word_1_259' title='bbox 714 1989 910 2041; x_wconf 86' lang='lat' dir='ltr'>corporis,</span> <span class='ocrx_word' id='word_1_260' title='bbox 951 1991 1060 2041; x_wconf 85' lang='lat' dir='ltr'>quasi</span> <span class='ocrx_word' id='word_1_261' title='bbox 1103 2003 1187 2029; x_wconf 90' lang='lat' dir='ltr'>cor-</span> 
     </span>
     <span class='ocr_line' id='line_1_37' title="bbox 75 2042 1186 2095; baseline 0.001 -14"><span class='ocrx_word' id='word_1_262' title='bbox 75 2070 104 2091; x_wconf 89' lang='lat'><strong>„</strong></span> <span class='ocrx_word' id='word_1_263' title='bbox 127 2067 131 2071; x_wconf 43' lang='lat'><strong>⁴</strong></span> <span class='ocrx_word' id='word_1_264' title='bbox 186 2055 224 2081; x_wconf 86' lang='lat' dir='ltr'>re</span> <span class='ocrx_word' id='word_1_265' title='bbox 251 2050 382 2095; x_wconf 81' lang='lat' dir='ltr'>agente</span> <span class='ocrx_word' id='word_1_266' title='bbox 409 2042 450 2080; x_wconf 91' lang='lat' dir='ltr'>in</span> <span class='ocrx_word' id='word_1_267' title='bbox 480 2042 676 2090; x_wconf 79' lang='lat' dir='ltr'>animam,</span> <span class='ocrx_word' id='word_1_268' title='bbox 703 2042 767 2082; x_wconf 76' lang='lat' dir='ltr'>sed</span> <span class='ocrx_word' id='word_1_269' title='bbox 797 2056 865 2094; x_wconf 88' lang='lat' dir='ltr'>per</span> <span class='ocrx_word' id='word_1_270' title='bbox 879 2044 1087 2095; x_wconf 83' lang='lat' dir='ltr'>quamdam</span> <span class='ocrx_word' id='word_1_271' title='bbox 1107 2043 1186 2082; x_wconf 92' lang='lat' dir='ltr'>col-</span> 
     </span>
     <span class='ocr_line' id='line_1_38' title="bbox 71 2055 1186 2148; baseline 0.002 -15"><span class='ocrx_word' id='word_1_272' title='bbox 71 2123 100 2145; x_wconf 86' lang='lat'>„</span> <span class='ocrx_word' id='word_1_273' title='bbox 128 2055 392 2134; x_wconf 63' lang='lat' dir='ltr'>iiiiiitationem</span> <span class='ocrx_word' id='word_1_274' title='bbox 421 2096 536 2134; x_wconf 87' lang='lat' dir='ltr'>unius</span> <span class='ocrx_word' id='word_1_275' title='bbox 564 2095 611 2133; x_wconf 91' lang='lat' dir='ltr'>ad</span> <span class='ocrx_word' id='word_1_276' title='bbox 640 2094 830 2142; x_wconf 85' lang='lat' dir='ltr'>alternm3</span> <span class='ocrx_word' id='word_1_277' title='bbox 859 2098 953 2148; x_wconf 83' lang='lat' dir='ltr'>quia</span> <span class='ocrx_word' id='word_1_278' title='bbox 982 2097 1105 2136; x_wconf 87' lang='lat' dir='ltr'>forma</span> <span class='ocrx_word' id='word_1_279' title='bbox 1126 2110 1186 2135; x_wconf 89' lang='lat' dir='ltr'>re-</span> 
     </span>
     <span class='ocr_line' id='line_1_39' title="bbox 72 2148 1185 2204; baseline 0 -16"><span class='ocrx_word' id='word_1_280' title='bbox 72 2177 100 2198; x_wconf 91' lang='lat'>‚‚</span> <span class='ocrx_word' id='word_1_281' title='bbox 128 2148 270 2202; x_wconf 84' lang='lat' dir='ltr'>cipitur</span> <span class='ocrx_word' id='word_1_282' title='bbox 299 2149 338 2187; x_wconf 89' lang='lat' dir='ltr'>in</span> <span class='ocrx_word' id='word_1_283' title='bbox 370 2150 553 2197; x_wconf 85' lang='lat' dir='ltr'>materia,</span> <span class='ocrx_word' id='word_1_284' title='bbox 598 2149 809 2188; x_wconf 82' lang='lat' dir='ltr'>secundum</span> <span class='ocrx_word' id='word_1_285' title='bbox 839 2150 1095 2189; x_wconf 89' lang='lat' dir='ltr'>conditionem</span> <span class='ocrx_word' id='word_1_286' title='bbox 1127 2151 1185 2204; x_wconf 84' lang='lat' dir='ltr'>ip-</span> 
     </span>
     <span class='ocr_line' id='line_1_40' title="bbox 71 2203 1186 2256; baseline 0.001 -16"><span class='ocrx_word' id='word_1_287' title='bbox 71 2227 99 2250; x_wconf 87' lang='lat'>„</span> <span class='ocrx_word' id='word_1_288' title='bbox 126 2203 203 2241; x_wconf 81' lang='lat' dir='ltr'>sius</span> <span class='ocrx_word' id='word_1_289' title='bbox 233 2204 432 2250; x_wconf 81' lang='lat' dir='ltr'>materiae3</span> <span class='ocrx_word' id='word_1_290' title='bbox 461 2217 550 2242; x_wconf 81' lang='lat' dir='ltr'>cuin</span> <span class='ocrx_word' id='word_1_291' title='bbox 579 2216 715 2252; x_wconf 88' lang='lat' dir='ltr'>omne,</span> <span class='ocrx_word' id='word_1_292' title='bbox 757 2204 858 2256; x_wconf 85' lang='lat' dir='ltr'>quod</span> <span class='ocrx_word' id='word_1_293' title='bbox 889 2212 939 2241; x_wconf 86' lang='lat' dir='ltr'>est</span> <span class='ocrx_word' id='word_1_294' title='bbox 971 2205 1010 2241; x_wconf 90' lang='lat' dir='ltr'>in</span> <span class='ocrx_word' id='word_1_295' title='bbox 1039 2203 1186 2253; x_wconf 79' lang='lat' dir='ltr'>altero,</span> 
     </span>
     <span class='ocr_line' id='line_1_41' title="bbox 73 2256 1185 2311; baseline 0.003 -19"><span class='ocrx_word' id='word_1_296' title='bbox 73 2283 100 2304; x_wconf 89' lang='lat'>,‚</span> <span class='ocrx_word' id='word_1_297' title='bbox 128 2256 174 2294; x_wconf 86' lang='lat' dir='ltr'>sit</span> <span class='ocrx_word' id='word_1_298' title='bbox 202 2257 240 2294; x_wconf 90' lang='lat' dir='ltr'>in</span> <span class='ocrx_word' id='word_1_299' title='bbox 268 2267 312 2292; x_wconf 88' lang='lat' dir='ltr'>eo</span> <span class='ocrx_word' id='word_1_300' title='bbox 339 2269 408 2308; x_wconf 90' lang='lat' dir='ltr'>per</span> <span class='ocrx_word' id='word_1_301' title='bbox 436 2256 593 2294; x_wconf 85' lang='lat' dir='ltr'>modum</span> <span class='ocrx_word' id='word_1_302' title='bbox 614 2257 832 2309; x_wconf 85' lang='lat' dir='ltr'>recipientis</span> <span class='ocrx_word' id='word_1_303' title='bbox 847 2260 872 2278; x_wconf 86' lang='lat'><strong>“</strong></span> <span class='ocrx_word' id='word_1_304' title='bbox 889 2283 901 2294; x_wconf 91' lang='lat'>.</span> <span class='ocrx_word' id='word_1_305' title='bbox 930 2256 1078 2310; x_wconf 76' lang='lat' dir='ltr'>Siquis</span> <span class='ocrx_word' id='word_1_306' title='bbox 1098 2257 1185 2311; x_wconf 86' lang='lat' dir='ltr'>plu-</span> 
     </span>
     <span class='ocr_line' id='line_1_42' title="bbox 69 2307 1038 2364; baseline 0.005 -18"><span class='ocrx_word' id='word_1_307' title='bbox 69 2318 116 2360; x_wconf 60' lang='lat' dir='ltr'>ra</span> <span class='ocrx_word' id='word_1_308' title='bbox 141 2307 354 2359; x_wconf 72' lang='lat' dir='ltr'>desiderat,</span> <span class='ocrx_word' id='word_1_309' title='bbox 384 2309 493 2348; x_wconf 80' lang='lat' dir='ltr'>adeat</span> <span class='ocrx_word' id='word_1_310' title='bbox 522 2309 735 2364; x_wconf 84' lang='lat' dir='ltr'>Theologos</span> <span class='ocrx_word' id='word_1_311' title='bbox 761 2309 1011 2350; x_wconf 85' lang='lat' dir='ltr'>Scholasticos</span> <span class='ocrx_word' id='word_1_312' title='bbox 1027 2337 1038 2351; x_wconf 89' lang='grc'>.</span> 
     </span>
    </p>
   </div>
   <div class='ocr_carea' id='block_1_3' title="bbox 485 2413 761 2454">
    <p class='ocr_par' dir='ltr' id='par_1_6' title="bbox 485 2413 761 2454">
     <span class='ocr_line' id='line_1_43' title="bbox 485 2413 761 2454; baseline 0 0"><span class='ocrx_word' id='word_1_313' title='bbox 485 2413 663 2454; x_wconf 79' lang='lat' dir='ltr'>‘CAPUT</span> <span class='ocrx_word' id='word_1_314' title='bbox 693 2414 761 2454; x_wconf 79' lang='grc' dir='ltr'>Ν.</span> 
     </span>
    </p>
   </div>
   <div class='ocr_carea' id='block_1_4' title="bbox 219 2519 1026 2628">
    <p class='ocr_par' dir='ltr' id='par_1_7' title="bbox 219 2519 1026 2628">
     <span class='ocr_line' id='line_1_44' title="bbox 219 2519 1026 2574; baseline -0.002 -12"><span class='ocrx_word' id='word_1_315' title='bbox 219 2519 482 2562; x_wconf 72' lang='grc' dir='ltr'>’Βεεοίνυηΐυν</span> <span class='ocrx_word' id='word_1_316' title='bbox 511 2521 700 2574; x_wconf 68' lang='lat' dir='ltr'>quaedam</span> <span class='ocrx_word' id='word_1_317' title='bbox 729 2522 1026 2572; x_wconf 63' lang='lat' dir='ltr'>quaestiunculae</span> 
     </span>
     <span class='ocr_line' id='line_1_45' title="bbox 383 2575 865 2628; baseline 0.002 -14"><span class='ocrx_word' id='word_1_318' title='bbox 383 2575 433 2614; x_wconf 83' lang='lat' dir='ltr'>de</span> <span class='ocrx_word' id='word_1_319' title='bbox 459 2584 623 2628; x_wconf 76' lang='lat' dir='ltr'>peccato</span> <span class='ocrx_word' id='word_1_320' title='bbox 649 2576 865 2627; x_wconf 75' lang='lat' dir='ltr'>originali.</span> 
     </span>
    </p>
   </div>
   <div class='ocr_carea' id='block_1_5' title="bbox 70 2644 1178 2792">
    <p class='ocr_par' dir='ltr' id='par_1_8' title="bbox 70 2644 1178 2792">
     <span class='ocr_line' id='line_1_46' title="bbox 75 2644 1178 2734; baseline -0.001 -12"><span class='ocrx_word' id='word_1_321' title='bbox 75 2696 80 2700; x_wconf 90' lang='lat'>·</span> <span class='ocrx_word' id='word_1_322' title='bbox 125 2644 420 2728; x_wconf 71' lang='lat' dir='ltr'>¹16.Quaeres</span> <span class='ocrx_word' id='word_1_323' title='bbox 448 2682 602 2734; x_wconf 88' lang='lat' dir='ltr'>primo,</span> <span class='ocrx_word' id='word_1_324' title='bbox 632 2694 689 2720; x_wconf 85' lang='lat' dir='ltr'>an</span> <span class='ocrx_word' id='word_1_325' title='bbox 718 2685 751 2719; x_wconf 84' lang='lat' dir='ltr'>si</span> <span class='ocrx_word' id='word_1_326' title='bbox 781 2680 870 2719; x_wconf 75' lang='lat' dir='ltr'>Em</span> <span class='ocrx_word' id='word_1_327' title='bbox 900 2683 986 2720; x_wconf 66' lang='lat' dir='ltr'>sola</span> <span class='ocrx_word' id='word_1_328' title='bbox 1015 2693 1178 2731; x_wconf 78' lang='lat' dir='ltr'>peccas-</span> 
     </span>
     <span class='ocr_line' id='line_1_47' title="bbox 70 2733 1138 2792; baseline -0.004 -16"><span class='ocrx_word' id='word_1_329' title='bbox 70 2745 154 2786; x_wconf 67' lang='lat' dir='ltr'>set,</span> <span class='ocrx_word' id='word_1_330' title='bbox 183 2738 270 2792; x_wconf 82' lang='lat' dir='ltr'>ejus</span> <span class='ocrx_word' id='word_1_331' title='bbox 296 2743 508 2787; x_wconf 79' lang='lat' dir='ltr'>peccatum</span> <span class='ocrx_word' id='word_1_332' title='bbox 524 2735 678 2789; x_wconf 74' lang='lat' dir='ltr'>ficisset</span> <span class='ocrx_word' id='word_1_333' title='bbox 707 2739 749 2774; x_wconf 84' lang='lat' dir='ltr'>in</span> <span class='ocrx_word' id='word_1_334' title='bbox 776 2748 851 2774; x_wconf 84' lang='lat' dir='ltr'>nos</span> <span class='ocrx_word' id='word_1_335' title='bbox 879 2733 1138 2774; x_wconf 64' lang='lat' dir='ltr'>derivatum?</span> 
     </span>
    </p>
   </div>
   <div class='ocr_carea' id='block_1_6' title="bbox 65 2904 1179 3364">
    <p class='ocr_par' dir='ltr' id='par_1_9' title="bbox 67 2904 1179 3232">
     <span class='ocr_line' id='line_1_48' title="bbox 114 2904 1179 2951; baseline 0.004 -14"><span class='ocrx_word' id='word_1_336' title='bbox 114 2907 163 2943; x_wconf 71' lang='grc' dir='ltr'>(ο)</span> <span class='ocrx_word' id='word_1_337' title='bbox 190 2904 624 2946; x_wconf 79' lang='lat' dir='ltr'>Nicd.Malehranchins,</span> <span class='ocrx_word' id='word_1_338' title='bbox 650 2905 760 2939; x_wconf 89' lang='lat' dir='ltr'>Guill.</span> <span class='ocrx_word' id='word_1_339' title='bbox 776 2905 935 2941; x_wconf 85' lang='lat' dir='ltr'>Gothofr.</span> <span class='ocrx_word' id='word_1_340' title='bbox 956 2907 1152 2941; x_wconf 84' lang='lat' dir='ltr'>Leibnitins</span> <span class='ocrx_word' id='word_1_341' title='bbox 1166 2929 1179 2951; x_wconf 86' lang='lat'>,</span> 
     </span>
     <span class='ocr_line' id='line_1_49' title="bbox 69 2947 1177 2999; baseline 0.007 -19"><span class='ocrx_word' id='word_1_342' title='bbox 69 2947 198 2994; x_wconf 75' lang='lat' dir='ltr'>aliique</span> <span class='ocrx_word' id='word_1_343' title='bbox 223 2952 379 2985; x_wconf 81' lang='lat' dir='ltr'>nonnulli</span> <span class='ocrx_word' id='word_1_344' title='bbox 406 2954 615 2987; x_wconf 78' lang='lat' dir='ltr'>recentiores</span> <span class='ocrx_word' id='word_1_345' title='bbox 642 2952 865 2998; x_wconf 80' lang='lat' dir='ltr'>Philosophi,</span> <span class='ocrx_word' id='word_1_346' title='bbox 893 2966 959 2987; x_wconf 91' lang='lat' dir='ltr'>non</span> <span class='ocrx_word' id='word_1_347' title='bbox 983 2953 1177 2999; x_wconf 74' lang='lat' dir='ltr'>Theologi,</span> 
     </span>
     <span class='ocr_line' id='line_1_50' title="bbox 67 2997 1176 3044; baseline 0.008 -18"><span class='ocrx_word' id='word_1_348' title='bbox 67 3003 158 3027; x_wconf 76' lang='lat' dir='ltr'>nova</span> <span class='ocrx_word' id='word_1_349' title='bbox 181 2997 424 3040; x_wconf 77' lang='lat' dir='ltr'>excogitarunt</span> <span class='ocrx_word' id='word_1_350' title='bbox 449 3008 642 3044; x_wconf 81' lang='lat' dir='ltr'>systemata</span> <span class='ocrx_word' id='word_1_351' title='bbox 669 2998 711 3032; x_wconf 83' lang='lat' dir='ltr'>ad</span> <span class='ocrx_word' id='word_1_352' title='bbox 736 2999 983 3044; x_wconf 80' lang='lat' dir='ltr'>explicandum</span> <span class='ocrx_word' id='word_1_353' title='bbox 1009 3012 1176 3035; x_wconf 80' lang='lat' dir='ltr'>arcannm</span> 
     </span>
     <span class='ocr_line' id='line_1_51' title="bbox 68 3042 1176 3092; baseline 0.008 -20"><span class='ocrx_word' id='word_1_354' title='bbox 68 3042 202 3092; x_wconf 76' lang='lat' dir='ltr'>peccati</span> <span class='ocrx_word' id='word_1_355' title='bbox 226 3043 405 3086; x_wconf 78' lang='lat' dir='ltr'>originalis</span> <span class='ocrx_word' id='word_1_356' title='bbox 431 3044 632 3080; x_wconf 75' lang='lat' dir='ltr'>trad-tecm.</span> <span class='ocrx_word' id='word_1_357' title='bbox 675 3045 741 3080; x_wconf 81' lang='lat' dir='ltr'>Sed</span> <span class='ocrx_word' id='word_1_358' title='bbox 768 3058 892 3091; x_wconf 80' lang='lat' dir='ltr'>parum</span> <span class='ocrx_word' id='word_1_359' title='bbox 926 3048 1099 3080; x_wconf 80' lang='lat' dir='ltr'>feliciter.</span> <span class='ocrx_word' id='word_1_360' title='bbox 1142 3049 1176 3081; x_wconf 85' lang='lat' dir='ltr'>Si</span> 
     </span>
     <span class='ocr_line' id='line_1_52' title="bbox 69 3089 1177 3139; baseline 0.008 -21"><span class='ocrx_word' id='word_1_361' title='bbox 69 3097 149 3139; x_wconf 70' lang='lat' dir='ltr'>quis</span> <span class='ocrx_word' id='word_1_362' title='bbox 172 3097 211 3120; x_wconf 83' lang='lat' dir='ltr'>ea</span> <span class='ocrx_word' id='word_1_363' title='bbox 236 3089 474 3132; x_wconf 49' lang='lat' dir='ltr'>expositas&amp;</span> <span class='ocrx_word' id='word_1_364' title='bbox 497 3093 639 3136; x_wconf 83' lang='lat' dir='ltr'>explosa</span> <span class='ocrx_word' id='word_1_365' title='bbox 665 3093 770 3126; x_wconf 88' lang='lat' dir='ltr'>simul</span> <span class='ocrx_word' id='word_1_366' title='bbox 786 3091 904 3126; x_wconf 86' lang='lat' dir='ltr'>videre</span> <span class='ocrx_word' id='word_1_367' title='bbox 930 3095 1049 3138; x_wconf 85' lang='lat' dir='ltr'>cupit,</span> <span class='ocrx_word' id='word_1_368' title='bbox 1075 3093 1177 3127; x_wconf 81' lang='lat' dir='ltr'>adeat</span> 
     </span>
     <span class='ocr_line' id='line_1_53' title="bbox 68 3133 1177 3176; baseline 0.008 -12"><span class='ocrx_word' id='word_1_369' title='bbox 68 3143 193 3176; x_wconf 63' lang='lat' dir='ltr'>smptus</span> <span class='ocrx_word' id='word_1_370' title='bbox 226 3133 318 3167; x_wconf 85' lang='lat' dir='ltr'>laud.</span> <span class='ocrx_word' id='word_1_371' title='bbox 346 3134 380 3166; x_wconf 86' lang='lat' dir='ltr'>P.</span> <span class='ocrx_word' id='word_1_372' title='bbox 411 3135 508 3170; x_wconf 76' lang='lat' dir='ltr'>Rern.</span> <span class='ocrx_word' id='word_1_373' title='bbox 541 3137 581 3170; x_wconf 84' lang='lat' dir='ltr'>de</span> <span class='ocrx_word' id='word_1_374' title='bbox 607 3140 738 3174; x_wconf 79' lang='lat' dir='ltr'>Rnbeis</span> <span class='ocrx_word' id='word_1_375' title='bbox 775 3144 811 3173; x_wconf 83' lang='lat' dir='ltr'>in</span> <span class='ocrx_word' id='word_1_376' title='bbox 837 3139 952 3174; x_wconf 73' lang='lat' dir='ltr'>Tract.</span> <span class='ocrx_word' id='word_1_377' title='bbox 979 3139 1098 3174; x_wconf 77' lang='lat' dir='ltr'>Theol.</span> <span class='ocrx_word' id='word_1_378' title='bbox 1132 3142 1177 3174; x_wconf 84' lang='lat' dir='ltr'>de</span> 
     </span>
     <span class='ocr_line' id='line_1_54' title="bbox 67 3181 1010 3232; baseline 0.01 -21"><span class='ocrx_word' id='word_1_379' title='bbox 67 3188 209 3224; x_wconf 75' lang='lat' dir='ltr'>peccato</span> <span class='ocrx_word' id='word_1_380' title='bbox 233 3182 358 3223; x_wconf 76' lang='lat' dir='ltr'>origin.</span> <span class='ocrx_word' id='word_1_381' title='bbox 385 3181 508 3217; x_wconf 70' lang='lat' dir='ltr'>Venet.</span> <span class='ocrx_word' id='word_1_382' title='bbox 538 3185 641 3228; x_wconf 85' lang='lat'><strong>¹757·</strong></span> <span class='ocrx_word' id='word_1_383' title='bbox 666 3196 743 3230; x_wconf 81' lang='lat' dir='ltr'>cap.</span> <span class='ocrx_word' id='word_1_384' title='bbox 770 3186 828 3230; x_wconf 75' lang='lat'>69.</span> <span class='ocrx_word' id='word_1_385' title='bbox 845 3208 856 3226; x_wconf 86' lang='lat'>‚</span> <span class='ocrx_word' id='word_1_386' title='bbox 880 3190 912 3220; x_wconf 77' lang='lat'>8&lt;</span> <span class='ocrx_word' id='word_1_387' title='bbox 937 3199 1010 3232; x_wconf 80' lang='lat' dir='ltr'>seq.</span> 
     </span>
    </p>

    <p class='ocr_par' dir='ltr' id='par_1_10' title="bbox 65 3225 1178 3364">
     <span class='ocr_line' id='line_1_55' title="bbox 114 3225 1176 3277; baseline 0.008 -20"><span class='ocrx_word' id='word_1_388' title='bbox 114 3225 154 3277; x_wconf 72' lang='lat'>‚¹¹¹</span> <span class='ocrx_word' id='word_1_389' title='bbox 182 3234 254 3259; x_wconf 87' lang='lat' dir='ltr'>tota</span> <span class='ocrx_word' id='word_1_390' title='bbox 279 3234 395 3260; x_wconf 86' lang='lat' dir='ltr'>antem</span> <span class='ocrx_word' id='word_1_391' title='bbox 420 3227 485 3262; x_wconf 85' lang='lat' dir='ltr'>hac</span> <span class='ocrx_word' id='word_1_392' title='bbox 519 3231 699 3273; x_wconf 81' lang='lat' dir='ltr'>originalis</span> <span class='ocrx_word' id='word_1_393' title='bbox 724 3234 857 3276; x_wconf 81' lang='lat' dir='ltr'>peccati</span> <span class='ocrx_word' id='word_1_394' title='bbox 894 3233 1042 3267; x_wconf 83' lang='lat' dir='ltr'>materia</span> <span class='ocrx_word' id='word_1_395' title='bbox 1079 3232 1176 3266; x_wconf 83' lang='lat' dir='ltr'>nulla</span> 
     </span>
     <span class='ocr_line' id='line_1_56' title="bbox 68 3274 1176 3323; baseline 0.006 -20"><span class='ocrx_word' id='word_1_396' title='bbox 68 3282 122 3303; x_wconf 80' lang='lat' dir='ltr'>nst</span> <span class='ocrx_word' id='word_1_397' title='bbox 148 3283 267 3306; x_wconf 80' lang='lat' dir='ltr'>sumus</span> <span class='ocrx_word' id='word_1_398' title='bbox 292 3274 518 3317; x_wconf 74' lang='lat' dir='ltr'>exceptione,</span> <span class='ocrx_word' id='word_1_399' title='bbox 543 3287 584 3307; x_wconf 88' lang='lat' dir='ltr'>ne</span> <span class='ocrx_word' id='word_1_400' title='bbox 608 3287 628 3308; x_wconf 87' lang='lat' dir='ltr'>a</span> <span class='ocrx_word' id='word_1_401' title='bbox 654 3286 773 3311; x_wconf 87' lang='lat' dir='ltr'>nostro</span> <span class='ocrx_word' id='word_1_402' title='bbox 784 3290 887 3323; x_wconf 86' lang='lat' dir='ltr'>scopo</span> <span class='ocrx_word' id='word_1_403' title='bbox 902 3279 1176 3313; x_wconf 81' lang='lat' dir='ltr'>diverteremus.</span> 
     </span>
     <span class='ocr_line' id='line_1_57' title="bbox 65 3316 1178 3364; baseline 0.009 -15"><span class='ocrx_word' id='word_1_404' title='bbox 65 3316 330 3364; x_wconf 67' lang='lat' dir='ltr'>Amplectimur</span> <span class='ocrx_word' id='word_1_405' title='bbox 357 3328 472 3352; x_wconf 67' lang='lat' dir='ltr'>tamen</span> <span class='ocrx_word' id='word_1_406' title='bbox 500 3333 568 3364; x_wconf 79' lang='lat' dir='ltr'>qua</span> <span class='ocrx_word' id='word_1_407' title='bbox 593 3319 690 3355; x_wconf 84' lang='lat' dir='ltr'>decet</span> <span class='ocrx_word' id='word_1_408' title='bbox 704 3325 925 3360; x_wconf 80' lang='lat' dir='ltr'>veneratione</span> <span class='ocrx_word' id='word_1_409' title='bbox 944 3326 1116 3362; x_wconf 82' lang='lat' dir='ltr'>celebrem</span> <span class='ocrx_word' id='word_1_410' title='bbox 1134 3325 1178 3359; x_wconf 85' lang='lat' dir='ltr'>il-</span> 
     </span>
    </p>
   </div>
   <div class='ocr_carea' id='block_1_7' title="bbox 173 3363 841 3418">
    <p class='ocr_par' dir='ltr' id='par_1_11' title="bbox 173 3363 841 3418">
     <span class='ocr_line' id='line_1_58' title="bbox 173 3363 841 3418; baseline 0.009 -14"><span class='ocrx_word' id='word_1_411' title='bbox 173 3363 419 3418; x_wconf 80' lang='lat' dir='ltr'>Gazzaniga</span> <span class='ocrx_word' id='word_1_412' title='bbox 452 3364 584 3408; x_wconf 79' lang='lat' dir='ltr'>leeol.</span> <span class='ocrx_word' id='word_1_413' title='bbox 629 3366 744 3408; x_wconf 84' lang='lat' dir='ltr'>Tom.</span> <span class='ocrx_word' id='word_1_414' title='bbox 771 3364 841 3411; x_wconf 77' lang='lat' dir='ltr'>IV.</span> 
     </span>
    </p>
   </div>
   <div class='ocr_carea' id='block_1_8' title="bbox 2253 123 2334 163">
    <p class='ocr_par' dir='ltr' id='par_1_12' title="bbox 2253 123 2334 163">
     <span class='ocr_line' id='line_1_59' title="bbox 2253 123 2334 149; baseline 0 -9"><span class='ocrx_word' id='word_1_415' title='bbox 2253 123 2334 149; x_wconf 70' lang='lat' dir='ltr'>l·*&#39;‘</span> 
     </span>
     <span class='ocr_line' id='line_1_60' title="bbox 2288 148 2325 163; baseline 0.027 -1"><span class='ocrx_word' id='word_1_416' title='bbox 2288 148 2325 163; x_wconf 72' lang='grc' dir='ltr'>ΙΙ</span> 
     </span>
    </p>
   </div>
   <div class='ocr_carea' id='block_1_9' title="bbox 1273 177 2386 922">
    <p class='ocr_par' dir='ltr' id='par_1_13' title="bbox 1273 177 2386 922">
     <span class='ocr_line' id='line_1_61' title="bbox 1339 177 2386 234; baseline 0.012 -23"><span class='ocrx_word' id='word_1_417' title='bbox 1339 189 1426 227; x_wconf 90' lang='lat'>¹¹7·</span> <span class='ocrx_word' id='word_1_418' title='bbox 1459 177 1663 228; x_wconf 68' lang='lat' dir='ltr'>Respondet</span> <span class='ocrx_word' id='word_1_419' title='bbox 1682 178 1723 216; x_wconf 78' lang='lat' dir='ltr'>S.</span> <span class='ocrx_word' id='word_1_420' title='bbox 1740 178 1907 220; x_wconf 80' lang='lat' dir='ltr'>Thomas</span> <span class='ocrx_word' id='word_1_421' title='bbox 1935 195 1967 219; x_wconf 86' lang='grc'>1.</span> <span class='ocrx_word' id='word_1_422' title='bbox 1997 191 2036 220; x_wconf 75' lang='grc'><strong>’2.</strong></span> <span class='ocrx_word' id='word_1_423' title='bbox 2059 192 2199 234; x_wconf 71' lang='lat' dir='ltr'>·quaest.</span> <span class='ocrx_word' id='word_1_424' title='bbox 2217 185 2283 224; x_wconf 87' lang='grc'>81.</span> <span class='ocrx_word' id='word_1_425' title='bbox 2313 198 2386 225; x_wconf 78' lang='lat' dir='ltr'>art.</span> 
     </span>
     <span class='ocr_line' id='line_1_62' title="bbox 1281 230 2386 284; baseline 0.01 -16"><span class='ocrx_word' id='word_1_426' title='bbox 1281 230 1318 268; x_wconf 85' lang='lat'>5.</span> <span class='ocrx_word' id='word_1_427' title='bbox 1347 232 1544 280; x_wconf 79' lang='lat' dir='ltr'>negative,</span> <span class='ocrx_word' id='word_1_428' title='bbox 1576 230 1644 268; x_wconf 84' lang='lat' dir='ltr'>hoc</span> <span class='ocrx_word' id='word_1_429' title='bbox 1675 241 1781 270; x_wconf 79' lang='lat' dir='ltr'>utens</span> <span class='ocrx_word' id='word_1_430' title='bbox 1813 236 2032 274; x_wconf 76' lang='lat' dir='ltr'>ratiocinio.</span> <span class='ocrx_word' id='word_1_431' title='bbox 2077 266 2103 284; x_wconf 91' lang='lat'>‚,</span> <span class='ocrx_word' id='word_1_432' title='bbox 2134 237 2291 278; x_wconf 87' lang='lat' dir='ltr'>Dictum</span> <span class='ocrx_word' id='word_1_433' title='bbox 2334 251 2386 279; x_wconf 86' lang='lat' dir='ltr'>est</span> 
     </span>
     <span class='ocr_line' id='line_1_63' title="bbox 1280 284 2385 345; baseline 0.012 -26"><span class='ocrx_word' id='word_1_434' title='bbox 1280 313 1306 332; x_wconf 83' lang='lat'>‚,</span> <span class='ocrx_word' id='word_1_435' title='bbox 1336 296 1476 335; x_wconf 84' lang='lat' dir='ltr'>supra,</span> <span class='ocrx_word' id='word_1_436' title='bbox 1506 284 1605 335; x_wconf 81' lang='lat' dir='ltr'>quod</span> <span class='ocrx_word' id='word_1_437' title='bbox 1638 296 1833 336; x_wconf 87' lang='lat' dir='ltr'>peccatum</span> <span class='ocrx_word' id='word_1_438' title='bbox 1863 289 2046 340; x_wconf 78' lang='lat' dir='ltr'>originale</span> <span class='ocrx_word' id='word_1_439' title='bbox 2066 292 2230 342; x_wconf 80' lang='lat' dir='ltr'>apritno</span> <span class='ocrx_word' id='word_1_440' title='bbox 2251 307 2385 345; x_wconf 81' lang='lat' dir='ltr'>paren·</span> 
     </span>
     <span class='ocr_line' id='line_1_64' title="bbox 1275 337 2386 398; baseline 0.012 -25"><span class='ocrx_word' id='word_1_441' title='bbox 1275 367 1301 384; x_wconf 94' lang='lat'>„</span> <span class='ocrx_word' id='word_1_442' title='bbox 1332 345 1366 374; x_wconf 83' lang='lat' dir='ltr'>te</span> <span class='ocrx_word' id='word_1_443' title='bbox 1395 337 1630 384; x_wconf 80' lang='lat' dir='ltr'>traducitur,</span> <span class='ocrx_word' id='word_1_444' title='bbox 1680 339 1908 390; x_wconf 81' lang='lat' dir='ltr'>inquantum</span> <span class='ocrx_word' id='word_1_445' title='bbox 1940 344 2017 391; x_wconf 84' lang='lat' dir='ltr'>ipse</span> <span class='ocrx_word' id='word_1_446' title='bbox 2048 354 2170 381; x_wconf 74' lang='lat' dir='ltr'>movet</span> <span class='ocrx_word' id='word_1_447' title='bbox 2200 347 2245 384; x_wconf 86' lang='lat' dir='ltr'>ad</span> <span class='ocrx_word' id='word_1_448' title='bbox 2274 362 2386 398; x_wconf 81' lang='lat' dir='ltr'>gene-</span> 
     </span>
     <span class='ocr_line' id='line_1_65' title="bbox 1331 391 2383 451; baseline 0.012 -24"><span class='ocrx_word' id='word_1_449' title='bbox 1331 391 1515 427; x_wconf 81' lang='lat' dir='ltr'>rationem</span> <span class='ocrx_word' id='word_1_450' title='bbox 1545 398 1746 428; x_wconf 82' lang='lat' dir='ltr'>natorum.</span> <span class='ocrx_word' id='word_1_451' title='bbox 1795 393 1903 430; x_wconf 85' lang='lat' dir='ltr'>Unde</span> <span class='ocrx_word' id='word_1_452' title='bbox 1933 397 2074 435; x_wconf 72' lang='lat' dir='ltr'>dictum</span> <span class='ocrx_word' id='word_1_453' title='bbox 2105 408 2185 446; x_wconf 72' lang='lat' dir='ltr'>est,</span> <span class='ocrx_word' id='word_1_454' title='bbox 2223 401 2322 451; x_wconf 77' lang='lat' dir='ltr'>quod</span> <span class='ocrx_word' id='word_1_455' title='bbox 2351 403 2383 440; x_wconf 80' lang='lat' dir='ltr'>si</span> 
     </span>
     <span class='ocr_line' id='line_1_66' title="bbox 1331 443 2383 499; baseline 0.01 -20"><span class='ocrx_word' id='word_1_456' title='bbox 1331 443 1578 481; x_wconf 78' lang='lat' dir='ltr'>materialiter</span> <span class='ocrx_word' id='word_1_457' title='bbox 1607 452 1751 482; x_wconf 86' lang='lat' dir='ltr'>tautum</span> <span class='ocrx_word' id='word_1_458' title='bbox 1794 446 1935 499; x_wconf 84' lang='lat' dir='ltr'>aliquis</span> <span class='ocrx_word' id='word_1_459' title='bbox 1977 464 2020 487; x_wconf 70' lang='lat' dir='ltr'>ex</span> <span class='ocrx_word' id='word_1_460' title='bbox 2058 465 2170 489; x_wconf 86' lang='lat' dir='ltr'>carne</span> <span class='ocrx_word' id='word_1_461' title='bbox 2215 452 2383 493; x_wconf 68' lang='lat' dir='ltr'>hnmana</span> 
     </span>
     <span class='ocr_line' id='line_1_67' title="bbox 1330 498 2382 551; baseline 0.011 -18"><span class='ocrx_word' id='word_1_462' title='bbox 1330 505 1598 548; x_wconf 65' lang='lat' dir='ltr'>generaretur,</span> <span class='ocrx_word' id='word_1_463' title='bbox 1641 498 1824 549; x_wconf 74' lang='lat' dir='ltr'>originale</span> <span class='ocrx_word' id='word_1_464' title='bbox 1854 512 2048 551; x_wconf 75' lang='lat' dir='ltr'>peccatum</span> <span class='ocrx_word' id='word_1_465' title='bbox 2081 518 2154 543; x_wconf 91' lang='lat' dir='ltr'>non</span> <span class='ocrx_word' id='word_1_466' title='bbox 2184 506 2382 545; x_wconf 83' lang='lat' dir='ltr'>contrahe·</span> 
     </span>
     <span class='ocr_line' id='line_1_68' title="bbox 1275 550 2382 599; baseline 0.013 -14"><span class='ocrx_word' id='word_1_467' title='bbox 1275 579 1300 599; x_wconf 85' lang='lat'><strong>„</strong></span> <span class='ocrx_word' id='word_1_468' title='bbox 1330 559 1411 588; x_wconf 87' lang='lat' dir='ltr'>ret.</span> <span class='ocrx_word' id='word_1_469' title='bbox 1443 550 1690 588; x_wconf 79' lang='lat' dir='ltr'>Manifestum</span> <span class='ocrx_word' id='word_1_470' title='bbox 1721 561 1770 589; x_wconf 74' lang='lat' dir='ltr'>est</span> <span class='ocrx_word' id='word_1_471' title='bbox 1799 562 1922 591; x_wconf 81' lang='lat' dir='ltr'>autem</span> <span class='ocrx_word' id='word_1_472' title='bbox 1945 558 2152 596; x_wconf 75' lang='lat' dir='ltr'>secundum</span> <span class='ocrx_word' id='word_1_473' title='bbox 2173 559 2382 599; x_wconf 82' lang='lat' dir='ltr'>doctrinam</span> 
     </span>
     <span class='ocr_line' id='line_1_69' title="bbox 1273 602 2382 660; baseline 0.012 -21"><span class='ocrx_word' id='word_1_474' title='bbox 1273 632 1299 653; x_wconf 78' lang='lat'>,‚</span> <span class='ocrx_word' id='word_1_475' title='bbox 1330 602 1675 655; x_wconf 83' lang='lat' dir='ltr'>Philosophorum,</span> <span class='ocrx_word' id='word_1_476' title='bbox 1723 606 1822 656; x_wconf 81' lang='lat' dir='ltr'>quod</span> <span class='ocrx_word' id='word_1_477' title='bbox 1862 609 2096 660; x_wconf 86' lang='lat' dir='ltr'>principium</span> <span class='ocrx_word' id='word_1_478' title='bbox 2139 614 2308 652; x_wconf 81' lang='lat' dir='ltr'>activum</span> <span class='ocrx_word' id='word_1_479' title='bbox 2340 616 2382 653; x_wconf 83' lang='lat' dir='ltr'>in</span> 
     </span>
     <span class='ocr_line' id='line_1_70' title="bbox 1328 659 2382 709; baseline 0.011 -15"><span class='ocrx_word' id='word_1_480' title='bbox 1328 659 1569 709; x_wconf 83' lang='lat' dir='ltr'>generatione</span> <span class='ocrx_word' id='word_1_481' title='bbox 1598 667 1648 695; x_wconf 78' lang='lat' dir='ltr'>est</span> <span class='ocrx_word' id='word_1_482' title='bbox 1678 672 1700 695; x_wconf 90' lang='lat' dir='ltr'>a</span> <span class='ocrx_word' id='word_1_483' title='bbox 1730 668 1835 709; x_wconf 83' lang='lat' dir='ltr'>patre</span> <span class='ocrx_word' id='word_1_484' title='bbox 1857 689 1867 706; x_wconf 91' lang='lat'>‚</span> <span class='ocrx_word' id='word_1_485' title='bbox 1917 665 2113 701; x_wconf 69' lang='lat' dir='ltr'>mett-rium</span> <span class='ocrx_word' id='word_1_486' title='bbox 2144 676 2268 704; x_wconf 80' lang='lat' dir='ltr'>autem</span> <span class='ocrx_word' id='word_1_487' title='bbox 2300 681 2382 705; x_wconf 69' lang='lat' dir='ltr'>ma-</span> 
     </span>
     <span class='ocr_line' id='line_1_71' title="bbox 1327 711 2381 768; baseline 0.009 -20"><span class='ocrx_word' id='word_1_488' title='bbox 1327 720 1381 748; x_wconf 86' lang='lat' dir='ltr'>ter</span> <span class='ocrx_word' id='word_1_489' title='bbox 1411 713 1627 757; x_wconf 75' lang='lat' dir='ltr'>ministrat,</span> <span class='ocrx_word' id='word_1_490' title='bbox 1660 711 1760 749; x_wconf 80' lang='lat' dir='ltr'>unde</span> <span class='ocrx_word' id='word_1_491' title='bbox 1791 719 2185 768; x_wconf 75' lang='lat' dir='ltr'>peccatumoriginale</span> <span class='ocrx_word' id='word_1_492' title='bbox 2200 733 2273 758; x_wconf 85' lang='lat' dir='ltr'>nou</span> <span class='ocrx_word' id='word_1_493' title='bbox 2293 734 2381 758; x_wconf 89' lang='lat' dir='ltr'>con·</span> 
     </span>
     <span class='ocr_line' id='line_1_72' title="bbox 1326 763 2381 812; baseline 0.01 -11"><span class='ocrx_word' id='word_1_494' title='bbox 1326 763 1486 802; x_wconf 83' lang='lat' dir='ltr'>trahitur</span> <span class='ocrx_word' id='word_1_495' title='bbox 1528 779 1550 801; x_wconf 77' lang='lat' dir='ltr'>a</span> <span class='ocrx_word' id='word_1_496' title='bbox 1579 764 1704 802; x_wconf 79' lang='lat' dir='ltr'>Matre</span> <span class='ocrx_word' id='word_1_497' title='bbox 1746 767 1807 803; x_wconf 69' lang='lat' dir='ltr'>sed</span> <span class='ocrx_word' id='word_1_498' title='bbox 1846 781 1868 803; x_wconf 91' lang='lat' dir='ltr'>a</span> <span class='ocrx_word' id='word_1_499' title='bbox 1899 766 2031 806; x_wconf 78' lang='lat' dir='ltr'>l&#39;atre.</span> <span class='ocrx_word' id='word_1_500' title='bbox 2081 770 2126 808; x_wconf 81' lang='lat' dir='ltr'>Et</span> <span class='ocrx_word' id='word_1_501' title='bbox 2166 774 2381 812; x_wconf 82' lang='lat' dir='ltr'>secundum</span> 
     </span>
     <span class='ocr_line' id='line_1_73' title="bbox 1327 817 2380 875; baseline 0.011 -21"><span class='ocrx_word' id='word_1_502' title='bbox 1327 817 1396 856; x_wconf 92' lang='lat' dir='ltr'>hoc</span> <span class='ocrx_word' id='word_1_503' title='bbox 1425 820 1453 856; x_wconf 87' lang='lat' dir='ltr'>si</span> <span class='ocrx_word' id='word_1_504' title='bbox 1486 818 1607 855; x_wconf 81' lang='lat' dir='ltr'>Adam</span> <span class='ocrx_word' id='word_1_505' title='bbox 1638 831 1714 855; x_wconf 90' lang='lat' dir='ltr'>non</span> <span class='ocrx_word' id='word_1_506' title='bbox 1745 831 1945 870; x_wconf 74' lang='lat' dir='ltr'>peccante,</span> <span class='ocrx_word' id='word_1_507' title='bbox 1978 823 2057 860; x_wconf 73' lang='lat' dir='ltr'>Eva</span> <span class='ocrx_word' id='word_1_508' title='bbox 2089 836 2303 875; x_wconf 75' lang='lat' dir='ltr'>peccasset,</span> <span class='ocrx_word' id='word_1_509' title='bbox 2333 826 2380 865; x_wconf 87' lang='lat' dir='ltr'>fi-</span> 
     </span>
     <span class='ocr_line' id='line_1_74' title="bbox 1326 870 2379 922; baseline 0.009 -14"><span class='ocrx_word' id='word_1_510' title='bbox 1326 870 1369 909; x_wconf 90' lang='lat' dir='ltr'>lii</span> <span class='ocrx_word' id='word_1_511' title='bbox 1398 870 1585 922; x_wconf 81' lang='lat' dir='ltr'>originale</span> <span class='ocrx_word' id='word_1_512' title='bbox 1615 882 1811 922; x_wconf 77' lang='lat' dir='ltr'>peccatum</span> <span class='ocrx_word' id='word_1_513' title='bbox 1834 887 1904 911; x_wconf 86' lang='lat' dir='ltr'>non</span> <span class='ocrx_word' id='word_1_514' title='bbox 1925 877 2205 917; x_wconf 74' lang='lat' dir='ltr'>contraherent.</span> <span class='ocrx_word' id='word_1_515' title='bbox 2235 879 2267 918; x_wconf 82' lang='lat' dir='ltr'>E</span> <span class='ocrx_word' id='word_1_516' title='bbox 2288 893 2379 918; x_wconf 85' lang='lat' dir='ltr'>con-</span> 
     </span>
    </p>
   </div>
   <div class='ocr_carea' id='block_1_10' title="bbox 1325 928 2380 1000">
    <p class='ocr_par' dir='ltr' id='par_1_14' title="bbox 1325 928 2380 1000">
     <span class='ocr_line' id='line_1_75' title="bbox 1325 928 2380 981; baseline 0.011 -20"><span class='ocrx_word' id='word_1_517' title='bbox 1325 938 1431 963; x_wconf 85' lang='lat' dir='ltr'>verso</span> <span class='ocrx_word' id='word_1_518' title='bbox 1459 934 1585 962; x_wconf 90' lang='lat' dir='ltr'>autem</span> <span class='ocrx_word' id='word_1_519' title='bbox 1616 935 1732 974; x_wconf 77' lang='lat' dir='ltr'>esset,</span> <span class='ocrx_word' id='word_1_520' title='bbox 1764 928 1794 964; x_wconf 84' lang='lat' dir='ltr'>si</span> <span class='ocrx_word' id='word_1_521' title='bbox 1825 928 1946 965; x_wconf 78' lang='lat' dir='ltr'>Adam</span> <span class='ocrx_word' id='word_1_522' title='bbox 1977 942 2190 981; x_wconf 73' lang='lat' dir='ltr'>peccasset,</span> <span class='ocrx_word' id='word_1_523' title='bbox 2232 933 2267 969; x_wconf 72' lang='grc' dir='ltr'>ἃ</span> <span class='ocrx_word' id='word_1_524' title='bbox 2296 933 2380 973; x_wconf 78' lang='lat' dir='ltr'>Eva</span> 
     </span>
     <span class='ocr_line' id='line_1_76' title="bbox 1430 982 1455 1000; baseline 0 0"><span class='ocrx_word' id='word_1_525' title='bbox 1430 982 1455 1000; x_wconf 64' lang='grc' dir='ltr'>ί(</span> 
     </span>
    </p>
   </div>
   <div class='ocr_carea' id='block_1_11' title="bbox 1273 420 1300 546">
    <p class='ocr_par' dir='ltr' id='par_1_15' title="bbox 1273 420 1300 546">
     <span class='ocr_line' id='line_1_77' title="bbox 1274 420 1300 439; baseline 0.038 -1"><span class='ocrx_word' id='word_1_526' title='bbox 1274 420 1300 439; x_wconf 74' lang='lat'>5²</span> 
     </span>
     <span class='ocr_line' id='line_1_78' title="bbox 1274 474 1300 492; baseline 0 0"><span class='ocrx_word' id='word_1_527' title='bbox 1274 474 1300 492; x_wconf 70' lang='grc' dir='ltr'>Η</span> 
     </span>
     <span class='ocr_line' id='line_1_79' title="bbox 1273 527 1299 546; baseline -0.038 0"><span class='ocrx_word' id='word_1_528' title='bbox 1273 527 1299 546; x_wconf 66' lang='grc'>,9</span> 
     </span>
    </p>
   </div>
   <div class='ocr_carea' id='block_1_12' title="bbox 1268 687 1299 919">
    <p class='ocr_par' dir='ltr' id='par_1_16' title="bbox 1268 687 1299 919">
     <span class='ocr_line' id='line_1_80' title="bbox 1272 687 1299 706; baseline 0 0"><span class='ocrx_word' id='word_1_529' title='bbox 1272 687 1299 706; x_wconf 73' lang='lat'>25</span> 
     </span>
     <span class='ocr_line' id='line_1_81' title="bbox 1272 740 1298 760; baseline -0.038 0"><span class='ocrx_word' id='word_1_530' title='bbox 1272 740 1298 760; x_wconf 71' lang='lat'>³&gt;</span> 
     </span>
     <span class='ocr_line' id='line_1_82' title="bbox 1269 794 1295 813; baseline -0.077 0"><span class='ocrx_word' id='word_1_531' title='bbox 1269 794 1295 813; x_wconf 72' lang='grc' dir='ltr'>Π</span> 
     </span>
     <span class='ocr_line' id='line_1_83' title="bbox 1268 847 1295 866; baseline -0.037 0"><span class='ocrx_word' id='word_1_532' title='bbox 1268 847 1295 866; x_wconf 73' lang='grc' dir='ltr'>,Ὶ</span> 
     </span>
     <span class='ocr_line' id='line_1_84' title="bbox 1268 900 1294 919; baseline -0.038 0"><span class='ocrx_word' id='word_1_533' title='bbox 1268 900 1294 919; x_wconf 72' lang='lat'>99</span> 
     </span>
    </p>
   </div>
   <div class='ocr_carea' id='block_1_13' title="bbox 1267 954 1399 1026">
    <p class='ocr_par' dir='ltr' id='par_1_17' title="bbox 1267 954 1399 1026">
     <span class='ocr_line' id='line_1_85' title="bbox 1267 954 1293 972; baseline 0 0"><span class='ocrx_word' id='word_1_534' title='bbox 1267 954 1293 972; x_wconf 61' lang='grc' dir='ltr'>θ’</span> 
     </span>
     <span class='ocr_line' id='line_1_86' title="bbox 1269 992 1399 1026; baseline 0.015 -10"><span class='ocrx_word' id='word_1_535' title='bbox 1269 1005 1295 1026; x_wconf 83' lang='grc'>,,</span> <span class='ocrx_word' id='word_1_536' title='bbox 1325 992 1399 1018; x_wconf 86' lang='lat' dir='ltr'>nou</span> 
     </span>
    </p>
   </div>
   <div class='ocr_carea' id='block_1_14' title="bbox 1251 1032 2380 2853">
    <p class='ocr_par' dir='ltr' id='par_1_18' title="bbox 1258 1032 2380 1617">
     <span class='ocr_line' id='line_1_87' title="bbox 1325 1032 2380 1090; baseline 0.011 -21"><span class='ocrx_word' id='word_1_537' title='bbox 1325 1033 1412 1071; x_wconf 79' lang='lat'>118.</span> <span class='ocrx_word' id='word_1_538' title='bbox 1442 1032 1515 1071; x_wconf 77' lang='lat' dir='ltr'>Sed</span> <span class='ocrx_word' id='word_1_539' title='bbox 1547 1033 1740 1072; x_wconf 84' lang='lat' dir='ltr'>efficacius</span> <span class='ocrx_word' id='word_1_540' title='bbox 1772 1034 1938 1088; x_wconf 86' lang='lat' dir='ltr'>idipsum</span> <span class='ocrx_word' id='word_1_541' title='bbox 1981 1039 2162 1090; x_wconf 89' lang='lat' dir='ltr'>probatur</span> <span class='ocrx_word' id='word_1_542' title='bbox 2190 1055 2235 1079; x_wconf 81' lang='lat' dir='ltr'>cx</span> <span class='ocrx_word' id='word_1_543' title='bbox 2264 1043 2380 1082; x_wconf 70' lang='lat' dir='ltr'>sacris</span> 
     </span>
     <span class='ocr_line' id='line_1_88' title="bbox 1265 1084 2378 1145; baseline 0.011 -23"><span class='ocrx_word' id='word_1_544' title='bbox 1265 1084 1441 1134; x_wconf 80' lang='lat' dir='ltr'>Litteris,</span> <span class='ocrx_word' id='word_1_545' title='bbox 1471 1101 1559 1139; x_wconf 80' lang='lat' dir='ltr'>quae</span> <span class='ocrx_word' id='word_1_546' title='bbox 1589 1086 1787 1140; x_wconf 85' lang='lat' dir='ltr'>loquentes</span> <span class='ocrx_word' id='word_1_547' title='bbox 1816 1090 1862 1127; x_wconf 87' lang='lat' dir='ltr'>de</span> <span class='ocrx_word' id='word_1_548' title='bbox 1893 1102 2046 1142; x_wconf 86' lang='lat' dir='ltr'>peccato</span> <span class='ocrx_word' id='word_1_549' title='bbox 2072 1095 2251 1145; x_wconf 81' lang='lat' dir='ltr'>originali</span> <span class='ocrx_word' id='word_1_550' title='bbox 2280 1110 2378 1134; x_wconf 84' lang='lat' dir='ltr'>sem-</span> 
     </span>
     <span class='ocr_line' id='line_1_89' title="bbox 1264 1139 2379 1200; baseline 0.012 -25"><span class='ocrx_word' id='word_1_551' title='bbox 1264 1152 1332 1190; x_wconf 88' lang='lat' dir='ltr'>per</span> <span class='ocrx_word' id='word_1_552' title='bbox 1362 1154 1483 1178; x_wconf 82' lang='lat' dir='ltr'>unum</span> <span class='ocrx_word' id='word_1_553' title='bbox 1514 1139 1734 1189; x_wconf 79' lang='lat' dir='ltr'>hominem,</span> <span class='ocrx_word' id='word_1_554' title='bbox 1773 1156 1911 1194; x_wconf 89' lang='lat' dir='ltr'>nempe</span> <span class='ocrx_word' id='word_1_555' title='bbox 1945 1146 2064 1183; x_wconf 80' lang='lat' dir='ltr'>Adam</span> <span class='ocrx_word' id='word_1_556' title='bbox 2095 1146 2177 1197; x_wconf 81' lang='lat' dir='ltr'>ejus</span> <span class='ocrx_word' id='word_1_557' title='bbox 2207 1151 2379 1200; x_wconf 86' lang='lat' dir='ltr'>primum</span> 
     </span>
     <span class='ocr_line' id='line_1_90' title="bbox 1263 1193 2377 1253; baseline 0.01 -24"><span class='ocrx_word' id='word_1_558' title='bbox 1263 1201 1457 1231; x_wconf 88' lang='lat' dir='ltr'>auctorem</span> <span class='ocrx_word' id='word_1_559' title='bbox 1484 1195 1712 1231; x_wconf 80' lang='lat' dir='ltr'>nominant.</span> <span class='ocrx_word' id='word_1_560' title='bbox 1742 1193 1818 1232; x_wconf 82' lang='lat' dir='ltr'>Per</span> <span class='ocrx_word' id='word_1_561' title='bbox 1846 1209 1969 1233; x_wconf 80' lang='lat' dir='ltr'>unum</span> <span class='ocrx_word' id='word_1_562' title='bbox 1989 1196 2192 1236; x_wconf 77' lang='lat' dir='ltr'>hominem</span> <span class='ocrx_word' id='word_1_563' title='bbox 2210 1230 2220 1247; x_wconf 93' lang='lat'>,</span> <span class='ocrx_word' id='word_1_564' title='bbox 2252 1203 2377 1253; x_wconf 77' lang='lat' dir='ltr'>inquit</span> 
     </span>
     <span class='ocr_line' id='line_1_91' title="bbox 1263 1245 2380 1298; baseline 0.008 -15"><span class='ocrx_word' id='word_1_565' title='bbox 1263 1245 1464 1296; x_wconf 83' lang='lat' dir='ltr'>Apostolus</span> <span class='ocrx_word' id='word_1_566' title='bbox 1496 1246 1605 1285; x_wconf 85' lang='lat' dir='ltr'>Rom.</span> <span class='ocrx_word' id='word_1_567' title='bbox 1640 1245 1687 1284; x_wconf 90' lang='lat' dir='ltr'>V.</span> <span class='ocrx_word' id='word_1_568' title='bbox 1724 1260 1782 1286; x_wconf 89' lang='grc'>12.</span> <span class='ocrx_word' id='word_1_569' title='bbox 1800 1278 1810 1295; x_wconf 88' lang='grc'><em>,</em></span> <span class='ocrx_word' id='word_1_570' title='bbox 1838 1258 2049 1298; x_wconf 74' lang='lat' dir='ltr'>peccatum</span> <span class='ocrx_word' id='word_1_571' title='bbox 2070 1255 2112 1288; x_wconf 87' lang='grc' dir='ltr'><strong><em>ιή</em></strong></span> <span class='ocrx_word' id='word_1_572' title='bbox 2141 1251 2243 1290; x_wconf 78' lang='lat' dir='ltr'>hunc</span> <span class='ocrx_word' id='word_1_573' title='bbox 2263 1267 2380 1292; x_wconf 84' lang='lat' dir='ltr'>mun-</span> 
     </span>
     <span class='ocr_line' id='line_1_92' title="bbox 1262 1297 2380 1346; baseline 0.011 -13"><span class='ocrx_word' id='word_1_574' title='bbox 1262 1297 1357 1336; x_wconf 76' lang='lat' dir='ltr'>(lum</span> <span class='ocrx_word' id='word_1_575' title='bbox 1386 1304 1574 1338; x_wconf 69' lang='lat' dir='ltr'>intravit.</span> <span class='ocrx_word' id='word_1_576' title='bbox 1620 1300 1718 1338; x_wconf 80' lang='lat' dir='ltr'>ibid.</span> <span class='ocrx_word' id='word_1_577' title='bbox 1770 1299 1896 1339; x_wconf 66' lang='lat' dir='ltr'>(finus</span> <span class='ocrx_word' id='word_1_578' title='bbox 1925 1302 2066 1341; x_wconf 81' lang='lat' dir='ltr'>delicto</span> <span class='ocrx_word' id='word_1_579' title='bbox 2096 1307 2207 1343; x_wconf 75' lang='lat' dir='ltr'>multi</span> <span class='ocrx_word' id='word_1_580' title='bbox 2236 1313 2380 1346; x_wconf 67' lang='lat' dir='ltr'>mortua¹</span> 
     </span>
     <span class='ocr_line' id='line_1_93' title="bbox 1262 1352 2377 1410; baseline 0.01 -22"><span class='ocrx_word' id='word_1_581' title='bbox 1262 1361 1378 1401; x_wconf 81' lang='lat' dir='ltr'>stmt,</span> <span class='ocrx_word' id='word_1_582' title='bbox 1423 1363 1525 1391; x_wconf 86' lang='lat' dir='ltr'>tum:</span> <span class='ocrx_word' id='word_1_583' title='bbox 1575 1357 1690 1390; x_wconf 77' lang='lat' dir='ltr'>unius</span> <span class='ocrx_word' id='word_1_584' title='bbox 1719 1352 1861 1392; x_wconf 74' lang='lat' dir='ltr'>delicto</span> <span class='ocrx_word' id='word_1_585' title='bbox 1891 1369 1999 1394; x_wconf 82' lang='lat' dir='ltr'>mors</span> <span class='ocrx_word' id='word_1_586' title='bbox 2028 1364 2208 1410; x_wconf 68' lang='lat' dir='ltr'>regnavit</span> <span class='ocrx_word' id='word_1_587' title='bbox 2235 1374 2307 1410; x_wconf 83' lang='lat' dir='ltr'>per</span> <span class='ocrx_word' id='word_1_588' title='bbox 2335 1376 2377 1399; x_wconf 81' lang='lat' dir='ltr'>u-</span> 
     </span>
     <span class='ocr_line' id='line_1_94' title="bbox 1262 1405 2376 1453; baseline 0.011 -12"><span class='ocrx_word' id='word_1_589' title='bbox 1262 1418 1390 1451; x_wconf 80' lang='lat' dir='ltr'>nttm‚·</span> <span class='ocrx_word' id='word_1_590' title='bbox 1421 1405 1454 1441; x_wconf 77' lang='lat'>8&lt;</span> <span class='ocrx_word' id='word_1_591' title='bbox 1476 1420 1509 1444; x_wconf 92' lang='grc'>1.</span> <span class='ocrx_word' id='word_1_592' title='bbox 1539 1406 1585 1444; x_wconf 85' lang='lat' dir='ltr'>ad</span> <span class='ocrx_word' id='word_1_593' title='bbox 1613 1407 1786 1444; x_wconf 80' lang='lat' dir='ltr'>Corinth.</span> <span class='ocrx_word' id='word_1_594' title='bbox 1805 1407 1894 1446; x_wconf 80' lang='lat' dir='ltr'>XV.</span> <span class='ocrx_word' id='word_1_595' title='bbox 1913 1422 1976 1446; x_wconf 78' lang='grc'><strong>22.</strong></span> <span class='ocrx_word' id='word_1_596' title='bbox 2010 1409 2055 1448; x_wconf 82' lang='grc' dir='ltr'>[η</span> <span class='ocrx_word' id='word_1_597' title='bbox 2086 1411 2220 1451; x_wconf 75' lang='lat' dir='ltr'>Adam</span> <span class='ocrx_word' id='word_1_598' title='bbox 2235 1428 2376 1453; x_wconf 72' lang='lat' dir='ltr'>omnes</span> 
     </span>
     <span class='ocr_line' id='line_1_95' title="bbox 1261 1460 2376 1512; baseline 0.011 -18"><span class='ocrx_word' id='word_1_599' title='bbox 1261 1463 1483 1496; x_wconf 80' lang='lat' dir='ltr'>moriuntur</span> <span class='ocrx_word' id='word_1_600' title='bbox 1501 1486 1511 1497; x_wconf 90' lang='lat'>.</span> <span class='ocrx_word' id='word_1_601' title='bbox 1539 1460 1821 1512; x_wconf 86' lang='lat' dir='ltr'>Consequenter</span> <span class='ocrx_word' id='word_1_602' title='bbox 1841 1464 1954 1499; x_wconf 81' lang='lat' dir='ltr'>etiam</span> <span class='ocrx_word' id='word_1_603' title='bbox 1970 1463 2186 1503; x_wconf 88' lang='lat' dir='ltr'>Concilium</span> <span class='ocrx_word' id='word_1_604' title='bbox 2205 1466 2376 1506; x_wconf 78' lang='lat' dir='ltr'>Trident-</span> 
     </span>
     <span class='ocr_line' id='line_1_96' title="bbox 1259 1512 2375 1573; baseline 0.011 -25"><span class='ocrx_word' id='word_1_605' title='bbox 1259 1512 1375 1550; x_wconf 82' lang='lat' dir='ltr'>solius</span> <span class='ocrx_word' id='word_1_606' title='bbox 1404 1514 1498 1550; x_wconf 82' lang='lat' dir='ltr'>Adae</span> <span class='ocrx_word' id='word_1_607' title='bbox 1531 1515 1757 1552; x_wconf 85' lang='lat' dir='ltr'>mentionem</span> <span class='ocrx_word' id='word_1_608' title='bbox 1788 1516 1904 1563; x_wconf 77' lang='lat' dir='ltr'>fecit,</span> <span class='ocrx_word' id='word_1_609' title='bbox 1950 1516 2016 1554; x_wconf 85' lang='lat' dir='ltr'>ubi</span> <span class='ocrx_word' id='word_1_610' title='bbox 2045 1517 2258 1560; x_wconf 85' lang='lat' dir='ltr'>doctrinam</span> <span class='ocrx_word' id='word_1_611' title='bbox 2288 1536 2375 1573; x_wconf 83' lang='lat' dir='ltr'>pec-</span> 
     </span>
     <span class='ocr_line' id='line_1_97' title="bbox 1258 1566 1781 1617; baseline 0.01 -16"><span class='ocrx_word' id='word_1_612' title='bbox 1258 1566 1332 1602; x_wconf 83' lang='lat' dir='ltr'>cati</span> <span class='ocrx_word' id='word_1_613' title='bbox 1361 1566 1558 1616; x_wconf 73' lang='lat' dir='ltr'>originalis</span> <span class='ocrx_word' id='word_1_614' title='bbox 1588 1569 1781 1617; x_wconf 79' lang='lat' dir='ltr'>exposuit.</span> 
     </span>
    </p>

    <p class='ocr_par' dir='ltr' id='par_1_19' title="bbox 1253 1617 2375 2373">
     <span class='ocr_line' id='line_1_98' title="bbox 1282 1617 2374 1675; baseline 0.017 -23"><span class='ocrx_word' id='word_1_615' title='bbox 1282 1667 1294 1675; x_wconf 32' lang='grc' dir='ltr'>α</span> <span class='ocrx_word' id='word_1_616' title='bbox 1319 1630 1406 1668; x_wconf 75' lang='lat'><strong>¹¹9·</strong></span> <span class='ocrx_word' id='word_1_617' title='bbox 1438 1617 1570 1670; x_wconf 79' lang='lat' dir='ltr'>Neque</span> <span class='ocrx_word' id='word_1_618' title='bbox 1611 1621 1742 1667; x_wconf 84' lang='lat' dir='ltr'>obest,</span> <span class='ocrx_word' id='word_1_619' title='bbox 1789 1622 1893 1672; x_wconf 85' lang='lat' dir='ltr'>quod</span> <span class='ocrx_word' id='word_1_620' title='bbox 1934 1623 2074 1662; x_wconf 88' lang='lat' dir='ltr'>dicitur</span> <span class='ocrx_word' id='word_1_621' title='bbox 2117 1626 2374 1671; x_wconf 79' lang='lat' dir='ltr'>Ecclesiastici.</span> 
     </span>
     <span class='ocr_line' id='line_1_99' title="bbox 1258 1668 2375 1732; baseline 0.013 -25"><span class='ocrx_word' id='word_1_622' title='bbox 1258 1668 1391 1707; x_wconf 74' lang='lat' dir='ltr'>XXV.</span> <span class='ocrx_word' id='word_1_623' title='bbox 1422 1670 1486 1708; x_wconf 86' lang='lat'>53.</span> <span class='ocrx_word' id='word_1_624' title='bbox 1518 1672 1554 1708; x_wconf 85' lang='lat' dir='ltr'><em>A</em></span> <span class='ocrx_word' id='word_1_625' title='bbox 1583 1672 1746 1709; x_wconf 76' lang='lat' dir='ltr'>muliere</span> <span class='ocrx_word' id='word_1_626' title='bbox 1774 1677 1930 1711; x_wconf 79' lang='lat' dir='ltr'>initium</span> <span class='ocrx_word' id='word_1_627' title='bbox 1947 1675 2117 1726; x_wconf 74' lang='lat' dir='ltr'>factum</span> <span class='ocrx_word' id='word_1_628' title='bbox 2147 1690 2203 1717; x_wconf 86' lang='lat' dir='ltr'>est</span> <span class='ocrx_word' id='word_1_629' title='bbox 2232 1695 2375 1732; x_wconf 75' lang='lat' dir='ltr'>peccet-</span> 
     </span>
     <span class='ocr_line' id='line_1_100' title="bbox 1256 1724 2373 1786; baseline 0.013 -27"><span class='ocrx_word' id='word_1_630' title='bbox 1256 1726 1312 1770; x_wconf 78' lang='lat' dir='ltr'>ti,</span> <span class='ocrx_word' id='word_1_631' title='bbox 1341 1724 1391 1764; x_wconf 68' lang='grc'>(9·</span> <span class='ocrx_word' id='word_1_632' title='bbox 1419 1736 1489 1774; x_wconf 81' lang='lat' dir='ltr'>per</span> <span class='ocrx_word' id='word_1_633' title='bbox 1517 1724 1631 1762; x_wconf 76' lang='lat' dir='ltr'>illam</span> <span class='ocrx_word' id='word_1_634' title='bbox 1660 1738 1801 1764; x_wconf 80' lang='lat' dir='ltr'>omnes</span> <span class='ocrx_word' id='word_1_635' title='bbox 1822 1731 2048 1766; x_wconf 78' lang='lat' dir='ltr'>morimur.</span> <span class='ocrx_word' id='word_1_636' title='bbox 2081 1730 2162 1769; x_wconf 91' lang='lat' dir='ltr'>Non</span> <span class='ocrx_word' id='word_1_637' title='bbox 2192 1736 2373 1786; x_wconf 77' lang='lat' dir='ltr'>inquam,</span> 
     </span>
     <span class='ocr_line' id='line_1_101' title="bbox 1258 1775 2375 1833; baseline 0.013 -20"><span class='ocrx_word' id='word_1_638' title='bbox 1258 1775 1341 1814; x_wconf 80' lang='lat' dir='ltr'>haec</span> <span class='ocrx_word' id='word_1_639' title='bbox 1370 1779 1473 1815; x_wconf 89' lang='lat' dir='ltr'>enim</span> <span class='ocrx_word' id='word_1_640' title='bbox 1504 1777 1622 1816; x_wconf 85' lang='lat' dir='ltr'>verba</span> <span class='ocrx_word' id='word_1_641' title='bbox 1663 1781 1926 1818; x_wconf 88' lang='lat' dir='ltr'>tantummodo</span> <span class='ocrx_word' id='word_1_642' title='bbox 1955 1782 2196 1833; x_wconf 80' lang='lat' dir='ltr'>significant,</span> <span class='ocrx_word' id='word_1_643' title='bbox 2248 1787 2375 1828; x_wconf 81' lang='lat' dir='ltr'>Evam</span> 
     </span>
     <span class='ocr_line' id='line_1_102' title="bbox 1258 1830 2373 1891; baseline 0.012 -24"><span class='ocrx_word' id='word_1_644' title='bbox 1258 1830 1374 1868; x_wconf 86' lang='lat' dir='ltr'>fuisse</span> <span class='ocrx_word' id='word_1_645' title='bbox 1406 1832 1573 1881; x_wconf 82' lang='lat' dir='ltr'>primam</span> <span class='ocrx_word' id='word_1_646' title='bbox 1605 1834 1749 1884; x_wconf 82' lang='lat' dir='ltr'>peccati</span> <span class='ocrx_word' id='word_1_647' title='bbox 1792 1836 2030 1874; x_wconf 85' lang='lat' dir='ltr'>occasionem</span> <span class='ocrx_word' id='word_1_648' title='bbox 2049 1867 2059 1885; x_wconf 92' lang='lat'>,</span> <span class='ocrx_word' id='word_1_649' title='bbox 2107 1841 2200 1891; x_wconf 80' lang='lat' dir='ltr'>quia</span> <span class='ocrx_word' id='word_1_650' title='bbox 2231 1855 2373 1891; x_wconf 71' lang='lat' dir='ltr'>praece-</span> 
     </span>
     <span class='ocr_line' id='line_1_103' title="bbox 1259 1884 2375 1939; baseline 0.013 -18"><span class='ocrx_word' id='word_1_651' title='bbox 1259 1890 1365 1935; x_wconf 84' lang='lat' dir='ltr'>ptum</span> <span class='ocrx_word' id='word_1_652' title='bbox 1397 1884 1470 1923; x_wconf 82' lang='lat' dir='ltr'>Dei</span> <span class='ocrx_word' id='word_1_653' title='bbox 1501 1885 1676 1924; x_wconf 88' lang='lat' dir='ltr'>violando</span> <span class='ocrx_word' id='word_1_654' title='bbox 1705 1888 1836 1938; x_wconf 84' lang='lat' dir='ltr'>prima</span> <span class='ocrx_word' id='word_1_655' title='bbox 1867 1891 2064 1939; x_wconf 85' lang='lat' dir='ltr'>peccavit,</span> <span class='ocrx_word' id='word_1_656' title='bbox 2108 1892 2141 1927; x_wconf 75' lang='grc' dir='ltr'><strong>ἃ</strong></span> <span class='ocrx_word' id='word_1_657' title='bbox 2174 1894 2295 1934; x_wconf 82' lang='lat' dir='ltr'>Adam</span> <span class='ocrx_word' id='word_1_658' title='bbox 2325 1896 2375 1935; x_wconf 87' lang='lat' dir='ltr'>ad.</span> 
     </span>
     <span class='ocr_line' id='line_1_104' title="bbox 1257 1937 2373 1997; baseline 0.012 -23"><span class='ocrx_word' id='word_1_659' title='bbox 1257 1946 1456 1989; x_wconf 80' lang='lat' dir='ltr'>peccatum</span> <span class='ocrx_word' id='word_1_660' title='bbox 1485 1937 1730 1988; x_wconf 79' lang='lat' dir='ltr'>sollicitavit,</span> <span class='ocrx_word' id='word_1_661' title='bbox 1769 1942 1869 1979; x_wconf 90' lang='lat' dir='ltr'>unde</span> <span class='ocrx_word' id='word_1_662' title='bbox 1896 1955 2025 1981; x_wconf 85' lang='lat' dir='ltr'>omnes</span> <span class='ocrx_word' id='word_1_663' title='bbox 2055 1955 2295 1997; x_wconf 78' lang='lat' dir='ltr'>peccatores,</span> <span class='ocrx_word' id='word_1_664' title='bbox 2337 1951 2373 1988; x_wconf 72' lang='grc' dir='ltr'>δε</span> 
     </span>
     <span class='ocr_line' id='line_1_105' title="bbox 1255 1990 2374 2052; baseline 0.012 -24"><span class='ocrx_word' id='word_1_665' title='bbox 1255 1990 1432 2030; x_wconf 85' lang='lat' dir='ltr'>mortales</span> <span class='ocrx_word' id='word_1_666' title='bbox 1462 1991 1587 2030; x_wconf 82' lang='lat' dir='ltr'>effecti</span> <span class='ocrx_word' id='word_1_667' title='bbox 1615 2005 1769 2031; x_wconf 85' lang='lat' dir='ltr'>sumus:</span> <span class='ocrx_word' id='word_1_668' title='bbox 1800 2008 1872 2032; x_wconf 85' lang='lat' dir='ltr'>not-1</span> <span class='ocrx_word' id='word_1_669' title='bbox 1901 2005 2028 2034; x_wconf 88' lang='lat' dir='ltr'>autem</span> <span class='ocrx_word' id='word_1_670' title='bbox 2049 2000 2157 2049; x_wconf 74' lang='lat' dir='ltr'>quani</span> <span class='ocrx_word' id='word_1_671' title='bbox 2176 2001 2255 2052; x_wconf 77' lang='lat' dir='ltr'>ipsa</span> <span class='ocrx_word' id='word_1_672' title='bbox 2277 2003 2374 2040; x_wconf 85' lang='lat' dir='ltr'>fuis·</span> 
     </span>
     <span class='ocr_line' id='line_1_106' title="bbox 1255 2045 2364 2101; baseline 0.01 -19"><span class='ocrx_word' id='word_1_673' title='bbox 1255 2055 1308 2083; x_wconf 80' lang='lat' dir='ltr'>set</span> <span class='ocrx_word' id='word_1_674' title='bbox 1336 2047 1486 2097; x_wconf 85' lang='lat' dir='ltr'>generis</span> <span class='ocrx_word' id='word_1_675' title='bbox 1517 2045 1678 2084; x_wconf 88' lang='lat' dir='ltr'>humani</span> <span class='ocrx_word' id='word_1_676' title='bbox 1706 2056 1820 2099; x_wconf 86' lang='lat' dir='ltr'>caput</span> <span class='ocrx_word' id='word_1_677' title='bbox 1838 2078 1848 2095; x_wconf 96' lang='lat'>,</span> <span class='ocrx_word' id='word_1_678' title='bbox 1890 2050 1990 2100; x_wconf 86' lang='lat' dir='ltr'>quod</span> <span class='ocrx_word' id='word_1_679' title='bbox 2022 2062 2220 2101; x_wconf 87' lang='lat' dir='ltr'>peccatum</span> <span class='ocrx_word' id='word_1_680' title='bbox 2252 2055 2364 2093; x_wconf 71' lang='lat' dir='ltr'>intr·</span> 
     </span>
     <span class='ocr_line' id='line_1_107' title="bbox 1255 2098 2371 2155; baseline 0.01 -19"><span class='ocrx_word' id='word_1_681' title='bbox 1255 2101 1351 2137; x_wconf 86' lang='lat' dir='ltr'>verit</span> <span class='ocrx_word' id='word_1_682' title='bbox 1380 2102 1418 2137; x_wconf 87' lang='lat' dir='ltr'>in</span> <span class='ocrx_word' id='word_1_683' title='bbox 1447 2098 1549 2137; x_wconf 90' lang='lat' dir='ltr'>hunc</span> <span class='ocrx_word' id='word_1_684' title='bbox 1579 2099 1793 2148; x_wconf 67' lang='lat' dir='ltr'>mundum,</span> <span class='ocrx_word' id='word_1_685' title='bbox 1838 2099 1871 2135; x_wconf 83' lang='lat'>&amp;</span> <span class='ocrx_word' id='word_1_686' title='bbox 1903 2116 1970 2154; x_wconf 89' lang='lat' dir='ltr'>per</span> <span class='ocrx_word' id='word_1_687' title='bbox 2001 2115 2198 2155; x_wconf 86' lang='lat' dir='ltr'>peccatum</span> <span class='ocrx_word' id='word_1_688' title='bbox 2240 2122 2371 2148; x_wconf 86' lang='lat' dir='ltr'>mors.</span> 
     </span>
     <span class='ocr_line' id='line_1_108' title="bbox 1255 2151 2371 2213; baseline 0.01 -24"><span class='ocrx_word' id='word_1_689' title='bbox 1255 2151 1365 2190; x_wconf 87' lang='lat' dir='ltr'>Solus</span> <span class='ocrx_word' id='word_1_690' title='bbox 1394 2153 1498 2190; x_wconf 81' lang='lat' dir='ltr'>enim</span> <span class='ocrx_word' id='word_1_691' title='bbox 1518 2152 1638 2191; x_wconf 88' lang='lat' dir='ltr'>Adam</span> <span class='ocrx_word' id='word_1_692' title='bbox 1669 2152 1855 2204; x_wconf 81' lang='lat' dir='ltr'>justitiam</span> <span class='ocrx_word' id='word_1_693' title='bbox 1885 2169 1906 2191; x_wconf 88' lang='lat' dir='ltr'>a</span> <span class='ocrx_word' id='word_1_694' title='bbox 1925 2155 2005 2193; x_wconf 76' lang='lat' dir='ltr'>Deo</span> <span class='ocrx_word' id='word_1_695' title='bbox 2025 2170 2220 2211; x_wconf 83' lang='lat' dir='ltr'>acceperat</span> <span class='ocrx_word' id='word_1_696' title='bbox 2243 2163 2281 2200; x_wconf 90' lang='lat' dir='ltr'>in</span> <span class='ocrx_word' id='word_1_697' title='bbox 2304 2175 2371 2213; x_wconf 87' lang='lat' dir='ltr'>po·-</span> 
     </span>
     <span class='ocr_line' id='line_1_109' title="bbox 1256 2206 2372 2265; baseline 0.011 -23"><span class='ocrx_word' id='word_1_698' title='bbox 1256 2215 1369 2243; x_wconf 83' lang='lat' dir='ltr'>steros</span> <span class='ocrx_word' id='word_1_699' title='bbox 1398 2206 1697 2245; x_wconf 83' lang='lat' dir='ltr'>transferendam</span> <span class='ocrx_word' id='word_1_700' title='bbox 1716 2237 1727 2254; x_wconf 90' lang='lat'>,</span> <span class='ocrx_word' id='word_1_701' title='bbox 1758 2209 1826 2245; x_wconf 85' lang='lat' dir='ltr'>nisi</span> <span class='ocrx_word' id='word_1_702' title='bbox 1858 2222 1942 2246; x_wconf 82' lang='lat' dir='ltr'>eam</span> <span class='ocrx_word' id='word_1_703' title='bbox 1971 2224 2038 2248; x_wconf 86' lang='lat' dir='ltr'>sua</span> <span class='ocrx_word' id='word_1_704' title='bbox 2058 2213 2174 2265; x_wconf 83' lang='lat' dir='ltr'>culpa</span> <span class='ocrx_word' id='word_1_705' title='bbox 2204 2215 2372 2255; x_wconf 81' lang='lat' dir='ltr'>infelici·-</span> 
     </span>
     <span class='ocr_line' id='line_1_110' title="bbox 1253 2261 2372 2316; baseline 0.01 -19"><span class='ocrx_word' id='word_1_706' title='bbox 1253 2267 1309 2297; x_wconf 84' lang='lat' dir='ltr'>ter</span> <span class='ocrx_word' id='word_1_707' title='bbox 1337 2261 1547 2307; x_wconf 84' lang='lat' dir='ltr'>amisisset,</span> <span class='ocrx_word' id='word_1_708' title='bbox 1593 2269 1721 2313; x_wconf 88' lang='lat' dir='ltr'>utpote</span> <span class='ocrx_word' id='word_1_709' title='bbox 1750 2263 1818 2314; x_wconf 91' lang='lat' dir='ltr'>qui</span> <span class='ocrx_word' id='word_1_710' title='bbox 1847 2266 1997 2312; x_wconf 78' lang='lat' dir='ltr'>primus</span> <span class='ocrx_word' id='word_1_711' title='bbox 2014 2263 2227 2316; x_wconf 78' lang='lat' dir='ltr'>formatus</span> <span class='ocrx_word' id='word_1_712' title='bbox 2255 2278 2314 2306; x_wconf 83' lang='lat' dir='ltr'>est</span> <span class='ocrx_word' id='word_1_713' title='bbox 2342 2283 2372 2308; x_wconf 80' lang='lat' dir='ltr'><em>a</em></span> 
     </span>
     <span class='ocr_line' id='line_1_111' title="bbox 1254 2311 2370 2373; baseline 0.011 -23"><span class='ocrx_word' id='word_1_714' title='bbox 1254 2311 1342 2351; x_wconf 78' lang='lat' dir='ltr'>Deo</span> <span class='ocrx_word' id='word_1_715' title='bbox 1370 2322 1486 2363; x_wconf 83' lang='lat' dir='ltr'>pater</span> <span class='ocrx_word' id='word_1_716' title='bbox 1515 2312 1616 2351; x_wconf 75' lang='lat' dir='ltr'>orbis</span> <span class='ocrx_word' id='word_1_717' title='bbox 1645 2323 1871 2364; x_wconf 81' lang='lat' dir='ltr'>terrarum,</span> <span class='ocrx_word' id='word_1_718' title='bbox 1903 2325 1941 2354; x_wconf 85' lang='lat' dir='ltr'>ut</span> <span class='ocrx_word' id='word_1_719' title='bbox 1970 2317 2112 2358; x_wconf 88' lang='lat' dir='ltr'>dicitur</span> <span class='ocrx_word' id='word_1_720' title='bbox 2141 2321 2234 2373; x_wconf 86' lang='lat' dir='ltr'>Sap.</span> <span class='ocrx_word' id='word_1_721' title='bbox 2257 2322 2309 2361; x_wconf 88' lang='lat' dir='ltr'>X.</span> <span class='ocrx_word' id='word_1_722' title='bbox 2336 2336 2370 2363; x_wconf 83' lang='grc'>1.</span> 
     </span>
    </p>

    <p class='ocr_par' dir='ltr' id='par_1_20' title="bbox 1251 2367 2370 2793">
     <span class='ocr_line' id='line_1_112' title="bbox 1312 2367 2369 2416; baseline 0.01 -11"><span class='ocrx_word' id='word_1_723' title='bbox 1312 2380 1399 2406; x_wconf 86' lang='grc'><strong>120.</strong></span> <span class='ocrx_word' id='word_1_724' title='bbox 1429 2367 1575 2406; x_wconf 85' lang='lat' dir='ltr'>Eodem</span> <span class='ocrx_word' id='word_1_725' title='bbox 1610 2381 1718 2406; x_wconf 87' lang='lat' dir='ltr'>sensu</span> <span class='ocrx_word' id='word_1_726' title='bbox 1747 2368 1876 2407; x_wconf 87' lang='lat' dir='ltr'>Sancti</span> <span class='ocrx_word' id='word_1_727' title='bbox 1906 2367 2032 2410; x_wconf 77' lang='lat' dir='ltr'>Patres</span> <span class='ocrx_word' id='word_1_728' title='bbox 2075 2373 2135 2413; x_wconf 86' lang='lat' dir='ltr'>vel</span> <span class='ocrx_word' id='word_1_729' title='bbox 2161 2375 2261 2413; x_wconf 72' lang='lat' dir='ltr'>⁴Evae</span> <span class='ocrx_word' id='word_1_730' title='bbox 2297 2376 2369 2416; x_wconf 83' lang='lat' dir='ltr'>soli</span> 
     </span>
     <span class='ocr_line' id='line_1_113' title="bbox 1252 2419 2368 2474; baseline 0.009 -17"><span class='ocrx_word' id='word_1_731' title='bbox 1252 2419 1314 2461; x_wconf 81' lang='lat' dir='ltr'>vel</span> <span class='ocrx_word' id='word_1_732' title='bbox 1359 2421 1511 2472; x_wconf 84' lang='lat' dir='ltr'>utrique</span> <span class='ocrx_word' id='word_1_733' title='bbox 1553 2424 1810 2474; x_wconf 85' lang='lat' dir='ltr'>protoparenti</span> <span class='ocrx_word' id='word_1_734' title='bbox 1853 2433 2067 2465; x_wconf 86' lang='lat' dir='ltr'>nostrarum</span> <span class='ocrx_word' id='word_1_735' title='bbox 2105 2427 2368 2468; x_wconf 73' lang='lat' dir='ltr'>calamitatum</span> 
     </span>
     <span class='ocr_line' id='line_1_114' title="bbox 1253 2474 2368 2521; baseline 0.009 -11"><span class='ocrx_word' id='word_1_736' title='bbox 1253 2487 1409 2512; x_wconf 87' lang='lat' dir='ltr'>causam</span> <span class='ocrx_word' id='word_1_737' title='bbox 1437 2474 1673 2520; x_wconf 77' lang='lat' dir='ltr'>attribuunt5</span> <span class='ocrx_word' id='word_1_738' title='bbox 1705 2476 1804 2514; x_wconf 84' lang='lat' dir='ltr'>unde</span> <span class='ocrx_word' id='word_1_739' title='bbox 1833 2479 1948 2515; x_wconf 86' lang='lat' dir='ltr'>etiam</span> <span class='ocrx_word' id='word_1_740' title='bbox 1971 2478 2039 2518; x_wconf 91' lang='lat' dir='ltr'>illa</span> <span class='ocrx_word' id='word_1_741' title='bbox 2055 2482 2250 2520; x_wconf 81' lang='lat' dir='ltr'>antithesis</span> <span class='ocrx_word' id='word_1_742' title='bbox 2274 2483 2368 2521; x_wconf 70' lang='lat' dir='ltr'>inter</span> 
     </span>
     <span class='ocr_line' id='line_1_115' title="bbox 1252 2524 2366 2587; baseline 0.009 -26"><span class='ocrx_word' id='word_1_743' title='bbox 1252 2525 1403 2571; x_wconf 87' lang='lat' dir='ltr'>Evam,</span> <span class='ocrx_word' id='word_1_744' title='bbox 1433 2525 1467 2561; x_wconf 75' lang='lat'>8&lt;</span> <span class='ocrx_word' id='word_1_745' title='bbox 1498 2524 1668 2564; x_wconf 80' lang='lat' dir='ltr'>Mariam</span> <span class='ocrx_word' id='word_1_746' title='bbox 1697 2527 1922 2578; x_wconf 80' lang='lat' dir='ltr'>Virginem,</span> <span class='ocrx_word' id='word_1_747' title='bbox 1956 2545 2074 2581; x_wconf 83' lang='lat' dir='ltr'>quam</span> <span class='ocrx_word' id='word_1_748' title='bbox 2108 2535 2144 2571; x_wconf 90' lang='lat' dir='ltr'>in</span> <span class='ocrx_word' id='word_1_749' title='bbox 2175 2537 2253 2574; x_wconf 86' lang='lat' dir='ltr'>suis</span> <span class='ocrx_word' id='word_1_750' title='bbox 2283 2550 2366 2587; x_wconf 73' lang='lat' dir='ltr'>pre-</span> 
     </span>
     <span class='ocr_line' id='line_1_116' title="bbox 1252 2576 2366 2630; baseline 0.012 -17"><span class='ocrx_word' id='word_1_751' title='bbox 1252 2576 1362 2614; x_wconf 86' lang='lat' dir='ltr'>cibus</span> <span class='ocrx_word' id='word_1_752' title='bbox 1391 2578 1582 2627; x_wconf 86' lang='lat' dir='ltr'>adoptavit</span> <span class='ocrx_word' id='word_1_753' title='bbox 1610 2578 1810 2622; x_wconf 81' lang='lat' dir='ltr'>Ecclesia3</span> <span class='ocrx_word' id='word_1_754' title='bbox 1860 2590 1899 2615; x_wconf 90' lang='lat' dir='ltr'>ut</span> <span class='ocrx_word' id='word_1_755' title='bbox 1926 2585 2253 2630; x_wconf 80' lang='lat' dir='ltr'>quemadmodum</span> <span class='ocrx_word' id='word_1_756' title='bbox 2298 2589 2366 2626; x_wconf 77' lang='lat' dir='ltr'>illa</span> 
     </span>
     <span class='ocr_line' id='line_1_117' title="bbox 1251 2629 2370 2684; baseline 0.009 -18"><span class='ocrx_word' id='word_1_757' title='bbox 1251 2629 1362 2666; x_wconf 86' lang='lat' dir='ltr'>nobis</span> <span class='ocrx_word' id='word_1_758' title='bbox 1392 2639 1580 2676; x_wconf 84' lang='lat' dir='ltr'>mortem,</span> <span class='ocrx_word' id='word_1_759' title='bbox 1610 2631 1663 2666; x_wconf 85' lang='lat' dir='ltr'>sic</span> <span class='ocrx_word' id='word_1_760' title='bbox 1694 2631 1764 2667; x_wconf 88' lang='lat' dir='ltr'>ista</span> <span class='ocrx_word' id='word_1_761' title='bbox 1792 2630 1897 2668; x_wconf 77' lang='lat' dir='ltr'>nobis</span> <span class='ocrx_word' id='word_1_762' title='bbox 1923 2634 2038 2672; x_wconf 73' lang='lat' dir='ltr'>vitam</span> <span class='ocrx_word' id='word_1_763' title='bbox 2060 2636 2255 2677; x_wconf 76' lang='lat' dir='ltr'>attulerit.</span> <span class='ocrx_word' id='word_1_764' title='bbox 2295 2640 2370 2684; x_wconf 52' lang='lat' dir='ltr'>»Sic</span> 
     </span>
     <span class='ocr_line' id='line_1_118' title="bbox 1251 2681 2366 2742; baseline 0.012 -23"><span class='ocrx_word' id='word_1_765' title='bbox 1251 2681 1293 2720; x_wconf 84' lang='lat' dir='ltr'>S.</span> <span class='ocrx_word' id='word_1_766' title='bbox 1325 2683 1558 2733; x_wconf 82' lang='lat' dir='ltr'>Augustinus</span> <span class='ocrx_word' id='word_1_767' title='bbox 1594 2681 1684 2720; x_wconf 87' lang='lat' dir='ltr'>Lib.</span> <span class='ocrx_word' id='word_1_768' title='bbox 1715 2683 1764 2722; x_wconf 90' lang='lat' dir='ltr'>ll.</span> <span class='ocrx_word' id='word_1_769' title='bbox 1800 2682 1855 2733; x_wconf 16' lang='lat' dir='ltr'>,de</span> <span class='ocrx_word' id='word_1_770' title='bbox 1885 2683 2074 2736; x_wconf 63' lang='lat' dir='ltr'>ojrmbo&#39;o</span> <span class='ocrx_word' id='word_1_771' title='bbox 2110 2703 2194 2742; x_wconf 77' lang='lat' dir='ltr'>cap.</span> <span class='ocrx_word' id='word_1_772' title='bbox 2225 2692 2264 2737; x_wconf 72' lang='grc'>4.</span> <span class='ocrx_word' id='word_1_773' title='bbox 2308 2695 2366 2732; x_wconf 87' lang='lat' dir='ltr'>in·</span> 
     </span>
     <span class='ocr_line' id='line_1_119' title="bbox 1251 2735 2366 2793; baseline 0.012 -20"><span class='ocrx_word' id='word_1_774' title='bbox 1251 2737 1362 2786; x_wconf 85' lang='lat' dir='ltr'>quit:</span> <span class='ocrx_word' id='word_1_775' title='bbox 1407 2748 1475 2786; x_wconf 84' lang='lat' dir='ltr'>per</span> <span class='ocrx_word' id='word_1_776' title='bbox 1493 2735 1707 2788; x_wconf 80' lang='lat' dir='ltr'>feminam</span> <span class='ocrx_word' id='word_1_777' title='bbox 1737 2749 1868 2786; x_wconf 81' lang='lat' dir='ltr'>mors,</span> <span class='ocrx_word' id='word_1_778' title='bbox 1913 2752 1984 2790; x_wconf 81' lang='lat' dir='ltr'>per</span> <span class='ocrx_word' id='word_1_779' title='bbox 2013 2741 2228 2793; x_wconf 69' lang='lat' dir='ltr'>jeminum</span> <span class='ocrx_word' id='word_1_780' title='bbox 2256 2750 2366 2786; x_wconf 69' lang='lat' dir='ltr'>vita:</span> 
     </span>
    </p>

    <p class='ocr_par' dir='ltr' id='par_1_21' title="bbox 2246 2811 2316 2853">
     <span class='ocr_line' id='line_1_120' title="bbox 2246 2811 2316 2853; baseline 0 -13"><span class='ocrx_word' id='word_1_781' title='bbox 2246 2811 2316 2853; x_wconf 83' lang='lat' dir='ltr'>per</span> 
     </span>
    </p>
   </div>
   <div class='ocr_carea' id='block_1_15' title="bbox 1245 2905 2363 3321">
    <p class='ocr_par' dir='ltr' id='par_1_22' title="bbox 1245 2905 2363 3321">
     <span class='ocr_line' id='line_1_121' title="bbox 1248 2905 2362 2952; baseline 0.008 -11"><span class='ocrx_word' id='word_1_782' title='bbox 1248 2907 1319 2941; x_wconf 83' lang='lat' dir='ltr'>lam</span> <span class='ocrx_word' id='word_1_783' title='bbox 1346 2905 1477 2952; x_wconf 78' lang='lat' dir='ltr'>Synmli</span> <span class='ocrx_word' id='word_1_784' title='bbox 1505 2906 1665 2942; x_wconf 85' lang='lat' dir='ltr'>Trident.</span> <span class='ocrx_word' id='word_1_785' title='bbox 1691 2908 1886 2942; x_wconf 63' lang='lat' dir='ltr'>clausulam</span> <span class='ocrx_word' id='word_1_786' title='bbox 1914 2909 2006 2944; x_wconf 74' lang='lat' dir='ltr'>sess.</span> <span class='ocrx_word' id='word_1_787' title='bbox 2026 2911 2069 2946; x_wconf 86' lang='lat' dir='ltr'>V.</span> <span class='ocrx_word' id='word_1_788' title='bbox 2091 2911 2270 2949; x_wconf 67' lang='lat' dir='ltr'>&#39;Declarut</span> <span class='ocrx_word' id='word_1_789' title='bbox 2294 2917 2362 2951; x_wconf 52' lang='grc' dir='ltr'>ἧκε</span> 
     </span>
     <span class='ocr_line' id='line_1_122' title="bbox 1247 2956 2363 3007; baseline 0.007 -20"><span class='ocrx_word' id='word_1_790' title='bbox 1247 2957 1323 2998; x_wconf 77' lang='lat' dir='ltr'>ipsa</span> <span class='ocrx_word' id='word_1_791' title='bbox 1350 2957 1391 2987; x_wconf 83' lang='lat' dir='ltr'>S.</span> <span class='ocrx_word' id='word_1_792' title='bbox 1419 2956 1588 2999; x_wconf 63' lang='lat' dir='ltr'>Srnodns</span> <span class='ocrx_word' id='word_1_793' title='bbox 1608 2978 1618 2995; x_wconf 84' lang='lat'>,</span> <span class='ocrx_word' id='word_1_794' title='bbox 1646 2967 1711 2987; x_wconf 85' lang='lat' dir='ltr'>non</span> <span class='ocrx_word' id='word_1_795' title='bbox 1736 2968 1814 2988; x_wconf 78' lang='lat' dir='ltr'>esse</span> <span class='ocrx_word' id='word_1_796' title='bbox 1841 2968 1904 2988; x_wconf 77' lang='lat' dir='ltr'>snae</span> <span class='ocrx_word' id='word_1_797' title='bbox 1922 2961 2124 2992; x_wconf 74' lang='lat' dir='ltr'>intentionis</span> <span class='ocrx_word' id='word_1_798' title='bbox 2143 2963 2363 3007; x_wconf 67' lang='lat' dir='ltr'>corrupi-ehen-</span> 
     </span>
     <span class='ocr_line' id='line_1_123' title="bbox 1245 3002 2363 3053; baseline 0.008 -20"><span class='ocrx_word' id='word_1_799' title='bbox 1245 3003 1329 3034; x_wconf 79' lang='lat' dir='ltr'>dere</span> <span class='ocrx_word' id='word_1_800' title='bbox 1355 3005 1389 3035; x_wconf 85' lang='lat' dir='ltr'>in</span> <span class='ocrx_word' id='word_1_801' title='bbox 1417 3002 1480 3035; x_wconf 86' lang='lat' dir='ltr'>hoc</span> <span class='ocrx_word' id='word_1_802' title='bbox 1505 3004 1643 3034; x_wconf 70' lang='lat' dir='ltr'>‹lecroeo</span> <span class='ocrx_word' id='word_1_803' title='bbox 1659 3023 1669 3041; x_wconf 94' lang='lat'><em>‚</em></span> <span class='ocrx_word' id='word_1_804' title='bbox 1712 3003 1764 3033; x_wconf 66' lang='lat' dir='ltr'>ubi</span> <span class='ocrx_word' id='word_1_805' title='bbox 1790 3003 1834 3035; x_wconf 72' lang='lat' dir='ltr'>cte</span> <span class='ocrx_word' id='word_1_806' title='bbox 1857 3013 2000 3046; x_wconf 80' lang='lat' dir='ltr'>peceato</span> <span class='ocrx_word' id='word_1_807' title='bbox 2035 3009 2200 3051; x_wconf 77' lang='lat' dir='ltr'>originali</span> <span class='ocrx_word' id='word_1_808' title='bbox 2225 3013 2363 3053; x_wconf 76' lang='lat' dir='ltr'>agitur,</span> 
     </span>
     <span class='ocr_line' id='line_1_124' title="bbox 1246 3049 2362 3093; baseline 0.007 -12"><span class='ocrx_word' id='word_1_809' title='bbox 1246 3049 1376 3081; x_wconf 69' lang='lat' dir='ltr'>beatum</span> <span class='ocrx_word' id='word_1_810' title='bbox 1396 3069 1407 3088; x_wconf 91' lang='lat'>‚</span> <span class='ocrx_word' id='word_1_811' title='bbox 1432 3053 1473 3080; x_wconf 64' lang='grc' dir='ltr'><em>Θ</em></span> <span class='ocrx_word' id='word_1_812' title='bbox 1500 3051 1742 3080; x_wconf 62' lang='lat' dir='ltr'>inmmmlaet‘nm</span> <span class='ocrx_word' id='word_1_813' title='bbox 1769 3052 1932 3091; x_wconf 73' lang='lat' dir='ltr'>virginem</span> <span class='ocrx_word' id='word_1_814' title='bbox 1954 3050 2106 3086; x_wconf 75' lang='lat' dir='ltr'>Mariam</span> <span class='ocrx_word' id='word_1_815' title='bbox 2121 3075 2131 3093; x_wconf 92' lang='lat'>‚</span> <span class='ocrx_word' id='word_1_816' title='bbox 2158 3054 2229 3087; x_wconf 72' lang='lat' dir='ltr'>Dei</span> <span class='ocrx_word' id='word_1_817' title='bbox 2250 3056 2362 3089; x_wconf 82' lang='lat' dir='ltr'>Geni-</span> 
     </span>
     <span class='ocr_line' id='line_1_125' title="bbox 1246 3095 2359 3140; baseline 0.01 -15"><span class='ocrx_word' id='word_1_818' title='bbox 1246 3099 1392 3133; x_wconf 79' lang='lat' dir='ltr'>tricem‚</span> <span class='ocrx_word' id='word_1_819' title='bbox 1436 3095 1497 3126; x_wconf 79' lang='lat' dir='ltr'>sed</span> <span class='ocrx_word' id='word_1_820' title='bbox 1522 3096 1748 3127; x_wconf 56' lang='lat' dir='ltr'>observandas</span> <span class='ocrx_word' id='word_1_821' title='bbox 1785 3108 1864 3129; x_wconf 80' lang='lat' dir='ltr'>esse</span> <span class='ocrx_word' id='word_1_822' title='bbox 1899 3102 2163 3139; x_wconf 59' lang='lat' dir='ltr'>constitutiones</span> <span class='ocrx_word' id='word_1_823' title='bbox 2201 3102 2263 3140; x_wconf 72' lang='lat' dir='ltr'>fel.</span> <span class='ocrx_word' id='word_1_824' title='bbox 2292 3115 2359 3136; x_wconf 77' lang='lat' dir='ltr'>rec·</span> 
     </span>
     <span class='ocr_line' id='line_1_126' title="bbox 1246 3137 2363 3184; baseline 0.008 -13"><span class='ocrx_word' id='word_1_825' title='bbox 1246 3137 1359 3181; x_wconf 76' lang='lat' dir='ltr'>erti</span> <span class='ocrx_word' id='word_1_826' title='bbox 1386 3139 1478 3182; x_wconf 70' lang='lat' dir='ltr'>Pnpae</span> <span class='ocrx_word' id='word_1_827' title='bbox 1498 3139 1557 3171; x_wconf 89' lang='lat' dir='ltr'>IV.</span> <span class='ocrx_word' id='word_1_828' title='bbox 1573 3162 1584 3180; x_wconf 89' lang='lat'>,</span> <span class='ocrx_word' id='word_1_829' title='bbox 1612 3141 1668 3173; x_wconf 82' lang='lat' dir='ltr'>sub</span> <span class='ocrx_word' id='word_1_830' title='bbox 1684 3146 1797 3184; x_wconf 80' lang='lat' dir='ltr'>poem&#39;s</span> <span class='ocrx_word' id='word_1_831' title='bbox 1825 3144 1856 3174; x_wconf 78' lang='lat' dir='ltr'>in</span> <span class='ocrx_word' id='word_1_832' title='bbox 1882 3147 1935 3176; x_wconf 84' lang='lat' dir='ltr'>eis</span> <span class='ocrx_word' id='word_1_833' title='bbox 1955 3139 2264 3181; x_wconf 67' lang='lat' dir='ltr'>Constitutioni&#39;bus</span> <span class='ocrx_word' id='word_1_834' title='bbox 2283 3160 2363 3182; x_wconf 66' lang='lat' dir='ltr'>coa-</span> 
     </span>
     <span class='ocr_line' id='line_1_127' title="bbox 1245 3189 2357 3240; baseline 0.004 -20"><span class='ocrx_word' id='word_1_835' title='bbox 1245 3191 1375 3224; x_wconf 79' lang='lat' dir='ltr'>tentt&#39;s,</span> <span class='ocrx_word' id='word_1_836' title='bbox 1418 3199 1497 3229; x_wconf 59' lang='lat' dir='ltr'>&#39;suas</span> <span class='ocrx_word' id='word_1_837' title='bbox 1524 3191 1659 3220; x_wconf 67' lang='lat' dir='ltr'>innovat</span> <span class='ocrx_word' id='word_1_838' title='bbox 1678 3210 1686 3218; x_wconf 95' lang='lat'>.</span> <span class='ocrx_word' id='word_1_839' title='bbox 1731 3189 1781 3221; x_wconf 86' lang='lat' dir='ltr'>De.</span> <span class='ocrx_word' id='word_1_840' title='bbox 1807 3201 1875 3232; x_wconf 83' lang='lat' dir='ltr'>qua</span> <span class='ocrx_word' id='word_1_841' title='bbox 1903 3190 2060 3226; x_wconf 82' lang='lat' dir='ltr'>clausula</span> <span class='ocrx_word' id='word_1_842' title='bbox 2097 3193 2206 3227; x_wconf 80' lang='lat' dir='ltr'>videri</span> <span class='ocrx_word' id='word_1_843' title='bbox 2245 3201 2357 3240; x_wconf 67' lang='lat' dir='ltr'>potest</span> 
     </span>
     <span class='ocr_line' id='line_1_128' title="bbox 1247 3231 2360 3277; baseline 0.009 -13"><span class='ocrx_word' id='word_1_844' title='bbox 1247 3232 1328 3265; x_wconf 80' lang='lat' dir='ltr'>Nat.</span> <span class='ocrx_word' id='word_1_845' title='bbox 1356 3231 1554 3267; x_wconf 69' lang='lat' dir='ltr'>Alexander</span> <span class='ocrx_word' id='word_1_846' title='bbox 1578 3234 1615 3267; x_wconf 82' lang='lat' dir='ltr'>in</span> <span class='ocrx_word' id='word_1_847' title='bbox 1639 3233 1738 3269; x_wconf 61' lang='lat' dir='ltr'>Huc.</span> <span class='ocrx_word' id='word_1_848' title='bbox 1765 3233 1907 3271; x_wconf 84' lang='lat' dir='ltr'>Eccles.</span> <span class='ocrx_word' id='word_1_849' title='bbox 1933 3237 2007 3273; x_wconf 89' lang='lat' dir='ltr'>Sec.</span> <span class='ocrx_word' id='word_1_850' title='bbox 2023 3240 2067 3274; x_wconf 83' lang='lat' dir='ltr'>ll.</span> <span class='ocrx_word' id='word_1_851' title='bbox 2092 3240 2242 3277; x_wconf 85' lang='lat' dir='ltr'>Dissert.</span> <span class='ocrx_word' id='word_1_852' title='bbox 2259 3240 2360 3275; x_wconf 71' lang='lat' dir='ltr'>XX!-</span> 
     </span>
     <span class='ocr_line' id='line_1_129' title="bbox 1249 3281 1362 3321; baseline -0.009 -10"><span class='ocrx_word' id='word_1_853' title='bbox 1249 3281 1280 3321; x_wconf 58' lang='grc' dir='ltr'><strong>Φ.</strong></span> <span class='ocrx_word' id='word_1_854' title='bbox 1308 3289 1362 3312; x_wconf 76' lang='lat'>21.</span> 
     </span>
    </p>
   </div>
   <div class='ocr_carea' id='block_1_16' title="bbox 1703 3364 1755 3415">
    <p class='ocr_par' dir='ltr' id='par_1_23' title="bbox 1703 3364 1755 3415">
     <span class='ocr_line' id='line_1_130' title="bbox 1703 3364 1755 3415; baseline 0.038 -2"><span class='ocrx_word' id='word_1_855' title='bbox 1703 3364 1755 3415; x_wconf 77' lang='grc'>23</span> 
     </span>
    </p>
   </div>
  </div>
 </body>
</html>
