2583 3685
228 136 309 176 128

160 217 284 253 pinnis
307 212 398 262 jure
427 204 653 254 intelligitur
681 203 866 250 imposita
881 205 1103 250 peccatori,
1133 202 1178 238 de
1200 215 1259 237 ea-

160 267 246 304 dem
276 263 448 301 servitute
476 258 599 293 stricte
628 263 751 291 sumta
771 263 829 290 ·est
860 253 1142 304 intelligendus,
1174 266 1260 304 pro-

159 329 200 355 ut
228 316 369 353 scilicet
399 310 554 347 servitus
584 316 634 344 est
664 306 944 353 involuntaria,
974 315 1127 353 coacta,
1158 307 1190 342 δε
1219 320 1259 342 0-

159 371 288 411 1110303
318 364 350 399 8(
380 376 467 414 quae
497 371 693 413 propterea
724 373 796 397 11011
820 368 1054 410 potestesse,
1084 360 1260 409 111311100-

156 420 228 459 cati
259 431 374 469 poena
394 442 403 453 .
442 414 552 452 Unde
584 414 723 451 ibidem
755 411 913 464 pulchre
943 412 1104 463 explicat
1134 415 1259 463 ipsum

158 469 388 512 vocabulum
417 468 604 505 servitutis
622 498 631 514 ,
654 467 861 517 inquiens:
892 494 917 512 „
938 465 1062 515 ‘Origo
1083 464 1260 502 vocabuli

160 555 185 574 „
213 536 412 562 servorum
444 523 482 558 in
512 520 628 557 latina
658 520 786 567 lingua
817 517 901 555 inde
930 517 1095 554 creditur
1123 519 1260 565 ducta,

159 607 186 627 „
216 577 316 628 quod
346 575 410 622 hi,
440 574 506 625 qui
537 573 620 623 jure
651 572 742 610 belli
773 579 917 623 possent
945 570 1067 607 occidi
1097 584 1118 607 a
1147 572 1262 608 victo-

159 661 186 679 „
216 629 323 666 ribus
351 642 440 665 cum
469 625 747 674 servabantur,
794 627 893 661 seruc*
923 622 1064 660 fiebant
1082 653 1092 671 ,
1132 636 1153 659 a
1181 636 1261 660 ser-

160 712 186 731 „
215 680 344 720 vando
372 678 553 732 appellati

218 734 303 774 156.
333 734 407 773 Sed
435 746 503 771 cur
532 732 635 769 Deus
679 730 792 781 hujus
834 729 988 780 imperii
1031 728 1195 766 hominis
1223 729 1265 766 in

159 789 353 826 hominem
385 785 532 824 nullam
561 786 791 822 mentionem
822 784 937 830 fecit,
984 781 1018 818 &
1047 781 1170 820 solum
1198 781 1264 818 ho-

159 843 257 879 mini
287 840 467 879 concessit
495 839 703 891 imperium
734 838 772 874 in
801 836 913 873 bruta
941 834 1150 886 animalia?
1194 834 1265 871 Re-

160 895 346 946 spondeo,
396 892 492 930 hanc
522 893 616 929 iuter
646 891 738 928 alias
767 888 894 926 afferri
938 901 1042 940 posse
1073 887 1187 939 hujus
1215 889 1265 925 si-

162 948 268 986 lentii
298 960 449 985 causam
467 975 479 994 ,
508 946 598 997 quia
628 943 841 982 dominium
872 941 1114 980 inanimalia
1144 941 1267 978 homi-

159 1003 200 1038 ni
230 1001 409 1052 competit
439 1007 590 1051 propter
619 998 803 1035 rationem
825 1026 835 1043 ,
872 1009 948 1046 qua
977 995 1157 1046 praeditus
1187 1003 1265 1040 est,

161 1054 194 1090 St
223 1068 299 1106 qua
329 1054 428 1091 novit
456 1050 642 1090 animalia
669 1050 823 1087 domare
840 1078 851 1096 ‚
892 1062 1034 1100 suoque
1064 1047 1152 1098 jugo
1179 1047 1267 1083 sub-

160 1106 299 1158 jicere3
348 1106 380 1141 8<
410 1114 607 1159 propterea
635 1103 705 1141 1100
748 1102 959 1140 dominium
998 1114 1201 1138 commune
1229 1111 1268 1133 o-

160 1161 318 1199 mnibus
347 1168 418 1205 est3
446 1166 573 1196 contra
602 1170 690 1196 vero
713 1156 933 1208 'imperium'
958 1155 996 1191 in
1026 1154 1119 1191 alios
1148 1151 1269 1188 homi-

162 1228 225 1251 nes
254 1213 401 1251 nonnisi
431 1212 563 1263 paucis
604 1209 807 1249 convenire
850 1216 1019 1259 poterat,
1061 1206 1099 1242 ἃ
1138 1205 1184 1241 113
1212 1217 1267 1240 30-

163 1268 243 1304 lum
262 1296 272 1315 ‚
315 1266 383 1317 qui
414 1264 643 1316 prudentia,
691 1262 726 1299 8:
753 1262 909 1299 scientia
939 1259 1032 1296 alios
1072 1256 1269 1308 praece-lle-

162 1328 266 1358 rent.
295 1318 344 1355 Et
373 1317 528 1354 ulterius
557 1318 603 1353 iis
632 1329 704 1352 non
733 1320 959 1363 competeret
992 1318 1141 1361 propter
1162 1323 1270 1346 suam

164 1375 334 1424 ipsorum
367 1370 566 1407 utilitatem
584 1398 594 1416 ,
625 1367 687 1405 sed
712 1373 869 1418 'propter
898 1364 1041 1402 bouum
1070 1376 1272 1401 commune

159 1426 372 1463 societatis.

224 1477 312 1529 157.
341 1476 415 1514 Sed
443 1476 536 1528 quid
561 1475 611 1513 de
648 1472 882 1525 subjectione
924 1471 1098 1510 mulieris
1138 1471 1183 1510 ad
1215 1470 1271 1509 vi-

163 1545 277 1579 rum,
321 1543 409 1582 quae
439 1530 588 1567 nonnisi
618 1541 662 1566 ex
693 1537 845 1580 peccato
873 1535 954 1564 orta
993 1539 1068 1562 esse
1097 1526 1270 1570 videtur,

163 1599 253 1622 cum
283 1597 419 1635 nempe
448 1583 552 1620 Deus
580 1582 675 1620 dixit
704 1580 881 1618 mulieri:
910 1577 977 1616 sub
1006 1581 1074 1615 riri
1103 1585 1272 1626 potesta-

163 1647 202 1676 te
230 1641 333 1685 eris,
375 1637 424 1676 (9⁶
454 1639 534 1685 ipse
563 1633 829 1672 dominabitur
865 1635 921 1668 tui
949 1632 1046 1667 Gen.
1073 1628 1176 1666 .111.?
1225 1627 1273 1665 At

163 1705 253 1731 vero
282 1689 534 1741 proculdubio
562 1686 703 1723 mulier
741 1687 855 1722 etiam
885 1684 924 1720 in
968 1692 1061 1720 statu
1092 1681 1272 1718 innocen-

163 1745 227 1782 tiae
258 1745 340 1780 viro
364 1740 538 1791 >subjecta
567 1753 643 1776 esse
671 1738 883 1781 debtiisset3
914 1736 952 1773 id
973 1737 1076 1772 enim
1097 1735 1187 1771 ordo
1207 1745 1273 1784 po-

165 1795 349 1839 stulabat3
374 1793 441 1831 »sed
471 1792 540 1830 illa
568 1790 753 1842 subjectio
775 1790 902 1828 fuisset
922 1787 1158 1834 voluntaria,
1189 1800 1273 1824 sua-

166 1850 250 1898 vis,
280 1848 314 1884 δε
343 1846 532 1899 J'ucuuda,
562 1858 685 1896 neque
716 1843 922 1881 verendum
946 1850 1022 1879 erat
1052 1849 1115 1878 aut
1145 1841 1273 1878 virum

165 1916 234 1942 sua
248 1908 423 1953 potestate
450 1898 660 1936 abusurum
677 1927 687 1945 ,
718 1906 758 1934 ut
789 1894 1003 1934 molestiam
1039 1894 1272 1931 01101101οἂ-

166 1965 243 2002 ret,
273 1963 336 1991 aut
365 1951 569 1990 mulierem
598 1950 881 2001 immorigeram
899 1978 909 1996 ,
940 1947 973 1984 8(
1002 1947 1169 1985 odiosam
1191 1947 1273 1984 viro

167 2010 334 2047 futuram
358 2020 368 2051 3
416 2004 518 2057 quod
548 2011 752 2054 utrumque
781 2002 894 2040 modo
922 2001 963 2038 in
1005 2009 1100 2037 statu
1131 2008 1273 2037 naturae

167 2069 356 2112 corruptae
387 2057 489 2096 haud
519 2069 603 2094 raro
631 2057 845 2105 contingere
873 2054 1066 2100 dolemus,
1097 2054 1187 2104 quia
1215 2065 1275 2090 ra-

168 2116 218 2153 tio
246 2127 346 2166 saepe
375 2127 398 2150 a
426 2109 635 2149 rebellibus
665 2108 901 2160 passionibus
930 2106 1205 2154 obnubilatur,
1241 2105 1275 2142 &

172 2169 368 2207 vincitur..

227 2220 315 2259 158.
345 2221 504 2267 Quaeres
551 2220 683 2270 quinto
727 2217 917 2270 quomodo
945 2220 985 2253 in
1029 2224 1135 2253 stam
1165 2217 1276 2251 inno-

170 2277 312 2311 centtce
338 2286 462 2325 genus
491 2270 710 2308 humanum
738 2279 1004 2321 propagatum
1022 2266 1213 2321 fuisset?

233 2326 319 2378 159.
350 2325 553 2377 Propagari
581 2324 752 2361 debuisse
782 2323 991 2361 humanam
1013 2324 1178 2372 speciem
1208 2320 1278 2358 du-

173 2379 287 2418 bitari
316 2393 390 2416 11011
421 2385 570 2430 potest,
606 2391 696 2415 cum
724 2377 826 2414 Deus
857 2373 1183 2428 protoparentibus
1210 2386 1278 2410 no-

173 2434 257 2472 stris
278 2431 399 2470 adhuc
416 2431 682 2469 innocentibus
702 2430 855 2467 dixerit:
888 2428 1078 2475 Crescite,
1109 2427 1157 2466 (θ’
1179 2426 1277 2462 mul-

173 2487 409 2537 tiplicamini
430 2515 441 2533 ,
470 2485 519 2525 ἶς’
549 2484 692 2533 replete
719 2491 896 2520 terram.
927 2482 999 2520 Sed
1029 2480 1191 2518 dubium
1212 2493 1279 2516 na-

172 2549 253 2578 tum
282 2548 333 2577 est
351 2569 361 2587 ,
410 2539 535 2588 primo
563 2550 609 2573 an
638 2536 722 2572 haec
765 2534 966 2572 hominum
1009 2531 1280 2583 multiplicatio

173 2594 284 2631 etiam
317 2593 354 2628 in
385 2598 478 2628 statu
508 2597 653 2626 naturae
682 2588 888 2625 innocentis
909 2586 1036 2624 locum
1068 2585 1279 2631 habuisset,

172 2648 212 2685 in
241 2658 317 2697 quo
342 2643 517 2681 ’homines
547 2642 720 2679 morituri
764 2654 838 2678 non
864 2649 973 2677 erant
992 2670 1003 2687 ,
1051 2648 1089 2676 01
1120 2638 1280 2689 proinde

174 2711 317 2737 necesse
345 2698 507 2735 minime
536 2703 648 2742 esset,
678 2693 769 2731 alios
799 2703 978 2744 perpetuo
999 2694 1102 2744 gigni
1123 2692 1169 2728 ad
1190 2704 1280 2728 con-

176 2751 402 2790 servandum
439 2749 651 2787 humanum
679 2745 824 2799 genus?
871 2746 1074 2792 Secundo,
1119 2757 1166 2780 an
1195 2742 1280 2780 haec

179 2803 377 2841 hominurn
407 2802 678 2854 multiplicatio
706 2812 774 2851 per
801 2799 1082 2848 generationem
1113 2796 1197 2833 fieri
1216 2795 1281 2831 de-

180 2856 344 2901 buisset,
374 2871 420 2893 an
450 2869 539 2894 vero
568 2852 755 2908 peculiari
784 2850 913 2903 aliquo
942 2850 1073 2896 modo,
1121 2849 1188 2898 qui
1218 2859 1281 2884 ex-

182 2907 317 2959 plicari
349 2908 535 2957 nequeat?
585 2908 693 2945 Ratio
721 2914 848 2942 autem
886 2902 1042 2954 negandi
1081 2900 1281 2938 hominum

183 2959 538 3010 multiplicationem
569 2975 634 3010 per
661 2960 943 3010 generationem
976 2953 1169 2993 carnalem
1197 2952 1282 2989 haec

185 3022 289 3059 erat,
318 3013 410 3063 quia
440 3012 600 3049 carnalis
629 3012 848 3049 commixtio
867 3009 1013 3062 aliquid
1032 3007 1256 3044 obscoenum
1274 3033 1285 3052 ,

185 3076 296 3118 atque
327 3066 547 3101 innocentiae
577 3064 768 3116 originalis
797 3064 906 3102 statui
949 3062 1144 3112 indignum
1182 3057 1289 3096 exhi-

184 3120 276 3159 bere
307 3117 504 3155 videbatur
522 3143 532 3154 .

244 3171 333 3216 140.
364 3170 403 3207 S.
434 3170 637 3220 Gregorius
666 3170 861 3222 Nyssenus
891 3171 928 3207 111
958 3167 1047 3207 Lib.
1090 3165 1138 3203 de
1169 3162 1290 3217 Opifi-

189 3228 249 3263 cio
279 3224 447 3261 hominis
477 3236 560 3272 cap·
596 3236 654 3273 17.
684 3224 830 3274 aliquos
861 3223 974 3259 fuisse
990 3228 1196 3267 memorat,
1225 3217 1292 3268 qui

190 3277 335 3316 nullam
366 3275 548 3327 putabant
576 3273 773 3312 hominum
809 3274 1162 3325 multiplicationem
1193 3272 1295 3308 futu·

192 3344 277 3370 ram
306 3330 443 3377 faisse,
471 3328 543 3367 nisi
572 3340 639 3378 per
667 3335 865 3377 peccatum
896 3355 922 3374 „
941 3327 1085 3364 donum
1105 3323 1203 3362 illud
1221 3325 1296 3362 im·-

582 682 607 700 ἐς

619 705 629 717 ο

791 119 1192 165 DISSER‘I'ATIO
1215 119 1294 163 ΙΙΙ.

1327 114 1551 160 SECT.1.
1584 117 1710 159 CAP.
1744 114 1800 159 V.

1327 226 1352 245 „
1382 193 1618 232 mortalitatis
1647 197 1686 231 in
1717 194 1979 233 mortalitatem
2009 200 2282 232 commutatum
2313 201 2431 244 esset,

1328 279 1353 298 „
1381 262 1424 285 ac
1455 260 1520 298 per
1550 245 1772 296 conjugium
1815 248 1974 285 excitata
2015 250 2206 299 posteritas
2250 261 2317 299 pro
2359 248 2431 285 mi-

1327 332 1353 351 „
1381 300 1572 353 grantibus
1602 299 1647 337 de
1678 298 1746 336 hac
1776 301 1854 337 vita
1881 300 2120 337 substitueret
2148 300 2266 349 alios,
2296 301 2329 336 ὅ(
2360 300 2430 338 hac

1329 386 1354 404 „
1384 356 1524 392 ratione
1552 362 1726 390 naturam
1757 362 2011 398 conservaret3
2040 353 2207 405 adeoque
2237 361 2437 405 peccatum

1329 438 1354 458 „
1384 406 1663 460 quodammodo
1692 404 1890 442 hominum
1929 407 2015 443 vitae
2059 408 2173 444 etiam
2220 407 2318 444 hono
2360 419 2437 444 esse

1330 491 1356 510 „
1388 461 1507 498 videri
1537 472 1661 510 posse.
1691 457 1788 495 Nam
1818 471 1936 509 genus
1965 458 2174 496 humanum
2203 472 2317 510 supra
2345 460 2438 497 duo-

1331 544 1356 562 „
1387 527 1471 550 rum
1503 525 1702 549 numerum
1720 541 1730 558 ,
1759 512 1827 561 qui
1848 512 1964 563 primi
1981 512 2135 548 extitere
2152 540 2163 558 ,
2192 520 2347 549 auctum
2364 524 2438 549 non

1332 596 1356 615 „
1387 567 1541 612 fuisset,
1570 566 1643 604 nisi
1675 565 1804 601 mortis
1833 571 1953 600 metus
1981 571 2183 610 naturam,
2216 572 2253 601 ut
2281 565 2326 602 de
2354 578 2439 602 suc-

1332 649 1358 667 „
1387 620 1550 656 cessione
1582 625 1760 669 perpetuo
1788 617 1986 667 cogitaret,
2012 616 2261 667 :permovisset
2289 619 2338 654 “1
2366 618 2440 655 Cui

1329 681 1454 710 tamen
1484 672 1674 709 sententiae
1705 670 1744 707 S.
1775 670 1979 721 Gregorius
2004 681 2084 706 -non
2111 669 2268 706 omniuo
2288 671 2439 721 acquie-

1332 726 1412 772 vit,
1456 725 1517 762 sed
1549 726 1669 775 potius
1706 737 1743 760 se
1772 724 1979 773 ancipitem
2020 722 2208 768 ostendit,
2256 720 2445 759 subdens:

1334 808 1360 827 „
1389 778 1578 829 Equidem
1611 777 1680 815 hac
1710 777 1823 814 etiam
1855 778 1892 813 in
1922 784 2024 826 parte
2045 783 2188 822 statue,
2219 774 2445 822 veritatem,

1334 860 1360 879 „
1390 844 1647 882 quaecumque
1675 830 1823 867 taudem
1855 830 1926 876 sit,
1957 829 2002 865 iis
2031 827 2282 874 solisnotam,
2311 826 2446 878 &per-

1335 913 1361 931 „
1391 892 1555 934 spectum
1586 896 1689 930 esse,
1719 884 1784 935 qui
1816 896 1887 920 non
1916 880 2053 930 aliter,
2082 889 2194 932 atque
2223 878 2361 917 Paulus
2378 878 2447 918 Pa-

1337 966 1362 984 „
1394 937 1505 973 radisi
1540 937 1729 987 mysteriis
1758 937 1895 974 initiati
1917 943 2027 982 sunt,
2057 948 2145 986 quae
2166 933 2371 971 enarrando
2392 933 2448 970 fas

1338 1017 1363 1036 „
1391 1001 1467 1026 non
1497 996 1549 1024 cst
1579 990 1790 1040 exprimere
1808 1015 1818 1026 .
1849 989 1981 1026 Nostra
1997 987 2183 1025 sanehaec
2213 995 2264 1024 est
2293 999 2448 1038 respon-

1337 1069 1363 1087 „
1393 1042 1447 1077 sio
1477 1043 1530 1077 “.
1578 1041 1811 1092 Quanquam
1840 1050 1966 1093 postea
2001 1040 2185 1082 nonnulla
2217 1046 2448 1091 argumenta.

1336 1093 1593 1143 conquisivit,
1625 1102 1664 1130 ut
1694 1093 1802 1131 illam
1831 1095 2054 1131 sententiam
2083 1093 2353 1132 confirmaret·-

1397 1145 1482 1190 141.
1513 1145 1667 1196 Absque
1698 1145 1775 1183 ulla
1804 1146 2038 1184 haesitatione
2068 1146 2213 1184 locutus
2243 1154 2294 1184 est
2322 1145 2362 1183 S.
2391 1144 2450 1183 Jo.

1337 1199 1595 1236 Damascenus
1624 1197 1712 1236 Lib.
1742 1199 1790 1235 ΙΙ.
1834 1198 1882 1236 cle
1911 1198 2004 1235 Fzzle
2035 1198 2195 1236 Orthod.
2225 1214 2259 1237 0.
2291 1199 2356 1238 50.
2399 1199 2452 1236 ita

1337 1251 1528 1290 scribens:
1560 1281 1584 1299 ,‚
1615 1250 1809 1298 Quoniam
1838 1259 1965 1288 autem
1985 1251 2090 1288 Deus
2119 1253 2357 1302 praescientia
2383 1265 2452 1288 sua

1339 1313 1549 1354 „noverat
1579 1304 1680 1352 fore,
1711 1312 1751 1342 ut
1780 1302 1845 1341 ille
1871 1306 1891 1354 ‘(
1923 1302 2057 1340 Adam
2086 1302 2101 1350 )
2128 1304 2345 1355 impositam
2376 1304 2455 1342 sibi

1341 1388 1367 1407 ,‚
1397 1357 1518 1410 legem
1552 1359 1736 1405 violaret,
1784 1365 1896 1409 atque
1925 1358 1965 1395 in
1994 1357 2278 1408 corruptionem
2306 1356 2452 1394 labere-

1342 1441 1367 1461 „
1397 1420 1456 1449 tur
1473 1442 1483 1460 ‚
1514 1411 1655 1450 idcirco
1685 1411 1870 1448 feminam
1889 1411 1961 1462 ipsi
1983 1408 2177 1458 similem,
2205 1408 2265 1460 adj
2276 1410 2454 1447 1111100111-

1342 1494 1368 1513 „
1398 1477 1472 1516 que
1508 1477 1551 1502 ex
1581 1465 1663 1515 ipso
1691 1463 1929 1515 procreavit3
1971 1462 2225 1513 adjutricem,
2273 1465 2454 1515 iuquam,

1343 1547 1368 1566 „
1400 1527 1438 1553 ut
1467 1531 1582 1568 genus
1612 1516 1822 1553 humanum
1853 1529 1920 1567 per
1955 1516 2242 1566 ,generationem
2282 1529 2326 1553 ex
2369 1528 2454 1552 suc·

1342 1599 1368 1618 „
1398 1572 1560 1607 cessione
1589 1577 1872 1606 conservaretur
1890 1595 1900 1605 .
1930 1567 1986 1605 Ec
2015 1567 2102 1605 Lib.
2132 1566 2204 1605 IV.
2235 1580 2269 1606 c.
2302 1568 2366 1613 24.
2396 1567 2454 1605 Ne

1342 1652 1368 1672 „
1399 1636 1498 1660 mors
1516 1653 1525 1670 ‚
1555 1625 1698 1674 inquit,
1729 1621 1930 1659 hominum
1959 1635 2075 1672 genus
2090 1620 2300 1669 obtereret,
2331 1622 2363 1657 8c
2384 1621 2454 1658 ab-

1345 1705 1371 1724 „
1402 1685 1564 1713 sumeret
1580 1706 1591 1723 ,
1621 1675 1907 1713 matrimonium
1930 1676 2120 1712 invectum
2143 1682 2221 1721 est,
2253 1682 2292 1710 ut
2318 1687 2387 1725 ,per
2407 1672 2455 1712 li-

1344 1759 1369 1778 „
1398 1729 1579 1767 berorum
1609 1729 1905 1781 procreationem
1935 1742 2051 1779 genus
2067 1726 2278 1765 humanum
2308 1725 2455 1764 incolu-

1344 1812 1369 1830 „
1401 1797 1461 1819 me
1490 1790 1600 1820 staret
1629 1785 1654 1802 ⁶:
1673 1809 1684 1819 .
1734 1782 1814 1818 Hoc
1845 1794 2046 1819 commuue
2078 1782 2154 1818 fere
2193 1795 2268 1818 esse
2297 1781 2454 1818 Graeco-

1342 1849 1429 1873 rum
1458 1844 1666 1882 assertum,
1698 1833 1842 1872 ibidem
1872 1843 1974 1872 notat
2004 1834 2043 1871 P..
2075 1832 2198 1872 Miclr.
2228 1833 2454 1880 Le-Quien,

1342 1888 1500 1926 laudans
1543 1889 1738 1952 praecipue
1767 1888 1807 1925 S.
1839 1886 2086 1925 Athanasium
2129 1889 2167 1924 in
2207 1885 2268 1924 Ps.
2299 1886 2372 1934 L.,
2419 1885 2456 1922 ὃς

1343 1942 1469 1980 Sanct.
1499 1941 1558 1979 Jo.
1586 1941 1777 1993 Chrysost.
1809 1941 1923 1979 Hom.
1954 1940 2102 1978 XVI-11.
2132 1940 2173 1977 111
2202 1941 2410 1978 Genesim.

1402 1995 1488 2040 142.
1518 1994 1592 2032 Sed
1620 1993 1719 2031 banc
1748 1995 1989 2045 quorundam
2018 1993 2236 2044 opinionem
2264 1993 2306 2031 S.
2325 1993 2458 2044 Augu-

1343 2049 1458 2087 stinus
1488 2047 1577 2086 Lib.
1607 2046 1714 2084 XIV.
1745 2047 1792 2084 (le
1821 2051 1890 2084 civ.
1920 2046 1999 2083 Dei
2028 2059 2112 2096 cap.
2145 2045 2207 2084 25.
2238 2044 2296 2083 his
2326 2047 2453 2085 verbis

1345 2100 1512 2140 refellit:
1543 2130 1570 2149 „
1600 2099 1772 2151 Quisque
1802 2109 1929 2137 autem
1958 2099 2049 2137 dicit
2081 2102 2095 2148 (
2125 2097 2305 2136 homines
2335 2100 2349 2146 )
2379 2111 2455 2135 non

1345 2185 1371 2204 „
1400 2155 1516 2192 fuisse
1543 2154 1704 2191 coituros
1722 2183 1732 2200 ,
1779 2167 1848 2192 nec
1878 2162 2115 2204 generaturos
2133 2182 2143 2199 ,
2191 2153 2263 2189 nis-i
2294 2155 2456 2202 [peccas-

1346 2239 1372 2258 „
1404 2209 1506 2255 serit,
1554 2207 1647 2258 quid
1677 2207 1794 2254 dicit,
1845 2208 1914 2244 nisi
1954 2214 2105 2258 propter
2147 2205 2457 2242 numerositatem

1348 2292 1374 2311 „
1403 2261 1629 2299 Sanctorum
1670 2260 1922 2297 necessarium
1967 2259 2131 2295 hominis
2171 2258 2285 2296 fuisse
2321 2271 2454 2310 pecca-

1348 2344 1374 2364 „
1404 2313 1515 2352 tum?
1561 2313 1602 2351 Si
1633 2314 1736 2350 enim
1766 2326 1839 2350 non
1868 2312 2058 2365 peccando
2090 2310 2163 2349 soli
2193 2319 2457 2358 remanerent,

1348 2398 1373 2417 „
1404 2368 1524 2420 quia,
1567 2367 1665 2403 sicut
1695 2375 1854 2417 putant,
1902 2366 1975 2403 nisi
2005 2373 2245 2416 peccassent,
2281 2377 2460 2416 generare

1349 2451 1374 2470 „
1404 2434 1475 2459 uon
1505 2428 1672 2472 possent,
1703 2419 1870 2469 profecto
1898 2428 1937 2455 ut
1967 2432 2043 2455 non
2072 2416 2141 2455 soli
2170 2418 2245 2454 duo
2275 2417 2363 2467 justi
2393 2416 2460 2453 ho—

1349 2504 1375 2523 „
1404 2475 1523 2511 mines
1553 2480 1701 2524 possent
1719 2485 1797 2508 esse
1814 2502 1825 2519 ,
1852 2471 1919 2510 sed
1939 2471 2075 2518 multi,
2106 2471 2356 2508 necessarium
2373 2483 2459 2521 pec-

1350 2556 1376 2576 „
1406 2535 1533 2563 catum
1563 2525 1662 2562 fuit.
1693 2524 1805 2572 Quod
1833 2525 1863 2562 si
1893 2524 2045 2563 credere
2073 2524 2281 2562 absurdum
2307 2532 2383 2570 est,
2414 2522 2462 2560 il-

1351 2609 1377 2629 „
1408 2578 1473 2616 lud
1505 2580 1627 2631 potius
1657 2587 1708 2614 est
1737 2577 1970 2614 credendum
2008 2577 2108 2627 quod
2138 2576 2361 2613 Sanctorum
2388 2588 2462 2610 nu-

1352 2662 1379 2681 „
1408 2645 1562 2681 merus,
1610 2639 1770 2681 quantus
1800 2629 2037 2679 c'omplendae
2067 2627 2127 2664 illi
2156 2626 2296 2664 sufficit
2323 2627 2461 2664 beatis-

1351 2690 1379 2735 ‘3
1408 2686 1514 2722 simae
1545 2683 1726 2728 Civitati,
1757 2690 1877 2718 tantus
1907 2681 2101 2727 existeret,
2140 2680 2207 2717 etsi
2235 2691 2346 2716 nemo
2375 2692 2462 2729 pec-

1351 2767 1376 2786 „
1408 2745 1524 2774 casset
1553 2738 1579 2756 ‘⁶
1598 2760 1608 2772 .
1647 2734 1775 2781 Quam
1805 2732 1844 2771 S.
1877 2733 2077 2784 Augustini
2107 2733 2288 2770 rationem
2318 2744 2363 2768 ex
2392 2730 2462 2768 ab·

1351 2789 1463 2826 surdo
1490 2789 1642 2825 ductam
1672 2785 1779 2833 affert
1808 2787 1921 2823 etiam
1950 2785 1991 2824 S.
2022 2784 2188 2823 Thomas
2204 2784 2234 2822 I.
2252 2784 2294 2822 P.
2325 2794 2463 2836 quaest.

1354 2841 1418 2892 98.
1449 2842 1556 2878 artic.
1592 2854 1624 2877 1.

1416 2894 1501 2939 145.
1533 2893 1634 2930 Idem
1651 2891 1690 2930 S.
1707 2891 1813 2930 Pater
1841 2906 1930 2930 cum
1958 2893 1998 2931 in
2015 2891 2133 2930 Libro
2161 2891 2209 2930 cle
2237 2904 2330 2930 vera
2360 2890 2462 2928 Reli-

1356 2951 1474 3000 gione
1502 2947 1729 2998 scripsisset:
1759 2975 1783 2993 „
1813 2945 1898 2983 Non
1929 2946 2032 2983 enim
2061 2944 2157 2982 ullas
2186 2945 2276 2983 tales
2305 2946 2465 2983 necessi-

1360 3030 1386 3049 „
1415 3000 1562 3037 tudines
1585 2998 1844 3046 haberemus,
1873 3013 1961 3050 quae
1991 2998 2198 3046 nascendo,
2241 2999 2274 3034 St
2304 3000 2466 3036 morien-

1359 3083 1385 3102 „
1415 3053 1462 3090 do
1487 3053 1738 3101 contingunt,
1782 3052 1812 3088 si
1842 3060 1977 3088 natura
2006 3062 2131 3089 nostra
2162 3054 2200 3089 in
2238 3052 2466 3103 praeceptis,

1363 3136 1388 3155 „
1418 3105 1452 3141 8<
1481 3105 1646 3155 imagine
1676 3104 1748 3141 Dei
1778 3118 1957 3151 manens,
1988 3105 2026 3141 iu
2056 3106 2162 3143 istam
2184 3105 2466 3156 corruptionem

1362 3190 1386 3208 „
1417 3171 1491 3195 non
1523 3158 1750 3208 relegaretur
1779 3160 1829 3193 “z
1860 3158 1900 3195 In
1931 3157 2020 3195 Lib.
2042 3158 2071 3194 I.
2104 3157 2264 3196 Hetraet.
2293 3171 2379 3209 cap.
2402 3153 2464 3192 15.

1363 3212 1586 3251 sententiam
1603 3219 1768 3247 mutans:
1800 3240 1825 3258 „
1856 3210 1965 3248 Hunc
1983 3225 2153 3259 sensum,
2184 3212 2328 3263 inquit,
2356 3217 2464 3258 pror-

1363 3295 1390 3315 „
1419 3278 1483 3302 sus
1510 3262 1712 3314 improbo,
1756 3276 1870 3314 quem
1899 3263 1978 3315 jam
2008 3264 2041 3301 8<
2071 3266 2244 3317 superius
2272 3259 2464 3311 improba-

1363 3347 1391 3368 „
1419 3319 1457 3360 vi
1485 3319 1525 3355 in
1554 3317 1680 3369 primo
1708 3316 1808 3357 libro
1836 3317 1882 3356 de
1902 3317 2041 3357 Genesi
2061 3327 2189 3359 contra
2207 3310 2466 3402 Marriclxffgs.

2303 3394 2331 3414 ἲ)
