<?xml version="1.0" encoding="UTF-8"?>
<!DOCTYPE html PUBLIC "-//W3C//DTD XHTML 1.0 Transitional//EN"
    "http://www.w3.org/TR/xhtml1/DTD/xhtml1-transitional.dtd">
<html xmlns="http://www.w3.org/1999/xhtml" xml:lang="en" lang="en">
 <head>
  <title>
</title>
<meta http-equiv="Content-Type" content="text/html;charset=utf-8" />
  <meta name='ocr-system' content='tesseract 3.04.00' />
  <meta name='ocr-capabilities' content='ocr_page ocr_carea ocr_par ocr_line ocrx_word'/>
</head>
<body>
  <div class='ocr_page' id='page_1' title='image "./fratrispetrimari04gazzuoft/fratrispetrimari04gazzuoft_0482.png"; bbox 0 0 2583 3685; ppageno 0'>
   <div class='ocr_carea' id='block_1_1' title="bbox 233 143 335 184">
    <p class='ocr_par' dir='ltr' id='par_1_1' title="bbox 233 143 335 184">
     <span class='ocr_line' id='line_1_1' title="bbox 233 143 335 184; baseline -0.02 0"><span class='ocrx_word' id='word_1_1' title='bbox 233 143 335 184; x_wconf 48' lang='lat'>*2216</span> 
     </span>
    </p>
   </div>
   <div class='ocr_carea' id='block_1_2' title="bbox 173 205 1324 3089">
    <p class='ocr_par' dir='ltr' id='par_1_2' title="bbox 174 205 1302 368">
     <span class='ocr_line' id='line_1_2' title="bbox 178 205 1302 272; baseline -0.015 -15"><span class='ocrx_word' id='word_1_2' title='bbox 178 219 419 272; x_wconf 71' lang='lat' dir='ltr'>pecuniam,</span> <span class='ocrx_word' id='word_1_3' title='bbox 465 222 552 261; x_wconf 80' lang='lat' dir='ltr'>quae</span> <span class='ocrx_word' id='word_1_4' title='bbox 583 208 791 245; x_wconf 84' lang='lat' dir='ltr'>necessaria</span> <span class='ocrx_word' id='word_1_5' title='bbox 834 216 886 244; x_wconf 88' lang='lat' dir='ltr'>est</span> <span class='ocrx_word' id='word_1_6' title='bbox 915 208 963 244; x_wconf 83' lang='lat' dir='ltr'>ad</span> <span class='ocrx_word' id='word_1_7' title='bbox 1006 205 1302 256; x_wconf 77' lang='lat' dir='ltr'>expungendum</span> 
     </span>
     <span class='ocr_line' id='line_1_3' title="bbox 183 260 1296 312; baseline -0.013 -3"><span class='ocrx_word' id='word_1_8' title='bbox 183 272 380 312; x_wconf 86' lang='lat' dir='ltr'>debitum,</span> <span class='ocrx_word' id='word_1_9' title='bbox 428 277 515 301; x_wconf 89' lang='lat' dir='ltr'>vere</span> <span class='ocrx_word' id='word_1_10' title='bbox 545 261 578 297; x_wconf 71' lang='lat'>8&lt;</span> <span class='ocrx_word' id='word_1_11' title='bbox 609 262 762 311; x_wconf 85' lang='lat' dir='ltr'>proprie</span> <span class='ocrx_word' id='word_1_12' title='bbox 790 260 1006 308; x_wconf 80' lang='lat' dir='ltr'>diceretur,</span> <span class='ocrx_word' id='word_1_13' title='bbox 1049 260 1210 311; x_wconf 79' lang='lat' dir='ltr'>gratuito</span> <span class='ocrx_word' id='word_1_14' title='bbox 1239 271 1296 294; x_wconf 82' lang='lat' dir='ltr'>re·</span> 
     </span>
     <span class='ocr_line' id='line_1_4' title="bbox 174 315 712 368; baseline -0.019 -8"><span class='ocrx_word' id='word_1_15' title='bbox 174 323 325 362; x_wconf 76' lang='lat' dir='ltr'>misisse</span> <span class='ocrx_word' id='word_1_16' title='bbox 354 319 482 368; x_wconf 82' lang='lat' dir='ltr'>ipsum</span> <span class='ocrx_word' id='word_1_17' title='bbox 511 315 712 353; x_wconf 73' lang='lat' dir='ltr'>debitum,</span> 
     </span>
    </p>

    <p class='ocr_par' dir='ltr' id='par_1_3' title="bbox 174 369 1301 1008">
     <span class='ocr_line' id='line_1_5' title="bbox 241 369 1296 423; baseline -0.008 -13"><span class='ocrx_word' id='word_1_18' title='bbox 241 372 328 423; x_wconf 81' lang='grc'>178.</span> <span class='ocrx_word' id='word_1_19' title='bbox 360 370 498 421; x_wconf 76' lang='lat' dir='ltr'>Resp.,</span> <span class='ocrx_word' id='word_1_20' title='bbox 548 369 583 405; x_wconf 91' lang='lat' dir='ltr'>id</span> <span class='ocrx_word' id='word_1_21' title='bbox 615 381 747 404; x_wconf 87' lang='lat' dir='ltr'>verum</span> <span class='ocrx_word' id='word_1_22' title='bbox 778 381 854 404; x_wconf 91' lang='lat' dir='ltr'>esse</span> <span class='ocrx_word' id='word_1_23' title='bbox 885 374 1055 416; x_wconf 87' lang='lat' dir='ltr'>respectu</span> <span class='ocrx_word' id='word_1_24' title='bbox 1098 373 1296 413; x_wconf 81' lang='lat' dir='ltr'>nostr-um,</span> 
     </span>
     <span class='ocr_line' id='line_1_6' title="bbox 181 419 1295 479; baseline -0.009 -15"><span class='ocrx_word' id='word_1_25' title='bbox 181 426 321 479; x_wconf 89' lang='lat' dir='ltr'>quibus</span> <span class='ocrx_word' id='word_1_26' title='bbox 349 433 448 462; x_wconf 90' lang='lat' dir='ltr'>certe</span> <span class='ocrx_word' id='word_1_27' title='bbox 478 435 523 460; x_wconf 79' lang='lat' dir='ltr'>ex</span> <span class='ocrx_word' id='word_1_28' title='bbox 551 419 629 459; x_wconf 88' lang='lat' dir='ltr'>sola</span> <span class='ocrx_word' id='word_1_29' title='bbox 649 421 782 458; x_wconf 84' lang='lat' dir='ltr'>divina</span> <span class='ocrx_word' id='word_1_30' title='bbox 801 419 1029 458; x_wconf 70' lang='lat' dir='ltr'>liberalitate</span> <span class='ocrx_word' id='word_1_31' title='bbox 1049 419 1220 457; x_wconf 88' lang='lat' dir='ltr'>debitum</span> <span class='ocrx_word' id='word_1_32' title='bbox 1238 432 1295 455; x_wconf 92' lang='lat' dir='ltr'>re-</span> 
     </span>
     <span class='ocr_line' id='line_1_7' title="bbox 174 472 1294 525; baseline -0.009 -7"><span class='ocrx_word' id='word_1_33' title='bbox 174 482 340 519; x_wconf 75' lang='lat' dir='ltr'>missum</span> <span class='ocrx_word' id='word_1_34' title='bbox 371 477 469 522; x_wconf 81' lang='lat' dir='ltr'>fuit3</span> <span class='ocrx_word' id='word_1_35' title='bbox 500 488 573 512; x_wconf 89' lang='lat' dir='ltr'>non</span> <span class='ocrx_word' id='word_1_36' title='bbox 605 484 730 511; x_wconf 88' lang='lat' dir='ltr'>autem</span> <span class='ocrx_word' id='word_1_37' title='bbox 752 484 918 525; x_wconf 86' lang='lat' dir='ltr'>respectu</span> <span class='ocrx_word' id='word_1_38' title='bbox 933 474 1019 511; x_wconf 78' lang='lat' dir='ltr'>Jesu</span> <span class='ocrx_word' id='word_1_39' title='bbox 1033 474 1197 519; x_wconf 78' lang='lat' dir='ltr'>Christi,</span> <span class='ocrx_word' id='word_1_40' title='bbox 1226 472 1294 524; x_wconf 85' lang='lat' dir='ltr'>qui</span> 
     </span>
     <span class='ocr_line' id='line_1_8' title="bbox 181 525 1296 586; baseline -0.008 -15"><span class='ocrx_word' id='word_1_41' title='bbox 181 546 250 586; x_wconf 86' lang='lat' dir='ltr'>pro</span> <span class='ocrx_word' id='word_1_42' title='bbox 280 532 411 570; x_wconf 77' lang='lat' dir='ltr'>nostris</span> <span class='ocrx_word' id='word_1_43' title='bbox 439 528 577 566; x_wconf 83' lang='lat' dir='ltr'>debitis</span> <span class='ocrx_word' id='word_1_44' title='bbox 607 527 706 565; x_wconf 85' lang='lat' dir='ltr'>Patri</span> <span class='ocrx_word' id='word_1_45' title='bbox 736 527 887 565; x_wconf 77' lang='lat' dir='ltr'>abunde</span> <span class='ocrx_word' id='word_1_46' title='bbox 919 527 1123 572; x_wconf 73' lang='lat' dir='ltr'><strong>satisfecit,</strong></span> <span class='ocrx_word' id='word_1_47' title='bbox 1171 525 1296 563; x_wconf 87' lang='lat' dir='ltr'>dando</span> 
     </span>
     <span class='ocr_line' id='line_1_9' title="bbox 181 579 1301 631; baseline -0.008 -7"><span class='ocrx_word' id='word_1_48' title='bbox 181 587 354 625; x_wconf 84' lang='lat' dir='ltr'>animam</span> <span class='ocrx_word' id='word_1_49' title='bbox 383 596 490 620; x_wconf 83' lang='lat' dir='ltr'>suam</span> <span class='ocrx_word' id='word_1_50' title='bbox 521 594 589 631; x_wconf 85' lang='lat' dir='ltr'>pro</span> <span class='ocrx_word' id='word_1_51' title='bbox 617 581 760 620; x_wconf 81' lang='lat' dir='ltr'>nobis.</span> <span class='ocrx_word' id='word_1_52' title='bbox 810 580 919 619; x_wconf 83' lang='lat' dir='ltr'>Unde</span> <span class='ocrx_word' id='word_1_53' title='bbox 950 593 1036 616; x_wconf 80' lang='lat' dir='ltr'>ver-e</span> <span class='ocrx_word' id='word_1_54' title='bbox 1077 579 1153 615; x_wconf 86' lang='lat' dir='ltr'>dici</span> <span class='ocrx_word' id='word_1_55' title='bbox 1185 587 1301 629; x_wconf 86' lang='lat' dir='ltr'>potest</span> 
     </span>
     <span class='ocr_line' id='line_1_10' title="bbox 174 631 1301 688; baseline -0.005 -15"><span class='ocrx_word' id='word_1_56' title='bbox 174 653 271 679; x_wconf 67' lang='lat' dir='ltr'>‚eum</span> <span class='ocrx_word' id='word_1_57' title='bbox 303 635 481 688; x_wconf 71' lang='lat' dir='ltr'>Apostolo</span> <span class='ocrx_word' id='word_1_58' title='bbox 507 634 620 673; x_wconf 79' lang='lat' dir='ltr'>Rom.</span> <span class='ocrx_word' id='word_1_59' title='bbox 653 635 717 672; x_wconf 88' lang='grc' dir='ltr'>ΙΙΙ..</span> <span class='ocrx_word' id='word_1_60' title='bbox 741 633 804 678; x_wconf 69' lang='grc'>24.</span> <span class='ocrx_word' id='word_1_61' title='bbox 821 663 832 680; x_wconf 84' lang='grc'>,</span> <span class='ocrx_word' id='word_1_62' title='bbox 863 647 928 670; x_wconf 79' lang='lat' dir='ltr'>nos</span> <span class='ocrx_word' id='word_1_63' title='bbox 953 646 1033 669; x_wconf 81' lang='lat' dir='ltr'>esse</span> <span class='ocrx_word' id='word_1_64' title='bbox 1056 631 1301 682; x_wconf 73' lang='lat' dir='ltr'>justificatos</span> 
     </span>
     <span class='ocr_line' id='line_1_11' title="bbox 182 684 1301 745; baseline -0.005 -19"><span class='ocrx_word' id='word_1_65' title='bbox 182 693 310 745; x_wconf 75' lang='lat' dir='ltr'>gratis</span> <span class='ocrx_word' id='word_1_66' title='bbox 339 701 408 739; x_wconf 78' lang='lat' dir='ltr'>per</span> <span class='ocrx_word' id='word_1_67' title='bbox 436 691 618 741; x_wconf 77' lang='lat' dir='ltr'>gratiam</span> <span class='ocrx_word' id='word_1_68' title='bbox 647 691 766 737; x_wconf 78' lang='lat' dir='ltr'>ipsius</span> <span class='ocrx_word' id='word_1_69' title='bbox 798 690 811 735; x_wconf 97' lang='lat'>(</span> <span class='ocrx_word' id='word_1_70' title='bbox 835 699 971 737; x_wconf 81' lang='lat' dir='ltr'>nempe</span> <span class='ocrx_word' id='word_1_71' title='bbox 994 684 1122 732; x_wconf 89' lang='lat' dir='ltr'>Dei),</span> <span class='ocrx_word' id='word_1_72' title='bbox 1151 696 1219 733; x_wconf 86' lang='lat' dir='ltr'>per</span> <span class='ocrx_word' id='word_1_73' title='bbox 1235 696 1301 720; x_wconf 62' lang='lat' dir='ltr'>&gt;re-</span> 
     </span>
     <span class='ocr_line' id='line_1_12' title="bbox 175 735 1300 794; baseline -0.006 -14"><span class='ocrx_word' id='word_1_74' title='bbox 175 745 452 794; x_wconf 64' lang='lat' dir='ltr'>demptionem</span> <span class='ocrx_word' id='word_1_75' title='bbox 469 772 479 791; x_wconf 89' lang='lat'>,</span> <span class='ocrx_word' id='word_1_76' title='bbox 509 754 599 793; x_wconf 79' lang='lat' dir='ltr'>quoe</span> <span class='ocrx_word' id='word_1_77' title='bbox 626 749 685 777; x_wconf 76' lang='lat' dir='ltr'>est</span> <span class='ocrx_word' id='word_1_78' title='bbox 714 743 754 776; x_wconf 77' lang='lat' dir='ltr'>in</span> <span class='ocrx_word' id='word_1_79' title='bbox 778 738 930 776; x_wconf 67' lang='lat' dir='ltr'>Christo</span> <span class='ocrx_word' id='word_1_80' title='bbox 958 737 1050 776; x_wconf 81' lang='lat' dir='ltr'>Je-su</span> <span class='ocrx_word' id='word_1_81' title='bbox 1068 763 1077 774; x_wconf 90' lang='lat'><strong>.</strong></span> <span class='ocrx_word' id='word_1_82' title='bbox 1108 737 1156 775; x_wconf 81' lang='lat' dir='ltr'>Et</span> <span class='ocrx_word' id='word_1_83' title='bbox 1185 735 1300 774; x_wconf 84' lang='lat' dir='ltr'>simul</span> 
     </span>
     <span class='ocr_line' id='line_1_13' title="bbox 182 792 1300 849; baseline -0.007 -15"><span class='ocrx_word' id='word_1_84' title='bbox 182 798 294 849; x_wconf 88' lang='lat' dir='ltr'>plene</span> <span class='ocrx_word' id='word_1_85' title='bbox 324 797 439 834; x_wconf 88' lang='lat' dir='ltr'>fuisse</span> <span class='ocrx_word' id='word_1_86' title='bbox 468 795 611 832; x_wconf 86' lang='lat' dir='ltr'>divinae</span> <span class='ocrx_word' id='word_1_87' title='bbox 641 792 799 844; x_wconf 78' lang='lat' dir='ltr'>justitiae</span> <span class='ocrx_word' id='word_1_88' title='bbox 838 792 1070 830; x_wconf 86' lang='lat' dir='ltr'>satisfactum</span> <span class='ocrx_word' id='word_1_89' title='bbox 1109 804 1176 841; x_wconf 83' lang='lat' dir='ltr'>per</span> <span class='ocrx_word' id='word_1_90' title='bbox 1201 803 1300 827; x_wconf 65' lang='lat' dir='ltr'>&#39;eun-</span> 
     </span>
     <span class='ocr_line' id='line_1_14' title="bbox 176 843 1300 897; baseline -0.007 -9"><span class='ocrx_word' id='word_1_91' title='bbox 176 852 270 889; x_wconf 80' lang='lat' dir='ltr'>-dem</span> <span class='ocrx_word' id='word_1_92' title='bbox 299 850 428 887; x_wconf 88' lang='lat' dir='ltr'>Jesum</span> <span class='ocrx_word' id='word_1_93' title='bbox 456 847 651 885; x_wconf 83' lang='lat' dir='ltr'>Christum</span> <span class='ocrx_word' id='word_1_94' title='bbox 669 876 680 895; x_wconf 93' lang='lat'>,</span> <span class='ocrx_word' id='word_1_95' title='bbox 709 859 828 897; x_wconf 80' lang='lat' dir='ltr'>quem</span> <span class='ocrx_word' id='word_1_96' title='bbox 856 850 1054 897; x_wconf 78' lang='lat' dir='ltr'><em>proposuit</em></span> <span class='ocrx_word' id='word_1_97' title='bbox 1075 843 1186 881; x_wconf 79' lang='lat' dir='ltr'>Deus</span> <span class='ocrx_word' id='word_1_98' title='bbox 1215 856 1300 893; x_wconf 85' lang='lat' dir='ltr'>pro-</span> 
     </span>
     <span class='ocr_line' id='line_1_15' title="bbox 174 896 1301 955; baseline -0.007 -14"><span class='ocrx_word' id='word_1_99' title='bbox 174 906 430 955; x_wconf 74' lang='lat' dir='ltr'>pitiationem</span> <span class='ocrx_word' id='word_1_100' title='bbox 458 913 526 952; x_wconf 79' lang='lat' dir='ltr'>per</span> <span class='ocrx_word' id='word_1_101' title='bbox 543 899 679 953; x_wconf 75' lang='lat' dir='ltr'>fidem</span> <span class='ocrx_word' id='word_1_102' title='bbox 710 903 751 937; x_wconf 85' lang='grc' dir='ltr'>ἰη</span> <span class='ocrx_word' id='word_1_103' title='bbox 779 902 978 952; x_wconf 78' lang='lat' dir='ltr'>sanguine</span> <span class='ocrx_word' id='word_1_104' title='bbox 999 901 1118 951; x_wconf 80' lang='lat' dir='ltr'>ipsius</span> <span class='ocrx_word' id='word_1_105' title='bbox 1136 927 1146 946; x_wconf 92' lang='lat'>,</span> <span class='ocrx_word' id='word_1_106' title='bbox 1177 896 1232 934; x_wconf 79' lang='lat' dir='ltr'>ad</span> <span class='ocrx_word' id='word_1_107' title='bbox 1260 910 1301 934; x_wconf 89' lang='lat' dir='ltr'>o-</span> 
     </span>
     <span class='ocr_line' id='line_1_16' title="bbox 176 957 1260 1008; baseline -0.01 -15"><span class='ocrx_word' id='word_1_108' title='bbox 176 961 427 997; x_wconf 61' lang='lat' dir='ltr'>stensionem</span> <span class='ocrx_word' id='word_1_109' title='bbox 451 957 620 1008; x_wconf 71' lang='lat' dir='ltr'>justitiae</span> <span class='ocrx_word' id='word_1_110' title='bbox 649 967 761 992; x_wconf 80' lang='lat' dir='ltr'>suae.</span> <span class='ocrx_word' id='word_1_111' title='bbox 1256 979 1260 982; x_wconf 31' lang='grc'>1</span> 
     </span>
    </p>

    <p class='ocr_par' dir='ltr' id='par_1_4' title="bbox 180 1003 1308 1277">
     <span class='ocr_line' id='line_1_17' title="bbox 243 1003 1303 1063; baseline -0.008 -15"><span class='ocrx_word' id='word_1_112' title='bbox 243 1024 332 1063; x_wconf 82' lang='lat'><strong>¹79·</strong></span> <span class='ocrx_word' id='word_1_113' title='bbox 359 1011 448 1047; x_wconf 76' lang='lat' dir='ltr'>lust.</span> <span class='ocrx_word' id='word_1_114' title='bbox 473 1022 509 1047; x_wconf 85' lang='lat'>2.</span> <span class='ocrx_word' id='word_1_115' title='bbox 541 1007 721 1046; x_wconf 77' lang='lat' dir='ltr'>Potui-sset</span> <span class='ocrx_word' id='word_1_116' title='bbox 751 1007 854 1044; x_wconf 90' lang='lat' dir='ltr'>Deus</span> <span class='ocrx_word' id='word_1_117' title='bbox 884 1019 957 1044; x_wconf 90' lang='lat' dir='ltr'>nou</span> <span class='ocrx_word' id='word_1_118' title='bbox 987 1012 1183 1056; x_wconf 75' lang='lat' dir='ltr'>acceptare</span> <span class='ocrx_word' id='word_1_119' title='bbox 1204 1003 1303 1041; x_wconf 88' lang='lat' dir='ltr'>hauc</span> 
     </span>
     <span class='ocr_line' id='line_1_18' title="bbox 182 1057 1305 1112; baseline -0.008 -10"><span class='ocrx_word' id='word_1_120' title='bbox 182 1064 323 1104; x_wconf 83' lang='lat' dir='ltr'>Christi</span> <span class='ocrx_word' id='word_1_121' title='bbox 352 1058 645 1101; x_wconf 74' lang='lat' dir='ltr'>satisfactionem</span> <span class='ocrx_word' id='word_1_122' title='bbox 671 1073 746 1112; x_wconf 84' lang='lat' dir='ltr'>-pro</span> <span class='ocrx_word' id='word_1_123' title='bbox 775 1061 904 1097; x_wconf 88' lang='lat' dir='ltr'>nostris</span> <span class='ocrx_word' id='word_1_124' title='bbox 918 1058 1090 1096; x_wconf 80' lang='lat' dir='ltr'>delictis:</span> <span class='ocrx_word' id='word_1_125' title='bbox 1119 1057 1305 1109; x_wconf 83' lang='lat' dir='ltr'>quemad-</span> 
     </span>
     <span class='ocr_line' id='line_1_19' title="bbox 183 1109 1307 1167; baseline -0.008 -12"><span class='ocrx_word' id='word_1_126' title='bbox 183 1118 343 1156; x_wconf 83' lang='lat' dir='ltr'>modum</span> <span class='ocrx_word' id='word_1_127' title='bbox 373 1116 534 1154; x_wconf 85' lang='lat' dir='ltr'>creditor</span> <span class='ocrx_word' id='word_1_128' title='bbox 564 1122 680 1167; x_wconf 90' lang='lat' dir='ltr'>potest</span> <span class='ocrx_word' id='word_1_129' title='bbox 721 1112 894 1151; x_wconf 84' lang='lat' dir='ltr'>absolute</span> <span class='ocrx_word' id='word_1_130' title='bbox 938 1124 1109 1149; x_wconf 85' lang='lat' dir='ltr'>recusare</span> <span class='ocrx_word' id='word_1_131' title='bbox 1151 1109 1307 1148; x_wconf 86' lang='lat' dir='ltr'>alterius</span> 
     </span>
     <span class='ocr_line' id='line_1_20' title="bbox 180 1164 1308 1220; baseline -0.007 -11"><span class='ocrx_word' id='word_1_132' title='bbox 180 1171 474 1209; x_wconf 78' lang='lat' dir='ltr'>vadimonium:</span> <span class='ocrx_word' id='word_1_133' title='bbox 523 1181 610 1220; x_wconf 86' lang='lat' dir='ltr'>ergo</span> <span class='ocrx_word' id='word_1_134' title='bbox 639 1180 788 1219; x_wconf 84' lang='lat' dir='ltr'><strong>semper</strong></span> <span class='ocrx_word' id='word_1_135' title='bbox 818 1168 856 1204; x_wconf 88' lang='lat' dir='ltr'>in</span> <span class='ocrx_word' id='word_1_136' title='bbox 884 1164 1026 1204; x_wconf 75' lang='lat' dir='ltr'>Christi</span> <span class='ocrx_word' id='word_1_137' title='bbox 1055 1164 1308 1202; x_wconf 75' lang='lat' dir='ltr'>satisfactione</span> 
     </span>
     <span class='ocr_line' id='line_1_21' title="bbox 187 1220 1220 1277; baseline -0.008 -15"><span class='ocrx_word' id='word_1_138' title='bbox 187 1223 339 1277; x_wconf 88' lang='lat' dir='ltr'>aliquid</span> <span class='ocrx_word' id='word_1_139' title='bbox 364 1222 511 1261; x_wconf 76' lang='lat' dir='ltr'>relucet</span> <span class='ocrx_word' id='word_1_140' title='bbox 539 1233 584 1260; x_wconf 85' lang='lat' dir='ltr'>ex</span> <span class='ocrx_word' id='word_1_141' title='bbox 614 1230 718 1273; x_wconf 90' lang='lat' dir='ltr'>parte</span> <span class='ocrx_word' id='word_1_142' title='bbox 748 1220 821 1258; x_wconf 89' lang='lat' dir='ltr'>Dei</span> <span class='ocrx_word' id='word_1_143' title='bbox 852 1233 955 1257; x_wconf 88' lang='lat' dir='ltr'>mere</span> <span class='ocrx_word' id='word_1_144' title='bbox 982 1220 1190 1270; x_wconf 84' lang='lat' dir='ltr'>gratuitum</span> <span class='ocrx_word' id='word_1_145' title='bbox 1209 1244 1220 1255; x_wconf 86' lang='lat'><strong>.</strong></span> 
     </span>
    </p>

    <p class='ocr_par' dir='ltr' id='par_1_5' title="bbox 173 1269 1309 1701">
     <span class='ocr_line' id='line_1_22' title="bbox 245 1269 1308 1328; baseline -0.008 -13"><span class='ocrx_word' id='word_1_146' title='bbox 245 1278 332 1315; x_wconf 79' lang='lat'>180.</span> <span class='ocrx_word' id='word_1_147' title='bbox 366 1276 476 1328; x_wconf 75' lang='lat' dir='ltr'>Resp-</span> <span class='ocrx_word' id='word_1_148' title='bbox 495 1306 506 1324; x_wconf 94' lang='lat'>,</span> <span class='ocrx_word' id='word_1_149' title='bbox 546 1275 680 1326; x_wconf 87' lang='lat' dir='ltr'>utique</span> <span class='ocrx_word' id='word_1_150' title='bbox 709 1275 873 1326; x_wconf 86' lang='lat' dir='ltr'>potuisse</span> <span class='ocrx_word' id='word_1_151' title='bbox 901 1273 1029 1311; x_wconf 90' lang='lat' dir='ltr'>Deum</span> <span class='ocrx_word' id='word_1_152' title='bbox 1061 1285 1106 1309; x_wconf 82' lang='lat' dir='ltr'>ex</span> <span class='ocrx_word' id='word_1_153' title='bbox 1135 1285 1215 1309; x_wconf 78' lang='lat' dir='ltr'>suae</span> <span class='ocrx_word' id='word_1_154' title='bbox 1247 1269 1308 1321; x_wconf 79' lang='lat' dir='ltr'>ju-</span> 
     </span>
     <span class='ocr_line' id='line_1_23' title="bbox 176 1324 1309 1381; baseline -0.008 -12"><span class='ocrx_word' id='word_1_155' title='bbox 176 1332 296 1371; x_wconf 71' lang='lat' dir='ltr'>,stitiae</span> <span class='ocrx_word' id='word_1_156' title='bbox 326 1330 477 1381; x_wconf 78' lang='lat' dir='ltr'>juribus</span> <span class='ocrx_word' id='word_1_157' title='bbox 504 1341 582 1367; x_wconf 80' lang='lat' dir='ltr'>non</span> <span class='ocrx_word' id='word_1_158' title='bbox 612 1328 759 1365; x_wconf 89' lang='lat' dir='ltr'>mittere</span> <span class='ocrx_word' id='word_1_159' title='bbox 789 1326 936 1364; x_wconf 86' lang='lat' dir='ltr'>Filium</span> <span class='ocrx_word' id='word_1_160' title='bbox 982 1339 1094 1364; x_wconf 85' lang='lat' dir='ltr'>suum</span> <span class='ocrx_word' id='word_1_161' title='bbox 1123 1326 1172 1362; x_wconf 85' lang='lat' dir='ltr'>ad</span> <span class='ocrx_word' id='word_1_162' title='bbox 1209 1324 1309 1362; x_wconf 80' lang='lat' dir='ltr'>redi-</span> 
     </span>
     <span class='ocr_line' id='line_1_24' title="bbox 173 1379 1308 1433; baseline -0.008 -10"><span class='ocrx_word' id='word_1_163' title='bbox 173 1385 371 1424; x_wconf 69' lang='lat' dir='ltr'>,mendum</span> <span class='ocrx_word' id='word_1_164' title='bbox 402 1396 469 1420; x_wconf 86' lang='lat' dir='ltr'>nos</span> <span class='ocrx_word' id='word_1_165' title='bbox 498 1397 520 1419; x_wconf 87' lang='lat' dir='ltr'>a</span> <span class='ocrx_word' id='word_1_166' title='bbox 548 1382 738 1433; x_wconf 86' lang='lat' dir='ltr'>peccatis,</span> <span class='ocrx_word' id='word_1_167' title='bbox 769 1388 807 1416; x_wconf 86' lang='lat' dir='ltr'>ut</span> <span class='ocrx_word' id='word_1_168' title='bbox 838 1379 917 1430; x_wconf 85' lang='lat' dir='ltr'>jam</span> <span class='ocrx_word' id='word_1_169' title='bbox 948 1393 1050 1431; x_wconf 79' lang='lat' dir='ltr'>saepe</span> <span class='ocrx_word' id='word_1_170' title='bbox 1070 1379 1217 1416; x_wconf 82' lang='lat' dir='ltr'>dictum</span> <span class='ocrx_word' id='word_1_171' title='bbox 1237 1386 1308 1414; x_wconf 87' lang='lat' dir='ltr'>est:</span> 
     </span>
     <span class='ocr_line' id='line_1_25' title="bbox 187 1432 1308 1489; baseline -0.007 -14"><span class='ocrx_word' id='word_1_172' title='bbox 187 1439 252 1476; x_wconf 87' lang='lat' dir='ltr'>sed</span> <span class='ocrx_word' id='word_1_173' title='bbox 282 1438 400 1489; x_wconf 87' lang='lat' dir='ltr'>posita</span> <span class='ocrx_word' id='word_1_174' title='bbox 429 1435 500 1473; x_wconf 86' lang='lat' dir='ltr'>hac</span> <span class='ocrx_word' id='word_1_175' title='bbox 530 1433 766 1472; x_wconf 83' lang='lat' dir='ltr'>misericordi</span> <span class='ocrx_word' id='word_1_176' title='bbox 797 1432 1009 1480; x_wconf 87' lang='lat' dir='ltr'>voluntat-e,</span> <span class='ocrx_word' id='word_1_177' title='bbox 1040 1445 1114 1470; x_wconf 89' lang='lat' dir='ltr'>non</span> <span class='ocrx_word' id='word_1_178' title='bbox 1145 1432 1308 1483; x_wconf 83' lang='lat' dir='ltr'>potuisse</span> 
     </span>
     <span class='ocr_line' id='line_1_26' title="bbox 183 1485 1306 1533; baseline -0.006 -4"><span class='ocrx_word' id='word_1_179' title='bbox 183 1504 360 1529; x_wconf 76' lang='lat' dir='ltr'>recusare</span> <span class='ocrx_word' id='word_1_180' title='bbox 388 1489 682 1527; x_wconf 75' lang='lat' dir='ltr'>satisfactionem</span> <span class='ocrx_word' id='word_1_181' title='bbox 713 1486 786 1525; x_wconf 85' lang='lat' dir='ltr'>sibi</span> <span class='ocrx_word' id='word_1_182' title='bbox 817 1501 839 1524; x_wconf 87' lang='lat' dir='ltr'>a</span> <span class='ocrx_word' id='word_1_183' title='bbox 869 1485 971 1525; x_wconf 84' lang='lat' dir='ltr'>Filio</span> <span class='ocrx_word' id='word_1_184' title='bbox 1000 1485 1236 1533; x_wconf 83' lang='lat' dir='ltr'>exhibitam,</span> <span class='ocrx_word' id='word_1_185' title='bbox 1268 1493 1306 1522; x_wconf 91' lang='lat' dir='ltr'>ut</span> 
     </span>
     <span class='ocr_line' id='line_1_27' title="bbox 192 1537 1307 1597; baseline -0.006 -15"><span class='ocrx_word' id='word_1_186' title='bbox 192 1544 456 1597; x_wconf 79' lang='lat' dir='ltr'>imperfectam</span> <span class='ocrx_word' id='word_1_187' title='bbox 474 1572 484 1590; x_wconf 93' lang='lat'>,</span> <span class='ocrx_word' id='word_1_188' title='bbox 515 1541 549 1578; x_wconf 72' lang='lat'>8&lt;</span> <span class='ocrx_word' id='word_1_189' title='bbox 581 1539 840 1593; x_wconf 76' lang='lat' dir='ltr'>iriaequalem3</span> <span class='ocrx_word' id='word_1_190' title='bbox 871 1554 961 1578; x_wconf 89' lang='lat' dir='ltr'>cum</span> <span class='ocrx_word' id='word_1_191' title='bbox 992 1540 1114 1591; x_wconf 84' lang='lat' dir='ltr'>reipsa</span> <span class='ocrx_word' id='word_1_192' title='bbox 1138 1539 1252 1576; x_wconf 85' lang='lat' dir='ltr'>fuerit</span> <span class='ocrx_word' id='word_1_193' title='bbox 1273 1537 1307 1574; x_wconf 70' lang='grc' dir='ltr'><strong>ἃ</strong></span> 
     </span>
     <span class='ocr_line' id='line_1_28' title="bbox 187 1591 1306 1648; baseline -0.004 -14"><span class='ocrx_word' id='word_1_194' title='bbox 187 1597 401 1646; x_wconf 81' lang='lat' dir='ltr'>sufficiens,</span> <span class='ocrx_word' id='word_1_195' title='bbox 432 1595 464 1632; x_wconf 75' lang='lat'>8&lt;</span> <span class='ocrx_word' id='word_1_196' title='bbox 494 1594 825 1648; x_wconf 81' lang='lat' dir='ltr'>superabundans,</span> <span class='ocrx_word' id='word_1_197' title='bbox 856 1593 890 1630; x_wconf 73' lang='grc' dir='ltr'>δι</span> <span class='ocrx_word' id='word_1_198' title='bbox 919 1593 1027 1646; x_wconf 78' lang='lat' dir='ltr'>juxta</span> <span class='ocrx_word' id='word_1_199' title='bbox 1047 1594 1223 1631; x_wconf 84' lang='lat' dir='ltr'>strictum</span> <span class='ocrx_word' id='word_1_200' title='bbox 1244 1591 1306 1644; x_wconf 88' lang='lat' dir='ltr'>ju-</span> 
     </span>
     <span class='ocr_line' id='line_1_29' title="bbox 182 1652 524 1701; baseline -0.006 -11"><span class='ocrx_word' id='word_1_201' title='bbox 182 1653 300 1690; x_wconf 72' lang='lat' dir='ltr'>stitia:</span> <span class='ocrx_word' id='word_1_202' title='bbox 332 1652 524 1701; x_wconf 79' lang='lat' dir='ltr'>rigorem.</span> 
     </span>
    </p>

    <p class='ocr_par' dir='ltr' id='par_1_6' title="bbox 191 1699 1309 1804">
     <span class='ocr_line' id='line_1_30' title="bbox 243 1699 1309 1755; baseline -0.003 -14"><span class='ocrx_word' id='word_1_203' title='bbox 243 1704 401 1752; x_wconf 80' lang='lat' dir='ltr'>Qnaeres</span> <span class='ocrx_word' id='word_1_204' title='bbox 430 1705 556 1755; x_wconf 83' lang='lat' dir='ltr'>primo</span> <span class='ocrx_word' id='word_1_205' title='bbox 572 1733 582 1751; x_wconf 94' lang='lat'>,</span> <span class='ocrx_word' id='word_1_206' title='bbox 606 1717 659 1742; x_wconf 64' lang='lat' dir='ltr'>&gt;an</span> <span class='ocrx_word' id='word_1_207' title='bbox 690 1702 796 1740; x_wconf 82' lang='lat' dir='ltr'>valor</span> <span class='ocrx_word' id='word_1_208' title='bbox 815 1701 1077 1741; x_wconf 68' lang='lat' dir='ltr'>satisfactionis</span> <span class='ocrx_word' id='word_1_209' title='bbox 1091 1699 1309 1739; x_wconf 86' lang='lat' dir='ltr'>JesuChri-</span> 
     </span>
     <span class='ocr_line' id='line_1_31' title="bbox 191 1753 1201 1804; baseline -0.002 -9"><span class='ocrx_word' id='word_1_210' title='bbox 191 1758 236 1796; x_wconf 82' lang='lat' dir='ltr'>sti</span> <span class='ocrx_word' id='word_1_211' title='bbox 267 1758 381 1793; x_wconf 86' lang='lat' dir='ltr'>fuerit</span> <span class='ocrx_word' id='word_1_212' title='bbox 410 1757 664 1804; x_wconf 72' lang='lat' dir='ltr'>simpliciter,</span> <span class='ocrx_word' id='word_1_213' title='bbox 695 1756 728 1792; x_wconf 72' lang='grc'>81</span> <span class='ocrx_word' id='word_1_214' title='bbox 758 1761 971 1794; x_wconf 74' lang='lat' dir='ltr'>intrinsece</span> <span class='ocrx_word' id='word_1_215' title='bbox 1003 1753 1201 1793; x_wconf 77' lang='lat' dir='ltr'>infinitus?</span> 
     </span>
    </p>

    <p class='ocr_par' dir='ltr' id='par_1_7' title="bbox 189 1808 1314 2120">
     <span class='ocr_line' id='line_1_32' title="bbox 254 1808 1310 1860; baseline -0.002 -13"><span class='ocrx_word' id='word_1_216' title='bbox 254 1809 342 1847; x_wconf 84' lang='grc'>181.</span> <span class='ocrx_word' id='word_1_217' title='bbox 371 1808 514 1858; x_wconf 78' lang='lat' dir='ltr'>Negant</span> <span class='ocrx_word' id='word_1_218' title='bbox 531 1808 726 1855; x_wconf 84' lang='lat' dir='ltr'>Scotistae,</span> <span class='ocrx_word' id='word_1_219' title='bbox 756 1811 851 1847; x_wconf 83' lang='lat' dir='ltr'>duce</span> <span class='ocrx_word' id='word_1_220' title='bbox 868 1810 1029 1848; x_wconf 89' lang='lat' dir='ltr'>Doctore</span> <span class='ocrx_word' id='word_1_221' title='bbox 1059 1808 1212 1857; x_wconf 86' lang='lat' dir='ltr'>subtili,</span> <span class='ocrx_word' id='word_1_222' title='bbox 1241 1809 1310 1860; x_wconf 89' lang='lat' dir='ltr'>qui</span> 
     </span>
     <span class='ocr_line' id='line_1_33' title="bbox 189 1859 1310 1911; baseline -0.002 -11"><span class='ocrx_word' id='word_1_223' title='bbox 189 1863 234 1901; x_wconf 79' lang='lat' dir='ltr'>in</span> <span class='ocrx_word' id='word_1_224' title='bbox 266 1862 304 1900; x_wconf 82' lang='grc'><strong>5..</strong></span> <span class='ocrx_word' id='word_1_225' title='bbox 328 1861 405 1899; x_wconf 75' lang='lat' dir='ltr'>lib·</span> <span class='ocrx_word' id='word_1_226' title='bbox 436 1859 545 1898; x_wconf 78' lang='lat' dir='ltr'>Sent.</span> <span class='ocrx_word' id='word_1_227' title='bbox 575 1860 751 1897; x_wconf 80' lang='lat' dir='ltr'>Distinet.</span> <span class='ocrx_word' id='word_1_228' title='bbox 787 1874 875 1911; x_wconf 80' lang='lat'>19.,</span> <span class='ocrx_word' id='word_1_229' title='bbox 908 1862 943 1897; x_wconf 69' lang='grc' dir='ltr'><strong>ἃ</strong></span> <span class='ocrx_word' id='word_1_230' title='bbox 973 1875 1037 1899; x_wconf 69' lang='grc'>110.</span> <span class='ocrx_word' id='word_1_231' title='bbox 1067 1862 1175 1909; x_wconf 78' lang='lat' dir='ltr'>vult,</span> <span class='ocrx_word' id='word_1_232' title='bbox 1205 1863 1310 1900; x_wconf 85' lang='lat' dir='ltr'>satis-</span> 
     </span>
     <span class='ocr_line' id='line_1_34' title="bbox 197 1913 1312 1965; baseline -0.003 -11"><span class='ocrx_word' id='word_1_233' title='bbox 197 1916 406 1954; x_wconf 77' lang='lat' dir='ltr'>factionem</span> <span class='ocrx_word' id='word_1_234' title='bbox 421 1913 558 1951; x_wconf 82' lang='lat' dir='ltr'>Christi</span> <span class='ocrx_word' id='word_1_235' title='bbox 590 1913 705 1950; x_wconf 88' lang='lat' dir='ltr'>fuisse</span> <span class='ocrx_word' id='word_1_236' title='bbox 734 1913 912 1958; x_wconf 79' lang='lat' dir='ltr'>finitam3</span> <span class='ocrx_word' id='word_1_237' title='bbox 943 1922 1022 1950; x_wconf 88' lang='lat' dir='ltr'>tum</span> <span class='ocrx_word' id='word_1_238' title='bbox 1038 1915 1130 1964; x_wconf 87' lang='lat' dir='ltr'>quia</span> <span class='ocrx_word' id='word_1_239' title='bbox 1150 1916 1222 1951; x_wconf 82' lang='lat' dir='ltr'>fuit</span> <span class='ocrx_word' id='word_1_240' title='bbox 1244 1927 1312 1965; x_wconf 79' lang='lat' dir='ltr'>pro</span> 
     </span>
     <span class='ocr_line' id='line_1_35' title="bbox 195 1965 1312 2016; baseline -0.004 -10"><span class='ocrx_word' id='word_1_241' title='bbox 195 1969 418 2006; x_wconf 79' lang='lat' dir='ltr'>remissione</span> <span class='ocrx_word' id='word_1_242' title='bbox 446 1967 599 2003; x_wconf 86' lang='lat' dir='ltr'>numeri</span> <span class='ocrx_word' id='word_1_243' title='bbox 629 1965 729 2002; x_wconf 86' lang='lat' dir='ltr'>finiti</span> <span class='ocrx_word' id='word_1_244' title='bbox 761 1975 1029 2016; x_wconf 77' lang='lat' dir='ltr'>peccatornm3</span> <span class='ocrx_word' id='word_1_245' title='bbox 1060 1975 1139 2002; x_wconf 88' lang='lat' dir='ltr'>tum</span> <span class='ocrx_word' id='word_1_246' title='bbox 1170 1967 1281 2003; x_wconf 66' lang='lat' dir='ltr'>etiam</span> <span class='ocrx_word' id='word_1_247' title='bbox 1301 1996 1312 2013; x_wconf 94' lang='lat'>,</span> 
     </span>
     <span class='ocr_line' id='line_1_36' title="bbox 195 2017 1313 2074; baseline -0.004 -16"><span class='ocrx_word' id='word_1_248' title='bbox 195 2033 416 2074; x_wconf 84' lang='lat' dir='ltr'>quanquam</span> <span class='ocrx_word' id='word_1_249' title='bbox 448 2032 516 2070; x_wconf 87' lang='lat' dir='ltr'>pro</span> <span class='ocrx_word' id='word_1_250' title='bbox 545 2029 707 2055; x_wconf 86' lang='lat' dir='ltr'>numero</span> <span class='ocrx_word' id='word_1_251' title='bbox 737 2027 979 2069; x_wconf 85' lang='lat' dir='ltr'>peccatorum</span> <span class='ocrx_word' id='word_1_252' title='bbox 1011 2017 1190 2066; x_wconf 79' lang='lat' dir='ltr'>infinito,</span> <span class='ocrx_word' id='word_1_253' title='bbox 1221 2019 1313 2056; x_wconf 77' lang='lat' dir='ltr'>fuis-</span> 
     </span>
     <span class='ocr_line' id='line_1_37' title="bbox 196 2069 1314 2120; baseline -0.004 -7"><span class='ocrx_word' id='word_1_254' title='bbox 196 2085 247 2114; x_wconf 88' lang='lat' dir='ltr'>set</span> <span class='ocrx_word' id='word_1_255' title='bbox 276 2083 403 2112; x_wconf 51' lang='lat' dir='ltr'>tamen</span> <span class='ocrx_word' id='word_1_256' title='bbox 434 2071 519 2109; x_wconf 83' lang='lat' dir='ltr'>talis</span> <span class='ocrx_word' id='word_1_257' title='bbox 546 2083 594 2108; x_wconf 85' lang='lat' dir='ltr'>ex</span> <span class='ocrx_word' id='word_1_258' title='bbox 623 2069 701 2108; x_wconf 84' lang='lat' dir='ltr'>sola</span> <span class='ocrx_word' id='word_1_259' title='bbox 722 2072 884 2120; x_wconf 83' lang='lat' dir='ltr'>gratuita</span> <span class='ocrx_word' id='word_1_260' title='bbox 904 2071 1125 2120; x_wconf 86' lang='lat' dir='ltr'>acceptione</span> <span class='ocrx_word' id='word_1_261' title='bbox 1154 2072 1314 2108; x_wconf 81' lang='lat' dir='ltr'>divina.</span> 
     </span>
    </p>

    <p class='ocr_par' dir='ltr' id='par_1_8' title="bbox 195 2121 1320 2602">
     <span class='ocr_line' id='line_1_38' title="bbox 253 2121 1315 2178; baseline -0.007 -12"><span class='ocrx_word' id='word_1_262' title='bbox 253 2128 342 2166; x_wconf 78' lang='lat'>182.</span> <span class='ocrx_word' id='word_1_263' title='bbox 366 2126 600 2178; x_wconf 64' lang='lat' dir='ltr'>&gt;Oppositum</span> <span class='ocrx_word' id='word_1_264' title='bbox 630 2123 738 2161; x_wconf 85' lang='lat' dir='ltr'>docet</span> <span class='ocrx_word' id='word_1_265' title='bbox 768 2123 809 2161; x_wconf 84' lang='lat' dir='ltr'>S.</span> <span class='ocrx_word' id='word_1_266' title='bbox 841 2121 1008 2159; x_wconf 86' lang='lat' dir='ltr'>Thomas</span> <span class='ocrx_word' id='word_1_267' title='bbox 1031 2122 1067 2159; x_wconf 83' lang='grc'><strong>5.</strong></span> <span class='ocrx_word' id='word_1_268' title='bbox 1091 2121 1131 2158; x_wconf 83' lang='grc' dir='ltr'><strong>Ρ.</strong></span> <span class='ocrx_word' id='word_1_269' title='bbox 1161 2136 1227 2172; x_wconf 85' lang='lat' dir='ltr'>qu.</span> <span class='ocrx_word' id='word_1_270' title='bbox 1249 2123 1315 2166; x_wconf 74' lang='grc'>48.</span> 
     </span>
     <span class='ocr_line' id='line_1_39' title="bbox 197 2173 1317 2231; baseline -0.007 -11"><span class='ocrx_word' id='word_1_271' title='bbox 197 2190 268 2220; x_wconf 88' lang='lat' dir='ltr'>art.</span> <span class='ocrx_word' id='word_1_272' title='bbox 304 2194 337 2218; x_wconf 93' lang='grc'>1.</span> <span class='ocrx_word' id='word_1_273' title='bbox 367 2180 413 2217; x_wconf 89' lang='lat' dir='ltr'>ad</span> <span class='ocrx_word' id='word_1_274' title='bbox 446 2180 483 2217; x_wconf 88' lang='lat'>5.</span> <span class='ocrx_word' id='word_1_275' title='bbox 515 2178 719 2231; x_wconf 86' lang='lat' dir='ltr'>inquiens,</span> <span class='ocrx_word' id='word_1_276' title='bbox 770 2177 990 2228; x_wconf 77' lang='lat' dir='ltr'>dignitatem</span> <span class='ocrx_word' id='word_1_277' title='bbox 1022 2176 1147 2212; x_wconf 87' lang='lat' dir='ltr'>carnis</span> <span class='ocrx_word' id='word_1_278' title='bbox 1174 2173 1317 2212; x_wconf 82' lang='lat' dir='ltr'>Christi</span> 
     </span>
     <span class='ocr_line' id='line_1_40' title="bbox 196 2229 1316 2274; baseline -0.008 -1"><span class='ocrx_word' id='word_1_279' title='bbox 196 2249 272 2274; x_wconf 90' lang='lat' dir='ltr'>non</span> <span class='ocrx_word' id='word_1_280' title='bbox 302 2248 378 2272; x_wconf 89' lang='lat' dir='ltr'>esse</span> <span class='ocrx_word' id='word_1_281' title='bbox 408 2232 673 2271; x_wconf 76' lang='lat' dir='ltr'>aestimandam</span> <span class='ocrx_word' id='word_1_282' title='bbox 703 2229 826 2268; x_wconf 87' lang='lat' dir='ltr'>solum</span> <span class='ocrx_word' id='word_1_283' title='bbox 857 2229 1064 2267; x_wconf 87' lang='lat' dir='ltr'>secundum</span> <span class='ocrx_word' id='word_1_284' title='bbox 1096 2229 1218 2266; x_wconf 86' lang='lat' dir='ltr'>carnis</span> <span class='ocrx_word' id='word_1_285' title='bbox 1248 2241 1316 2265; x_wconf 82' lang='lat' dir='ltr'>na-</span> 
     </span>
     <span class='ocr_line' id='line_1_41' title="bbox 198 2282 1318 2337; baseline -0.009 -10"><span class='ocrx_word' id='word_1_286' title='bbox 198 2297 323 2328; x_wconf 86' lang='lat' dir='ltr'>turam</span> <span class='ocrx_word' id='word_1_287' title='bbox 342 2317 353 2335; x_wconf 90' lang='lat'>,</span> <span class='ocrx_word' id='word_1_288' title='bbox 382 2287 445 2325; x_wconf 89' lang='lat' dir='ltr'>sed</span> <span class='ocrx_word' id='word_1_289' title='bbox 475 2286 683 2323; x_wconf 86' lang='lat' dir='ltr'>secundum</span> <span class='ocrx_word' id='word_1_290' title='bbox 710 2297 915 2337; x_wconf 75' lang='lat' dir='ltr'>,personam</span> <span class='ocrx_word' id='word_1_291' title='bbox 944 2291 1198 2320; x_wconf 77' lang='lat' dir='ltr'>assumentem</span> <span class='ocrx_word' id='word_1_292' title='bbox 1216 2311 1227 2327; x_wconf 93' lang='lat'>,</span> <span class='ocrx_word' id='word_1_293' title='bbox 1259 2282 1318 2319; x_wconf 85' lang='lat' dir='ltr'>in-</span> 
     </span>
     <span class='ocr_line' id='line_1_42' title="bbox 195 2333 1318 2387; baseline -0.004 -11"><span class='ocrx_word' id='word_1_294' title='bbox 195 2372 198 2376; x_wconf 92' lang='lat'><em>.</em></span> <span class='ocrx_word' id='word_1_295' title='bbox 231 2351 386 2379; x_wconf 87' lang='lat' dir='ltr'>uantum</span> <span class='ocrx_word' id='word_1_296' title='bbox 417 2339 561 2378; x_wconf 89' lang='lat' dir='ltr'>scilicet</span> <span class='ocrx_word' id='word_1_297' title='bbox 591 2347 669 2377; x_wconf 86' lang='lat' dir='ltr'>erat</span> <span class='ocrx_word' id='word_1_298' title='bbox 698 2351 786 2377; x_wconf 89' lang='lat' dir='ltr'>caro</span> <span class='ocrx_word' id='word_1_299' title='bbox 817 2337 918 2385; x_wconf 80' lang='lat' dir='ltr'>Dei,</span> <span class='ocrx_word' id='word_1_300' title='bbox 962 2350 1015 2374; x_wconf 75' lang='lat' dir='ltr'>ea:</span> <span class='ocrx_word' id='word_1_301' title='bbox 1044 2349 1119 2387; x_wconf 77' lang='lat' dir='ltr'>quo</span> <span class='ocrx_word' id='word_1_302' title='bbox 1149 2333 1318 2372; x_wconf 68' lang='lat' dir='ltr'>habebat</span> 
     </span>
     <span class='ocr_line' id='line_1_43' title="bbox 199 2357 1317 2447; baseline -0.009 -13"><span class='ocrx_word' id='word_1_303' title='bbox 199 2357 436 2447; x_wconf 45' lang='lat' dir='ltr'>dignitatem</span> <span class='ocrx_word' id='word_1_304' title='bbox 454 2393 657 2447; x_wconf 69' lang='lat' dir='ltr'>infinitam</span> <span class='ocrx_word' id='word_1_305' title='bbox 675 2419 685 2431; x_wconf 93' lang='grc'><strong>.</strong></span> <span class='ocrx_word' id='word_1_306' title='bbox 718 2390 902 2443; x_wconf 80' lang='lat' dir='ltr'>Angelico</span> <span class='ocrx_word' id='word_1_307' title='bbox 917 2399 1043 2428; x_wconf 89' lang='lat' dir='ltr'>autem</span> <span class='ocrx_word' id='word_1_308' title='bbox 1060 2388 1317 2436; x_wconf 82' lang='lat' dir='ltr'>subscribunt,</span> 
     </span>
     <span class='ocr_line' id='line_1_44' title="bbox 195 2441 1320 2499; baseline -0.008 -12"><span class='ocrx_word' id='word_1_309' title='bbox 195 2494 199 2497; x_wconf 33' lang='lat'><strong>¹</strong></span> <span class='ocrx_word' id='word_1_310' title='bbox 231 2458 340 2487; x_wconf 82' lang='lat' dir='ltr'>raeter</span> <span class='ocrx_word' id='word_1_311' title='bbox 371 2447 451 2499; x_wconf 71' lang='lat' dir='ltr'>ejus</span> <span class='ocrx_word' id='word_1_312' title='bbox 479 2446 714 2498; x_wconf 89' lang='lat' dir='ltr'>discipulos,</span> <span class='ocrx_word' id='word_1_313' title='bbox 745 2445 905 2497; x_wconf 81' lang='lat' dir='ltr'>plurimi</span> <span class='ocrx_word' id='word_1_314' title='bbox 936 2443 1003 2482; x_wconf 87' lang='lat' dir='ltr'>alii</span> <span class='ocrx_word' id='word_1_315' title='bbox 1032 2457 1163 2494; x_wconf 85' lang='lat' dir='ltr'>graves</span> <span class='ocrx_word' id='word_1_316' title='bbox 1193 2441 1320 2479; x_wconf 87' lang='lat' dir='ltr'>Theo-</span> 
     </span>
     <span class='ocr_line' id='line_1_45' title="bbox 198 2464 1320 2555; baseline -0.006 -15"><span class='ocrx_word' id='word_1_317' title='bbox 198 2464 300 2555; x_wconf 63' lang='lat' dir='ltr'>fogi,</span> <span class='ocrx_word' id='word_1_318' title='bbox 345 2512 383 2539; x_wconf 86' lang='lat' dir='ltr'>ut</span> <span class='ocrx_word' id='word_1_319' title='bbox 416 2500 496 2538; x_wconf 82' lang='lat' dir='ltr'>haec</span> <span class='ocrx_word' id='word_1_320' title='bbox 527 2501 709 2538; x_wconf 83' lang='lat' dir='ltr'>sententia</span> <span class='ocrx_word' id='word_1_321' title='bbox 735 2511 815 2536; x_wconf 87' lang='lat' dir='ltr'>non</span> <span class='ocrx_word' id='word_1_322' title='bbox 843 2497 966 2536; x_wconf 87' lang='lat' dir='ltr'>solum</span> <span class='ocrx_word' id='word_1_323' title='bbox 990 2498 1087 2549; x_wconf 73' lang='lat' dir='ltr'>pia„</span> <span class='ocrx_word' id='word_1_324' title='bbox 1131 2497 1193 2535; x_wconf 88' lang='lat' dir='ltr'>sed</span> <span class='ocrx_word' id='word_1_325' title='bbox 1222 2510 1320 2549; x_wconf 81' lang='lat' dir='ltr'>pene</span> 
     </span>
     <span class='ocr_line' id='line_1_46' title="bbox 197 2553 822 2602; baseline -0.006 -8"><span class='ocrx_word' id='word_1_326' title='bbox 197 2557 447 2602; x_wconf 72' lang='lat' dir='ltr'>communis,</span> <span class='ocrx_word' id='word_1_327' title='bbox 479 2553 510 2590; x_wconf 74' lang='grc'>81</span> <span class='ocrx_word' id='word_1_328' title='bbox 542 2562 642 2592; x_wconf 86' lang='lat' dir='ltr'>certa</span> <span class='ocrx_word' id='word_1_329' title='bbox 672 2554 744 2591; x_wconf 78' lang='lat' dir='ltr'>sit.</span> <span class='ocrx_word' id='word_1_330' title='bbox 817 2600 822 2601; x_wconf 23' lang='lat'><em>⁷</em></span> 
     </span>
    </p>

    <p class='ocr_par' dir='ltr' id='par_1_9' title="bbox 194 2605 1324 3089">
     <span class='ocr_line' id='line_1_47' title="bbox 264 2605 1321 2656; baseline -0.007 -8"><span class='ocrx_word' id='word_1_331' title='bbox 264 2609 351 2648; x_wconf 80' lang='lat'>185.</span> <span class='ocrx_word' id='word_1_332' title='bbox 383 2609 424 2646; x_wconf 88' lang='lat' dir='ltr'>ld</span> <span class='ocrx_word' id='word_1_333' title='bbox 455 2621 543 2645; x_wconf 83' lang='lat' dir='ltr'>vero</span> <span class='ocrx_word' id='word_1_334' title='bbox 572 2607 701 2646; x_wconf 86' lang='lat' dir='ltr'>multis</span> <span class='ocrx_word' id='word_1_335' title='bbox 741 2605 955 2644; x_wconf 76' lang='lat' dir='ltr'>rationibus</span> <span class='ocrx_word' id='word_1_336' title='bbox 984 2606 1135 2645; x_wconf 78' lang='lat' dir='ltr'>suaderi</span> <span class='ocrx_word' id='word_1_337' title='bbox 1174 2612 1321 2656; x_wconf 81' lang='lat' dir='ltr'>.potest;</span> 
     </span>
     <span class='ocr_line' id='line_1_48' title="bbox 205 2659 1324 2713; baseline -0.007 -11"><span class='ocrx_word' id='word_1_338' title='bbox 205 2664 268 2702; x_wconf 88' lang='lat' dir='ltr'>sed</span> <span class='ocrx_word' id='word_1_339' title='bbox 300 2663 381 2701; x_wconf 81' lang='lat' dir='ltr'>haec</span> <span class='ocrx_word' id='word_1_340' title='bbox 411 2661 602 2709; x_wconf 80' lang='lat' dir='ltr'>sufficiat,</span> <span class='ocrx_word' id='word_1_341' title='bbox 632 2674 749 2713; x_wconf 82' lang='lat' dir='ltr'>quam</span> <span class='ocrx_word' id='word_1_342' title='bbox 770 2660 811 2698; x_wconf 88' lang='lat' dir='ltr'>S.</span> <span class='ocrx_word' id='word_1_343' title='bbox 832 2659 1002 2697; x_wconf 73' lang='lat' dir='ltr'>‘Thomas</span> <span class='ocrx_word' id='word_1_344' title='bbox 1032 2672 1119 2697; x_wconf 66' lang='lat' dir='ltr'>mot:</span> <span class='ocrx_word' id='word_1_345' title='bbox 1149 2659 1324 2696; x_wconf 85' lang='lat' dir='ltr'>laudatus</span> 
     </span>
     <span class='ocr_line' id='line_1_49' title="bbox 194 2712 1324 2767; baseline -0.005 -12"><span class='ocrx_word' id='word_1_346' title='bbox 194 2718 396 2756; x_wconf 57' lang='lat' dir='ltr'>*insinuah</span> <span class='ocrx_word' id='word_1_347' title='bbox 429 2715 546 2753; x_wconf 86' lang='lat' dir='ltr'>Valor</span> <span class='ocrx_word' id='word_1_348' title='bbox 575 2715 839 2753; x_wconf 81' lang='lat' dir='ltr'>satisfactionis</span> <span class='ocrx_word' id='word_1_349' title='bbox 867 2713 1007 2751; x_wconf 88' lang='lat' dir='ltr'>Christi</span> <span class='ocrx_word' id='word_1_350' title='bbox 1038 2714 1184 2767; x_wconf 67' lang='lat' dir='ltr'>destuni</span> <span class='ocrx_word' id='word_1_351' title='bbox 1213 2712 1324 2750; x_wconf 85' lang='lat' dir='ltr'>debet</span> 
     </span>
     <span class='ocr_line' id='line_1_50' title="bbox 207 2766 1324 2822; baseline -0.004 -14"><span class='ocrx_word' id='word_1_352' title='bbox 207 2785 228 2808; x_wconf 89' lang='lat' dir='ltr'>a</span> <span class='ocrx_word' id='word_1_353' title='bbox 256 2771 437 2821; x_wconf 74' lang='lat' dir='ltr'>dignitate</span> <span class='ocrx_word' id='word_1_354' title='bbox 463 2782 637 2822; x_wconf 62' lang='lat' dir='ltr'>,personat</span> <span class='ocrx_word' id='word_1_355' title='bbox 666 2767 955 2812; x_wconf 70' lang='lat' dir='ltr'>satisfacientis,</span> <span class='ocrx_word' id='word_1_356' title='bbox 998 2766 1324 2818; x_wconf 84' lang='lat' dir='ltr'>quemadmodum</span> 
     </span>
     <span class='ocr_line' id='line_1_51' title="bbox 208 2819 1323 2876; baseline -0.003 -16"><span class='ocrx_word' id='word_1_357' title='bbox 208 2825 305 2861; x_wconf 87' lang='lat' dir='ltr'>inter</span> <span class='ocrx_word' id='word_1_358' title='bbox 328 2824 531 2870; x_wconf 76' lang='lat' dir='ltr'>homiues,</span> <span class='ocrx_word' id='word_1_359' title='bbox 575 2835 651 2876; x_wconf 91' lang='lat' dir='ltr'>quo</span> <span class='ocrx_word' id='word_1_360' title='bbox 680 2822 830 2873; x_wconf 81' lang='lat' dir='ltr'>dignior</span> <span class='ocrx_word' id='word_1_361' title='bbox 858 2830 910 2858; x_wconf 81' lang='lat' dir='ltr'>est</span> <span class='ocrx_word' id='word_1_362' title='bbox 941 2833 1101 2872; x_wconf 87' lang='lat' dir='ltr'>persona</span> <span class='ocrx_word' id='word_1_363' title='bbox 1127 2835 1165 2858; x_wconf 90' lang='lat' dir='ltr'>se</span> <span class='ocrx_word' id='word_1_364' title='bbox 1194 2819 1323 2857; x_wconf 79' lang='lat' dir='ltr'>humi-</span> 
     </span>
     <span class='ocr_line' id='line_1_52' title="bbox 211 2872 1323 2930; baseline -0.002 -18"><span class='ocrx_word' id='word_1_365' title='bbox 211 2875 334 2924; x_wconf 83' lang='lat' dir='ltr'>lians,</span> <span class='ocrx_word' id='word_1_366' title='bbox 371 2877 404 2914; x_wconf 74' lang='grc'>81</span> <span class='ocrx_word' id='word_1_367' title='bbox 436 2879 579 2930; x_wconf 86' lang='lat' dir='ltr'>patiens</span> <span class='ocrx_word' id='word_1_368' title='bbox 607 2889 675 2928; x_wconf 87' lang='lat' dir='ltr'>pro</span> <span class='ocrx_word' id='word_1_369' title='bbox 705 2875 913 2927; x_wconf 87' lang='lat' dir='ltr'>reparanda</span> <span class='ocrx_word' id='word_1_370' title='bbox 943 2875 1088 2926; x_wconf 72' lang='lat' dir='ltr'>injuria</span> <span class='ocrx_word' id='word_1_371' title='bbox 1117 2873 1223 2911; x_wconf 81' lang='lat' dir='ltr'>il-lata</span> <span class='ocrx_word' id='word_1_372' title='bbox 1253 2872 1323 2910; x_wconf 83' lang='lat' dir='ltr'>Re-</span> 
     </span>
     <span class='ocr_line' id='line_1_53' title="bbox 205 2927 1321 2983; baseline -0.002 -18"><span class='ocrx_word' id='word_1_373' title='bbox 205 2930 249 2980; x_wconf 78' lang='lat' dir='ltr'>gi</span> <span class='ocrx_word' id='word_1_374' title='bbox 267 2959 277 2976; x_wconf 93' lang='lat'>,</span> <span class='ocrx_word' id='word_1_375' title='bbox 317 2943 360 2966; x_wconf 88' lang='lat' dir='ltr'>eo</span> <span class='ocrx_word' id='word_1_376' title='bbox 389 2932 510 2983; x_wconf 71' lang='lat' dir='ltr'>major</span> <span class='ocrx_word' id='word_1_377' title='bbox 540 2930 744 2968; x_wconf 86' lang='lat' dir='ltr'>satisfactio</span> <span class='ocrx_word' id='word_1_378' title='bbox 787 2937 983 2981; x_wconf 89' lang='lat' dir='ltr'>reputatur</span> <span class='ocrx_word' id='word_1_379' title='bbox 1004 2955 1014 2966; x_wconf 90' lang='lat'><strong><em>.</em></strong></span> <span class='ocrx_word' id='word_1_380' title='bbox 1062 2927 1136 2966; x_wconf 81' lang='lat' dir='ltr'>Sed</span> <span class='ocrx_word' id='word_1_381' title='bbox 1165 2927 1321 2978; x_wconf 79' lang='lat' dir='ltr'>dignitas</span> 
     </span>
     <span class='ocr_line' id='line_1_54' title="bbox 206 2980 1322 3035; baseline -0.001 -17"><span class='ocrx_word' id='word_1_382' title='bbox 206 2995 380 3035; x_wconf 69' lang='lat' dir='ltr'>personas</span> <span class='ocrx_word' id='word_1_383' title='bbox 409 2985 547 3022; x_wconf 82' lang='lat' dir='ltr'>Christi</span> <span class='ocrx_word' id='word_1_384' title='bbox 579 2982 802 3030; x_wconf 84' lang='lat' dir='ltr'>humiliati,</span> <span class='ocrx_word' id='word_1_385' title='bbox 832 2982 1030 3033; x_wconf 79' lang='lat' dir='ltr'>patientis,</span> <span class='ocrx_word' id='word_1_386' title='bbox 1060 2980 1093 3017; x_wconf 70' lang='lat'>8&lt;</span> <span class='ocrx_word' id='word_1_387' title='bbox 1124 2981 1322 3018; x_wconf 87' lang='lat' dir='ltr'>morientis</span> 
     </span>
     <span class='ocr_line' id='line_1_55' title="bbox 213 3033 1321 3089; baseline 0.001 -17"><span class='ocrx_word' id='word_1_388' title='bbox 213 3048 284 3087; x_wconf 83' lang='lat' dir='ltr'>pro</span> <span class='ocrx_word' id='word_1_389' title='bbox 312 3039 440 3075; x_wconf 85' lang='lat' dir='ltr'>nostris</span> <span class='ocrx_word' id='word_1_390' title='bbox 470 3039 657 3089; x_wconf 86' lang='lat' dir='ltr'>peccatis,</span> <span class='ocrx_word' id='word_1_391' title='bbox 695 3045 749 3075; x_wconf 88' lang='lat' dir='ltr'>est</span> <span class='ocrx_word' id='word_1_392' title='bbox 771 3036 944 3074; x_wconf 76' lang='lat' dir='ltr'>infinita:</span> <span class='ocrx_word' id='word_1_393' title='bbox 987 3047 1077 3087; x_wconf 85' lang='lat' dir='ltr'>ergo</span> <span class='ocrx_word' id='word_1_394' title='bbox 1104 3034 1220 3072; x_wconf 86' lang='lat' dir='ltr'>etiam</span> <span class='ocrx_word' id='word_1_395' title='bbox 1250 3033 1321 3073; x_wconf 76' lang='lat' dir='ltr'>&amp;c-</span> 
     </span>
    </p>
   </div>
   <div class='ocr_carea' id='block_1_3' title="bbox 215 3181 1329 3368">
    <p class='ocr_par' dir='ltr' id='par_1_10' title="bbox 215 3181 1329 3368">
     <span class='ocr_line' id='line_1_56' title="bbox 262 3181 1325 3232; baseline -0.004 -12"><span class='ocrx_word' id='word_1_396' title='bbox 262 3185 309 3220; x_wconf 72' lang='grc' dir='ltr'>(α)</span> <span class='ocrx_word' id='word_1_397' title='bbox 335 3181 506 3232; x_wconf 66' lang='lat' dir='ltr'>Magister</span> <span class='ocrx_word' id='word_1_398' title='bbox 540 3185 790 3219; x_wconf 78' lang='lat' dir='ltr'>sententiarum</span> <span class='ocrx_word' id='word_1_399' title='bbox 828 3186 862 3219; x_wconf 88' lang='lat' dir='ltr'>in</span> <span class='ocrx_word' id='word_1_400' title='bbox 900 3185 978 3218; x_wconf 87' lang='lat' dir='ltr'>Lib.</span> <span class='ocrx_word' id='word_1_401' title='bbox 1006 3185 1064 3218; x_wconf 83' lang='grc' dir='ltr'><strong>ΠΙ.</strong></span> <span class='ocrx_word' id='word_1_402' title='bbox 1107 3184 1210 3218; x_wconf 86' lang='lat' dir='ltr'>initio</span> <span class='ocrx_word' id='word_1_403' title='bbox 1233 3182 1325 3216; x_wconf 78' lang='lat' dir='ltr'>D&#39;ist.</span> 
     </span>
     <span class='ocr_line' id='line_1_57' title="bbox 216 3227 1327 3280; baseline 0.001 -18"><span class='ocrx_word' id='word_1_404' title='bbox 216 3228 349 3280; x_wconf 62' lang='lat' dir='ltr'>xym.</span> <span class='ocrx_word' id='word_1_405' title='bbox 376 3227 508 3271; x_wconf 77' lang='lat' dir='ltr'>aliquos</span> <span class='ocrx_word' id='word_1_406' title='bbox 534 3241 720 3272; x_wconf 72' lang='lat' dir='ltr'>memorat,</span> <span class='ocrx_word' id='word_1_407' title='bbox 749 3233 808 3277; x_wconf 85' lang='lat' dir='ltr'>qni</span> <span class='ocrx_word' id='word_1_408' title='bbox 837 3231 1020 3266; x_wconf 83' lang='lat' dir='ltr'>Christum</span> <span class='ocrx_word' id='word_1_409' title='bbox 1045 3232 1111 3265; x_wconf 85' lang='lat' dir='ltr'>sibi</span> <span class='ocrx_word' id='word_1_410' title='bbox 1141 3231 1226 3264; x_wconf 86' lang='lat' dir='ltr'>nihil</span> <span class='ocrx_word' id='word_1_411' title='bbox 1255 3243 1327 3263; x_wconf 86' lang='lat' dir='ltr'>me-</span> 
     </span>
     <span class='ocr_line' id='line_1_58' title="bbox 215 3274 1329 3314; baseline 0.003 -7"><span class='ocrx_word' id='word_1_412' title='bbox 215 3286 327 3308; x_wconf 82' lang='lat' dir='ltr'>ruisse</span> <span class='ocrx_word' id='word_1_413' title='bbox 354 3274 540 3314; x_wconf 77' lang='lat' dir='ltr'>volebant,</span> <span class='ocrx_word' id='word_1_414' title='bbox 567 3276 623 3308; x_wconf 82' lang='lat' dir='ltr'>sed</span> <span class='ocrx_word' id='word_1_415' title='bbox 649 3286 782 3311; x_wconf 75' lang='lat' dir='ltr'>tantum</span> <span class='ocrx_word' id='word_1_416' title='bbox 810 3280 930 3312; x_wconf 82' lang='lat' dir='ltr'>nobis.</span> <span class='ocrx_word' id='word_1_417' title='bbox 959 3279 1092 3311; x_wconf 89' lang='lat' dir='ltr'>Horum</span> <span class='ocrx_word' id='word_1_418' title='bbox 1111 3289 1264 3311; x_wconf 83' lang='lat' dir='ltr'>errorem</span> <span class='ocrx_word' id='word_1_419' title='bbox 1291 3290 1329 3310; x_wconf 85' lang='lat' dir='ltr'>a·</span> 
     </span>
     <span class='ocr_line' id='line_1_59' title="bbox 218 3319 1328 3368; baseline 0.004 -16"><span class='ocrx_word' id='word_1_420' title='bbox 218 3319 375 3365; x_wconf 76' lang='lat' dir='ltr'>doptavit</span> <span class='ocrx_word' id='word_1_421' title='bbox 402 3320 569 3352; x_wconf 84' lang='lat' dir='ltr'>Calvinus</span> <span class='ocrx_word' id='word_1_422' title='bbox 597 3322 672 3354; x_wconf 84' lang='lat' dir='ltr'>Lib.</span> <span class='ocrx_word' id='word_1_423' title='bbox 702 3326 740 3355; x_wconf 87' lang='grc' dir='ltr'>ΙΙ.</span> <span class='ocrx_word' id='word_1_424' title='bbox 769 3324 884 3359; x_wconf 81' lang='lat' dir='ltr'>Instit.</span> <span class='ocrx_word' id='word_1_425' title='bbox 905 3337 934 3358; x_wconf 84' lang='lat' dir='ltr'>c.</span> <span class='ocrx_word' id='word_1_426' title='bbox 963 3336 1015 3368; x_wconf 89' lang='lat'>¹7·</span> <span class='ocrx_word' id='word_1_427' title='bbox 1043 3329 1072 3366; x_wconf 64' lang='lat'>§-</span> <span class='ocrx_word' id='word_1_428' title='bbox 1093 3326 1149 3364; x_wconf 82' lang='lat'>6.,</span> <span class='ocrx_word' id='word_1_429' title='bbox 1176 3325 1233 3357; x_wconf 87' lang='lat' dir='ltr'>ubi</span> <span class='ocrx_word' id='word_1_430' title='bbox 1256 3335 1328 3356; x_wconf 84' lang='lat' dir='ltr'>rno-</span> 
     </span>
    </p>
   </div>
   <div class='ocr_carea' id='block_1_4' title="bbox 217 3365 1329 3411">
    <p class='ocr_par' dir='ltr' id='par_1_11' title="bbox 217 3365 1329 3411">
     <span class='ocr_line' id='line_1_60' title="bbox 217 3365 1329 3411; baseline 0.004 -12"><span class='ocrx_word' id='word_1_431' title='bbox 217 3378 254 3400; x_wconf 74' lang='lat' dir='ltr'>re</span> <span class='ocrx_word' id='word_1_432' title='bbox 277 3379 339 3401; x_wconf 84' lang='lat' dir='ltr'>suo</span> <span class='ocrx_word' id='word_1_433' title='bbox 363 3365 593 3402; x_wconf 74' lang='lat' dir='ltr'>Sclxolastieos</span> <span class='ocrx_word' id='word_1_434' title='bbox 620 3367 734 3410; x_wconf 69' lang='lat' dir='ltr'>finita</span> <span class='ocrx_word' id='word_1_435' title='bbox 761 3375 1002 3411; x_wconf 70' lang='lat' dir='ltr'>curiositatis,</span> <span class='ocrx_word' id='word_1_436' title='bbox 1045 3376 1086 3404; x_wconf 70' lang='lat'>(5⁶</span> <span class='ocrx_word' id='word_1_437' title='bbox 1123 3373 1329 3407; x_wconf 71' lang='lat' dir='ltr'>temeritatis</span> 
     </span>
    </p>
   </div>
   <div class='ocr_carea' id='block_1_5' title="bbox 752 124 1917 172">
    <p class='ocr_par' dir='ltr' id='par_1_12' title="bbox 752 124 1917 172">
     <span class='ocr_line' id='line_1_61' title="bbox 752 124 1917 172; baseline -0.001 0"><span class='ocrx_word' id='word_1_438' title='bbox 752 130 832 172; x_wconf 83' lang='lat' dir='ltr'>DE</span> <span class='ocrx_word' id='word_1_439' title='bbox 868 126 1118 170; x_wconf 84' lang='lat' dir='ltr'>INCARN.</span> <span class='ocrx_word' id='word_1_440' title='bbox 1152 124 1321 168; x_wconf 79' lang='lat' dir='ltr'><strong>SECT.</strong></span> <span class='ocrx_word' id='word_1_441' title='bbox 1343 124 1400 166; x_wconf 84' lang='lat'>11.</span> <span class='ocrx_word' id='word_1_442' title='bbox 1433 124 1676 168; x_wconf 80' lang='lat' dir='ltr'><strong>DISS.1V.</strong></span> <span class='ocrx_word' id='word_1_443' title='bbox 1704 126 1838 169; x_wconf 58' lang='lat' dir='ltr'><strong>vCAP.</strong></span> <span class='ocrx_word' id='word_1_444' title='bbox 1861 127 1917 171; x_wconf 87' lang='lat' dir='ltr'>V.</span> 
     </span>
    </p>
   </div>
   <div class='ocr_carea' id='block_1_6' title="bbox 1360 205 2504 2176">
    <p class='ocr_par' dir='ltr' id='par_1_13' title="bbox 1360 205 2474 473">
     <span class='ocr_line' id='line_1_62' title="bbox 1364 205 2470 255; baseline 0.003 -15"><span class='ocrx_word' id='word_1_445' title='bbox 1364 206 1504 255; x_wconf 80' lang='lat' dir='ltr'>Operae</span> <span class='ocrx_word' id='word_1_446' title='bbox 1521 214 1648 242; x_wconf 85' lang='lat' dir='ltr'>autem</span> <span class='ocrx_word' id='word_1_447' title='bbox 1662 205 1830 254; x_wconf 26' lang='lat' dir='ltr'>,pretium</span> <span class='ocrx_word' id='word_1_448' title='bbox 1844 218 1917 242; x_wconf 85' lang='lat' dir='ltr'>non</span> <span class='ocrx_word' id='word_1_449' title='bbox 1933 205 2108 255; x_wconf 85' lang='lat' dir='ltr'>arbitror,</span> <span class='ocrx_word' id='word_1_450' title='bbox 2125 220 2185 244; x_wconf 85' lang='lat' dir='ltr'>eas</span> <span class='ocrx_word' id='word_1_451' title='bbox 2200 206 2355 246; x_wconf 67' lang='lat' dir='ltr'>subtiles</span> <span class='ocrx_word' id='word_1_452' title='bbox 2371 209 2470 249; x_wconf 75' lang='grc' dir='ltr'>1111ἶὶ-</span> 
     </span>
     <span class='ocr_line' id='line_1_63' title="bbox 1360 257 2474 306; baseline 0.005 -9"><span class='ocrx_word' id='word_1_453' title='bbox 1360 257 1514 299; x_wconf 81' lang='lat' dir='ltr'>cultates</span> <span class='ocrx_word' id='word_1_454' title='bbox 1544 257 1734 303; x_wconf 76' lang='lat' dir='ltr'>enodare,</span> <span class='ocrx_word' id='word_1_455' title='bbox 1764 270 1857 306; x_wconf 88' lang='lat' dir='ltr'>quas</span> <span class='ocrx_word' id='word_1_456' title='bbox 1885 260 1986 295; x_wconf 72' lang='lat' dir='ltr'>acuti</span> <span class='ocrx_word' id='word_1_457' title='bbox 2015 259 2183 298; x_wconf 79' lang='lat' dir='ltr'>Scotistae</span> <span class='ocrx_word' id='word_1_458' title='bbox 2213 271 2344 299; x_wconf 85' lang='lat' dir='ltr'>contra</span> <span class='ocrx_word' id='word_1_459' title='bbox 2374 263 2474 303; x_wconf 79' lang='lat' dir='ltr'>hane</span> 
     </span>
     <span class='ocr_line' id='line_1_64' title="bbox 1363 308 2474 354; baseline -0.003 -5"><span class='ocrx_word' id='word_1_460' title='bbox 1363 323 1608 352; x_wconf 80' lang='lat' dir='ltr'>communem</span> <span class='ocrx_word' id='word_1_461' title='bbox 1642 309 1718 345; x_wconf 88' lang='lat' dir='ltr'>fere</span> <span class='ocrx_word' id='word_1_462' title='bbox 1733 308 1896 346; x_wconf 87' lang='lat' dir='ltr'>aliorum</span> <span class='ocrx_word' id='word_1_463' title='bbox 1913 309 2230 352; x_wconf 73' lang='lat' dir='ltr'>Scholasticorum</span> <span class='ocrx_word' id='word_1_464' title='bbox 2251 319 2474 354; x_wconf 61' lang='lat' dir='ltr'>sentemiam</span> 
     </span>
     <span class='ocr_line' id='line_1_65' title="bbox 1360 363 2474 419; baseline 0.004 -15"><span class='ocrx_word' id='word_1_465' title='bbox 1360 366 1602 408; x_wconf 82' lang='lat' dir='ltr'>excitarunt3</span> <span class='ocrx_word' id='word_1_466' title='bbox 1639 376 1734 412; x_wconf 81' lang='lat' dir='ltr'>quas</span> <span class='ocrx_word' id='word_1_467' title='bbox 1762 363 1925 413; x_wconf 82' lang='lat' dir='ltr'>quisque</span> <span class='ocrx_word' id='word_1_468' title='bbox 1952 375 2023 412; x_wconf 56' lang='lat' dir='ltr'>,pro</span> <span class='ocrx_word' id='word_1_469' title='bbox 2051 363 2174 405; x_wconf 87' lang='lat' dir='ltr'>lubitu</span> <span class='ocrx_word' id='word_1_470' title='bbox 2202 370 2304 419; x_wconf 85' lang='lat' dir='ltr'>apud</span> <span class='ocrx_word' id='word_1_471' title='bbox 2335 372 2474 408; x_wconf 87' lang='lat' dir='ltr'>utrius·</span> 
     </span>
     <span class='ocr_line' id='line_1_66' title="bbox 1361 415 2241 473; baseline 0.001 -16"><span class='ocrx_word' id='word_1_472' title='bbox 1361 433 1439 473; x_wconf 88' lang='lat' dir='ltr'>que</span> <span class='ocrx_word' id='word_1_473' title='bbox 1469 415 1608 455; x_wconf 72' lang='lat' dir='ltr'>scholae</span> <span class='ocrx_word' id='word_1_474' title='bbox 1639 415 1848 467; x_wconf 79' lang='lat' dir='ltr'>Theologos</span> <span class='ocrx_word' id='word_1_475' title='bbox 1879 417 2054 454; x_wconf 78' lang='lat' dir='ltr'>invenire</span> <span class='ocrx_word' id='word_1_476' title='bbox 2081 422 2241 468; x_wconf 84' lang='lat' dir='ltr'>poterit.</span> 
     </span>
    </p>

    <p class='ocr_par' dir='ltr' id='par_1_14' title="bbox 1363 468 2477 575">
     <span class='ocr_line' id='line_1_67' title="bbox 1417 468 2477 528; baseline 0.008 -21"><span class='ocrx_word' id='word_1_477' title='bbox 1417 472 1578 519; x_wconf 75' lang='lat' dir='ltr'>Quaeres</span> <span class='ocrx_word' id='word_1_478' title='bbox 1606 468 1795 516; x_wconf 86' lang='lat' dir='ltr'>secundo,</span> <span class='ocrx_word' id='word_1_479' title='bbox 1844 481 1888 504; x_wconf 64' lang='lat' dir='ltr'>ex</span> <span class='ocrx_word' id='word_1_480' title='bbox 1918 482 1995 520; x_wconf 81' lang='lat' dir='ltr'>qua</span> <span class='ocrx_word' id='word_1_481' title='bbox 2023 468 2169 520; x_wconf 81' lang='lat' dir='ltr'>justitia</span> <span class='ocrx_word' id='word_1_482' title='bbox 2196 473 2366 514; x_wconf 89' lang='lat' dir='ltr'>Christus</span> <span class='ocrx_word' id='word_1_483' title='bbox 2408 488 2477 528; x_wconf 88' lang='lat' dir='ltr'>pro</span> 
     </span>
     <span class='ocr_line' id='line_1_68' title="bbox 1363 521 1928 575; baseline -0.014 -10"><span class='ocrx_word' id='word_1_484' title='bbox 1363 527 1498 566; x_wconf 80' lang='lat' dir='ltr'>uostris</span> <span class='ocrx_word' id='word_1_485' title='bbox 1529 523 1691 575; x_wconf 84' lang='lat' dir='ltr'>pcccatis</span> <span class='ocrx_word' id='word_1_486' title='bbox 1719 521 1928 559; x_wconf 76' lang='lat' dir='ltr'>satisfecit.</span> 
     </span>
    </p>

    <p class='ocr_par' dir='ltr' id='par_1_15' title="bbox 1363 574 2494 1268">
     <span class='ocr_line' id='line_1_69' title="bbox 1428 574 2480 628; baseline 0.005 -12"><span class='ocrx_word' id='word_1_487' title='bbox 1428 578 1514 623; x_wconf 71' lang='grc'>184.</span> <span class='ocrx_word' id='word_1_488' title='bbox 1544 577 1687 628; x_wconf 43' lang='grc' dir='ltr'>Ηεερη</span> <span class='ocrx_word' id='word_1_489' title='bbox 1730 575 1953 613; x_wconf 82' lang='lat' dir='ltr'>satisfecisse</span> <span class='ocrx_word' id='word_1_490' title='bbox 1983 588 2026 612; x_wconf 86' lang='lat' dir='ltr'>ex</span> <span class='ocrx_word' id='word_1_491' title='bbox 2057 574 2202 626; x_wconf 82' lang='lat' dir='ltr'>justitia</span> <span class='ocrx_word' id='word_1_492' title='bbox 2233 583 2480 621; x_wconf 69' lang='lat' dir='ltr'>⁴commutati-</span> 
     </span>
     <span class='ocr_line' id='line_1_70' title="bbox 1368 628 2483 684; baseline 0.004 -14"><span class='ocrx_word' id='word_1_493' title='bbox 1368 647 1444 680; x_wconf 90' lang='lat' dir='ltr'>va,</span> <span class='ocrx_word' id='word_1_494' title='bbox 1474 646 1550 683; x_wconf 87' lang='lat' dir='ltr'>qua</span> <span class='ocrx_word' id='word_1_495' title='bbox 1579 640 1723 668; x_wconf 81' lang='lat' dir='ltr'>tautum</span> <span class='ocrx_word' id='word_1_496' title='bbox 1756 629 1907 666; x_wconf 79' lang='lat' dir='ltr'>honoris</span> <span class='ocrx_word' id='word_1_497' title='bbox 1936 628 2020 666; x_wconf 91' lang='lat' dir='ltr'>Deo</span> <span class='ocrx_word' id='word_1_498' title='bbox 2047 644 2115 668; x_wconf 82' lang='lat' dir='ltr'>sua</span> <span class='ocrx_word' id='word_1_499' title='bbox 2143 640 2265 668; x_wconf 86' lang='lat' dir='ltr'>morte</span> <span class='ocrx_word' id='word_1_500' title='bbox 2295 634 2483 684; x_wconf 86' lang='lat' dir='ltr'>reddidit,</span> 
     </span>
     <span class='ocr_line' id='line_1_71' title="bbox 1369 681 2486 737; baseline 0.003 -14"><span class='ocrx_word' id='word_1_501' title='bbox 1369 694 1557 737; x_wconf 81' lang='lat' dir='ltr'>quantum</span> <span class='ocrx_word' id='word_1_502' title='bbox 1588 683 1647 721; x_wconf 83' lang='lat' dir='ltr'>illi</span> <span class='ocrx_word' id='word_1_503' title='bbox 1678 683 1800 720; x_wconf 82' lang='lat' dir='ltr'>fuerat</span> <span class='ocrx_word' id='word_1_504' title='bbox 1829 683 1962 719; x_wconf 74' lang='lat' dir='ltr'>nostris</span> <span class='ocrx_word' id='word_1_505' title='bbox 1990 681 2143 721; x_wconf 77' lang='lat' dir='ltr'>offensis</span> <span class='ocrx_word' id='word_1_506' title='bbox 2164 683 2355 722; x_wconf 86' lang='lat' dir='ltr'>ablatum:</span> <span class='ocrx_word' id='word_1_507' title='bbox 2386 689 2486 726; x_wconf 87' lang='lat' dir='ltr'>unde</span> 
     </span>
     <span class='ocr_line' id='line_1_72' title="bbox 1370 735 2488 791; baseline 0.002 -16"><span class='ocrx_word' id='word_1_508' title='bbox 1370 738 1568 789; x_wconf 81' lang='lat' dir='ltr'>Apostolus</span> <span class='ocrx_word' id='word_1_509' title='bbox 1597 738 1643 774; x_wconf 91' lang='lat' dir='ltr'>ad</span> <span class='ocrx_word' id='word_1_510' title='bbox 1672 735 1811 774; x_wconf 75' lang='lat' dir='ltr'>coloss.</span> <span class='ocrx_word' id='word_1_511' title='bbox 1831 736 1884 774; x_wconf 85' lang='grc' dir='ltr'>ΙΙ.</span> <span class='ocrx_word' id='word_1_512' title='bbox 1911 735 1998 784; x_wconf 68' lang='grc'>14..,</span> <span class='ocrx_word' id='word_1_513' title='bbox 2027 737 2074 774; x_wconf 92' lang='lat' dir='ltr'>de</span> <span class='ocrx_word' id='word_1_514' title='bbox 2103 737 2300 776; x_wconf 88' lang='lat' dir='ltr'>beneficiis</span> <span class='ocrx_word' id='word_1_515' title='bbox 2327 738 2488 791; x_wconf 82' lang='lat' dir='ltr'>loquens</span> 
     </span>
     <span class='ocr_line' id='line_1_73' title="bbox 1367 789 2488 845; baseline 0.002 -16"><span class='ocrx_word' id='word_1_516' title='bbox 1367 792 1478 829; x_wconf 83' lang='lat' dir='ltr'>nobis</span> <span class='ocrx_word' id='word_1_517' title='bbox 1507 806 1528 828; x_wconf 88' lang='lat' dir='ltr'>a</span> <span class='ocrx_word' id='word_1_518' title='bbox 1548 791 1744 828; x_wconf 81' lang='lat' dir='ltr'>Servatore</span> <span class='ocrx_word' id='word_1_519' title='bbox 1775 798 1896 826; x_wconf 89' lang='lat' dir='ltr'>nostro</span> <span class='ocrx_word' id='word_1_520' title='bbox 1925 789 2098 838; x_wconf 88' lang='lat' dir='ltr'>collatis,</span> <span class='ocrx_word' id='word_1_521' title='bbox 2130 790 2307 840; x_wconf 81' lang='lat' dir='ltr'>Delens,</span> <span class='ocrx_word' id='word_1_522' title='bbox 2338 793 2488 845; x_wconf 83' lang='lat' dir='ltr'>inquit,</span> 
     </span>
     <span class='ocr_line' id='line_1_74' title="bbox 1363 842 2487 896; baseline 0.005 -18"><span class='ocrx_word' id='word_1_523' title='bbox 1363 843 1472 895; x_wconf 58' lang='lat' dir='ltr'>quoti</span> <span class='ocrx_word' id='word_1_524' title='bbox 1501 843 1711 881; x_wconf 68' lang='lat' dir='ltr'>adversum</span> <span class='ocrx_word' id='word_1_525' title='bbox 1741 856 1811 879; x_wconf 82' lang='lat' dir='ltr'>nos</span> <span class='ocrx_word' id='word_1_526' title='bbox 1833 852 1919 880; x_wconf 55' lang='lat' dir='ltr'>ertit</span> <span class='ocrx_word' id='word_1_527' title='bbox 1937 874 1946 891; x_wconf 93' lang='lat'>,</span> <span class='ocrx_word' id='word_1_528' title='bbox 1978 842 2283 896; x_wconf 64' lang='lat' dir='ltr'>chirographum</span> <span class='ocrx_word' id='word_1_529' title='bbox 2312 845 2487 894; x_wconf 79' lang='lat' dir='ltr'>decreti,</span> 
     </span>
     <span class='ocr_line' id='line_1_75' title="bbox 1370 896 2490 949; baseline 0.004 -16"><span class='ocrx_word' id='word_1_530' title='bbox 1370 896 1472 948; x_wconf 71' lang='lat' dir='ltr'>quod</span> <span class='ocrx_word' id='word_1_531' title='bbox 1500 905 1588 933; x_wconf 75' lang='lat' dir='ltr'>erat</span> <span class='ocrx_word' id='word_1_532' title='bbox 1617 901 1862 933; x_wconf 70' lang='lat' dir='ltr'>contrarium</span> <span class='ocrx_word' id='word_1_533' title='bbox 1894 896 2030 946; x_wconf 74' lang='lat' dir='ltr'>nobis,</span> <span class='ocrx_word' id='word_1_534' title='bbox 2078 898 2127 938; x_wconf 63' lang='lat'>(9³</span> <span class='ocrx_word' id='word_1_535' title='bbox 2157 903 2284 949; x_wconf 79' lang='lat' dir='ltr'>ipsum</span> <span class='ocrx_word' id='word_1_536' title='bbox 2327 900 2411 936; x_wconf 72' lang='lat' dir='ltr'>tulit</span> <span class='ocrx_word' id='word_1_537' title='bbox 2441 899 2490 937; x_wconf 65' lang='lat' dir='ltr'>cle</span> 
     </span>
     <span class='ocr_line' id='line_1_76' title="bbox 1373 948 2490 1004; baseline 0.003 -16"><span class='ocrx_word' id='word_1_538' title='bbox 1373 949 1503 988; x_wconf 69' lang='lat' dir='ltr'>medio</span> <span class='ocrx_word' id='word_1_539' title='bbox 1533 948 1704 1000; x_wconf 75' lang='lat' dir='ltr'>affigens</span> <span class='ocrx_word' id='word_1_540' title='bbox 1734 949 1828 986; x_wconf 71' lang='lat' dir='ltr'>illud</span> <span class='ocrx_word' id='word_1_541' title='bbox 1860 948 2002 987; x_wconf 71' lang='lat' dir='ltr'>Cruci:</span> <span class='ocrx_word' id='word_1_542' title='bbox 2039 980 2064 998; x_wconf 88' lang='lat'><strong>„</strong></span> <span class='ocrx_word' id='word_1_543' title='bbox 2091 965 2163 1003; x_wconf 73' lang='lat' dir='ltr'>,per</span> <span class='ocrx_word' id='word_1_544' title='bbox 2191 967 2310 1004; x_wconf 85' lang='lat' dir='ltr'>quam</span> <span class='ocrx_word' id='word_1_545' title='bbox 2342 953 2490 991; x_wconf 80' lang='lat' dir='ltr'>satisfa-</span> 
     </span>
     <span class='ocr_line' id='line_1_77' title="bbox 1373 1001 2488 1055; baseline 0.003 -14"><span class='ocrx_word' id='word_1_546' title='bbox 1373 1033 1399 1053; x_wconf 89' lang='lat'>„</span> <span class='ocrx_word' id='word_1_547' title='bbox 1429 1005 1529 1041; x_wconf 88' lang='lat' dir='ltr'>ciens</span> <span class='ocrx_word' id='word_1_548' title='bbox 1562 1002 1644 1038; x_wconf 86' lang='lat' dir='ltr'>Deo</span> <span class='ocrx_word' id='word_1_549' title='bbox 1672 1001 1759 1038; x_wconf 85' lang='lat' dir='ltr'>tulit</span> <span class='ocrx_word' id='word_1_550' title='bbox 1791 1014 1989 1051; x_wconf 83' lang='lat' dir='ltr'>peccatum</span> <span class='ocrx_word' id='word_1_551' title='bbox 2021 1014 2191 1042; x_wconf 87' lang='lat' dir='ltr'>nostrum</span> <span class='ocrx_word' id='word_1_552' title='bbox 2210 1037 2221 1055; x_wconf 88' lang='lat'>,</span> <span class='ocrx_word' id='word_1_553' title='bbox 2259 1009 2284 1028; x_wconf 86' lang='lat'><strong>“</strong></span> <span class='ocrx_word' id='word_1_554' title='bbox 2316 1015 2355 1044; x_wconf 90' lang='lat' dir='ltr'>ut</span> <span class='ocrx_word' id='word_1_555' title='bbox 2384 1018 2488 1045; x_wconf 87' lang='lat' dir='ltr'>com-</span> 
     </span>
     <span class='ocr_line' id='line_1_78' title="bbox 1374 1053 2493 1099; baseline 0.004 -5"><span class='ocrx_word' id='word_1_556' title='bbox 1374 1065 1563 1095; x_wconf 87' lang='lat' dir='ltr'>mentatur</span> <span class='ocrx_word' id='word_1_557' title='bbox 1592 1055 1633 1093; x_wconf 86' lang='lat' dir='ltr'>S.</span> <span class='ocrx_word' id='word_1_558' title='bbox 1652 1053 1820 1090; x_wconf 82' lang='lat' dir='ltr'>Thomas</span> <span class='ocrx_word' id='word_1_559' title='bbox 1852 1056 1887 1091; x_wconf 79' lang='lat' dir='ltr'>in</span> <span class='ocrx_word' id='word_1_560' title='bbox 1917 1056 2018 1094; x_wconf 87' lang='lat' dir='ltr'>huuc</span> <span class='ocrx_word' id='word_1_561' title='bbox 2049 1057 2207 1096; x_wconf 83' lang='lat' dir='ltr'>locum.</span> <span class='ocrx_word' id='word_1_562' title='bbox 2234 1060 2338 1098; x_wconf 85' lang='lat' dir='ltr'>Hinc</span> <span class='ocrx_word' id='word_1_563' title='bbox 2367 1070 2419 1099; x_wconf 89' lang='lat' dir='ltr'>est</span> <span class='ocrx_word' id='word_1_564' title='bbox 2439 1068 2493 1098; x_wconf 86' lang='lat' dir='ltr'>et·</span> 
     </span>
     <span class='ocr_line' id='line_1_79' title="bbox 1376 1108 2493 1161; baseline 0.003 -12"><span class='ocrx_word' id='word_1_565' title='bbox 1376 1112 1453 1149; x_wconf 85' lang='lat' dir='ltr'>iam</span> <span class='ocrx_word' id='word_1_566' title='bbox 1471 1140 1480 1158; x_wconf 86' lang='lat'>‚</span> <span class='ocrx_word' id='word_1_567' title='bbox 1510 1108 1612 1161; x_wconf 82' lang='lat' dir='ltr'>quod</span> <span class='ocrx_word' id='word_1_568' title='bbox 1643 1108 1681 1144; x_wconf 88' lang='lat' dir='ltr'>in</span> <span class='ocrx_word' id='word_1_569' title='bbox 1709 1108 1828 1144; x_wconf 82' lang='lat' dir='ltr'>sacris</span> <span class='ocrx_word' id='word_1_570' title='bbox 1854 1110 2003 1158; x_wconf 80' lang='lat' dir='ltr'>paginis</span> <span class='ocrx_word' id='word_1_571' title='bbox 2032 1112 2236 1150; x_wconf 82' lang='lat' dir='ltr'>satisfactio</span> <span class='ocrx_word' id='word_1_572' title='bbox 2255 1112 2394 1152; x_wconf 88' lang='lat' dir='ltr'>Christi</span> <span class='ocrx_word' id='word_1_573' title='bbox 2426 1127 2493 1152; x_wconf 83' lang='lat' dir='ltr'>vo·</span> 
     </span>
     <span class='ocr_line' id='line_1_80' title="bbox 1372 1159 2494 1219; baseline 0.003 -17"><span class='ocrx_word' id='word_1_574' title='bbox 1372 1173 1483 1203; x_wconf 62' lang='lat' dir='ltr'>&gt;catur</span> <span class='ocrx_word' id='word_1_575' title='bbox 1512 1165 1682 1212; x_wconf 78' lang='lat' dir='ltr'>emptio,</span> <span class='ocrx_word' id='word_1_576' title='bbox 1714 1159 1931 1211; x_wconf 71' lang='lat' dir='ltr'>redemptio</span> <span class='ocrx_word' id='word_1_577' title='bbox 1949 1191 1958 1208; x_wconf 93' lang='lat'>,</span> <span class='ocrx_word' id='word_1_578' title='bbox 1988 1161 2037 1200; x_wconf 62' lang='lat'>(⁶)-</span> <span class='ocrx_word' id='word_1_579' title='bbox 2066 1164 2202 1201; x_wconf 66' lang='lat' dir='ltr'>solutio</span> <span class='ocrx_word' id='word_1_580' title='bbox 2230 1170 2373 1214; x_wconf 68' lang='lat' dir='ltr'>pretii5</span> <span class='ocrx_word' id='word_1_581' title='bbox 2402 1179 2494 1219; x_wconf 80' lang='lat' dir='ltr'>quae</span> 
     </span>
     <span class='ocr_line' id='line_1_81' title="bbox 1378 1213 2494 1268; baseline 0.003 -12"><span class='ocrx_word' id='word_1_582' title='bbox 1378 1218 1531 1257; x_wconf 78' lang='lat' dir='ltr'>nom-ina</span> <span class='ocrx_word' id='word_1_583' title='bbox 1546 1216 1698 1268; x_wconf 86' lang='lat' dir='ltr'>proprie</span> <span class='ocrx_word' id='word_1_584' title='bbox 1714 1222 1884 1266; x_wconf 76' lang='lat' dir='ltr'>spectant</span> <span class='ocrx_word' id='word_1_585' title='bbox 1899 1215 1945 1252; x_wconf 90' lang='lat' dir='ltr'>ad</span> <span class='ocrx_word' id='word_1_586' title='bbox 1962 1213 2147 1264; x_wconf 83' lang='lat' dir='ltr'>justitiam</span> <span class='ocrx_word' id='word_1_587' title='bbox 2164 1222 2494 1258; x_wconf 76' lang='lat' dir='ltr'>commutativam·</span> 
     </span>
    </p>

    <p class='ocr_par' dir='ltr' id='par_1_16' title="bbox 1371 1267 2504 2176">
     <span class='ocr_line' id='line_1_82' title="bbox 1437 1267 2496 1324; baseline 0.003 -16"><span class='ocrx_word' id='word_1_588' title='bbox 1437 1270 1525 1308; x_wconf 82' lang='grc'>185.</span> <span class='ocrx_word' id='word_1_589' title='bbox 1556 1269 1744 1315; x_wconf 85' lang='lat' dir='ltr'>Quamvis</span> <span class='ocrx_word' id='word_1_590' title='bbox 1767 1280 1855 1304; x_wconf 88' lang='lat' dir='ltr'>vero</span> <span class='ocrx_word' id='word_1_591' title='bbox 1870 1267 2008 1305; x_wconf 88' lang='lat' dir='ltr'>Christi</span> <span class='ocrx_word' id='word_1_592' title='bbox 2029 1269 2233 1307; x_wconf 78' lang='lat' dir='ltr'>satisfactio</span> <span class='ocrx_word' id='word_1_593' title='bbox 2246 1270 2394 1309; x_wconf 86' lang='lat' dir='ltr'>dicatur</span> <span class='ocrx_word' id='word_1_594' title='bbox 2410 1286 2496 1324; x_wconf 89' lang='lat' dir='ltr'>pro-</span> 
     </span>
     <span class='ocr_line' id='line_1_83' title="bbox 1373 1321 2497 1376; baseline -0.001 -15"><span class='ocrx_word' id='word_1_595' title='bbox 1373 1326 1461 1376; x_wconf 68' lang='lat' dir='ltr'>,prie</span> <span class='ocrx_word' id='word_1_596' title='bbox 1490 1332 1595 1361; x_wconf 87' lang='lat' dir='ltr'>actus</span> <span class='ocrx_word' id='word_1_597' title='bbox 1624 1321 1780 1373; x_wconf 82' lang='lat' dir='ltr'>justitiae</span> <span class='ocrx_word' id='word_1_598' title='bbox 1801 1322 2088 1360; x_wconf 72' lang='lat' dir='ltr'>commutativae</span> <span class='ocrx_word' id='word_1_599' title='bbox 2106 1332 2260 1375; x_wconf 85' lang='lat' dir='ltr'>propter</span> <span class='ocrx_word' id='word_1_600' title='bbox 2282 1324 2497 1376; x_wconf 74' lang='lat' dir='ltr'>aequa-lem.²</span> 
     </span>
     <span class='ocr_line' id='line_1_84' title="bbox 1377 1375 2499 1428; baseline 0 -12"><span class='ocrx_word' id='word_1_601' title='bbox 1377 1380 1498 1416; x_wconf 84' lang='lat' dir='ltr'>immo</span> <span class='ocrx_word' id='word_1_602' title='bbox 1527 1375 1898 1428; x_wconf 83' lang='lat' dir='ltr'>superabundantem</span> <span class='ocrx_word' id='word_1_603' title='bbox 1928 1375 2153 1414; x_wconf 80' lang='lat' dir='ltr'>solutionem</span> <span class='ocrx_word' id='word_1_604' title='bbox 2190 1376 2310 1416; x_wconf 85' lang='lat' dir='ltr'>debiti</span> <span class='ocrx_word' id='word_1_605' title='bbox 2350 1379 2499 1424; x_wconf 69' lang='lat' dir='ltr'>nostri5</span> 
     </span>
     <span class='ocr_line' id='line_1_85' title="bbox 1376 1428 2500 1482; baseline -0.001 -13"><span class='ocrx_word' id='word_1_606' title='bbox 1376 1445 1454 1470; x_wconf 85' lang='grc'>11011</span> <span class='ocrx_word' id='word_1_607' title='bbox 1483 1439 1611 1468; x_wconf 82' lang='lat' dir='ltr'>tamen</span> <span class='ocrx_word' id='word_1_608' title='bbox 1641 1438 1843 1482; x_wconf 81' lang='lat' dir='ltr'>propterea</span> <span class='ocrx_word' id='word_1_609' title='bbox 1885 1428 1973 1466; x_wconf 76' lang='lat' dir='ltr'>aliae</span> <span class='ocrx_word' id='word_1_610' title='bbox 2015 1430 2172 1468; x_wconf 81' lang='lat' dir='ltr'>virtutes</span> <span class='ocrx_word' id='word_1_611' title='bbox 2209 1431 2500 1477; x_wconf 60' lang='lat' dir='ltr'>‹excluduntum</span> 
     </span>
     <span class='ocr_line' id='line_1_86' title="bbox 1371 1482 2499 1537; baseline 0 -15"><span class='ocrx_word' id='word_1_612' title='bbox 1371 1485 1572 1537; x_wconf 64' lang='lat' dir='ltr'>praecipue</span> <span class='ocrx_word' id='word_1_613' title='bbox 1603 1493 1729 1521; x_wconf 87' lang='lat' dir='ltr'>autem</span> <span class='ocrx_word' id='word_1_614' title='bbox 1762 1483 1880 1521; x_wconf 85' lang='lat' dir='ltr'>virtus</span> <span class='ocrx_word' id='word_1_615' title='bbox 1917 1482 2139 1530; x_wconf 79' lang='lat' dir='ltr'>charitatis„</span> <span class='ocrx_word' id='word_1_616' title='bbox 2181 1498 2298 1536; x_wconf 80' lang='lat' dir='ltr'>quam</span> <span class='ocrx_word' id='word_1_617' title='bbox 2328 1484 2369 1523; x_wconf 80' lang='lat' dir='ltr'>S.</span> <span class='ocrx_word' id='word_1_618' title='bbox 2399 1485 2499 1523; x_wconf 78' lang='lat' dir='ltr'>Pau-</span> 
     </span>
     <span class='ocr_line' id='line_1_87' title="bbox 1376 1535 2499 1590; baseline 0 -14"><span class='ocrx_word' id='word_1_619' title='bbox 1376 1539 1435 1577; x_wconf 86' lang='lat' dir='ltr'>lus</span> <span class='ocrx_word' id='word_1_620' title='bbox 1467 1547 1575 1577; x_wconf 89' lang='lat' dir='ltr'>vocat</span> <span class='ocrx_word' id='word_1_621' title='bbox 1604 1540 1778 1574; x_wconf 74' lang='lat' dir='ltr'>nimiam</span> <span class='ocrx_word' id='word_1_622' title='bbox 1808 1537 1854 1575; x_wconf 87' lang='lat' dir='ltr'>ad</span> <span class='ocrx_word' id='word_1_623' title='bbox 1872 1535 2014 1589; x_wconf 72' lang='lat' dir='ltr'>Ephes·</span> <span class='ocrx_word' id='word_1_624' title='bbox 2032 1537 2077 1579; x_wconf 85' lang='lat' dir='ltr'>IL</span> <span class='ocrx_word' id='word_1_625' title='bbox 2096 1536 2133 1582; x_wconf 75' lang='grc'><strong>4.</strong></span> <span class='ocrx_word' id='word_1_626' title='bbox 2164 1538 2358 1590; x_wconf 84' lang='lat' dir='ltr'>inquiens:</span> <span class='ocrx_word' id='word_1_627' title='bbox 2387 1537 2499 1576; x_wconf 79' lang='lat' dir='ltr'>Deus</span> 
     </span>
     <span class='ocr_line' id='line_1_88' title="bbox 1376 1590 2499 1643; baseline -0.001 -14"><span class='ocrx_word' id='word_1_628' title='bbox 1376 1602 1515 1632; x_wconf 75' lang='lat' dir='ltr'>autem</span> <span class='ocrx_word' id='word_1_629' title='bbox 1531 1621 1542 1639; x_wconf 94' lang='lat'>,</span> <span class='ocrx_word' id='word_1_630' title='bbox 1573 1595 1637 1642; x_wconf 77' lang='lat' dir='ltr'>qui</span> <span class='ocrx_word' id='word_1_631' title='bbox 1667 1590 1770 1628; x_wconf 63' lang='lat' dir='ltr'>&lt;lires</span> <span class='ocrx_word' id='word_1_632' title='bbox 1788 1599 1845 1628; x_wconf 78' lang='lat' dir='ltr'>est</span> <span class='ocrx_word' id='word_1_633' title='bbox 1875 1594 1916 1627; x_wconf 87' lang='lat' dir='ltr'>in</span> <span class='ocrx_word' id='word_1_634' title='bbox 1933 1590 2207 1629; x_wconf 63' lang='lat' dir='ltr'>misericordia</span> <span class='ocrx_word' id='word_1_635' title='bbox 2224 1622 2234 1639; x_wconf 86' lang='lat'>,</span> <span class='ocrx_word' id='word_1_636' title='bbox 2264 1602 2419 1643; x_wconf 81' lang='lat' dir='ltr'>propter</span> <span class='ocrx_word' id='word_1_637' title='bbox 2439 1595 2499 1629; x_wconf 70' lang='lat' dir='ltr'>nt*-</span> 
     </span>
     <span class='ocr_line' id='line_1_89' title="bbox 1378 1643 2500 1696; baseline -0.001 -12"><span class='ocrx_word' id='word_1_638' title='bbox 1378 1650 1511 1684; x_wconf 70' lang='lat' dir='ltr'>mmm</span> <span class='ocrx_word' id='word_1_639' title='bbox 1540 1644 1783 1683; x_wconf 61' lang='lat' dir='ltr'>charitatem</span> <span class='ocrx_word' id='word_1_640' title='bbox 1813 1658 1957 1693; x_wconf 76' lang='lat' dir='ltr'>suam,</span> <span class='ocrx_word' id='word_1_641' title='bbox 1988 1657 2067 1696; x_wconf 78' lang='lat' dir='ltr'>qua</span> <span class='ocrx_word' id='word_1_642' title='bbox 2095 1643 2232 1682; x_wconf 71' lang='lat' dir='ltr'>dilexit</span> <span class='ocrx_word' id='word_1_643' title='bbox 2262 1659 2334 1684; x_wconf 82' lang='lat' dir='ltr'>nos</span> <span class='ocrx_word' id='word_1_644' title='bbox 2364 1645 2435 1683; x_wconf 86' lang='lat' dir='ltr'>&amp;c.</span> <span class='ocrx_word' id='word_1_645' title='bbox 2464 1645 2500 1683; x_wconf 90' lang='lat'>1-</span> 
     </span>
     <span class='ocr_line' id='line_1_90' title="bbox 1376 1697 2498 1750; baseline -0.004 -11"><span class='ocrx_word' id='word_1_646' title='bbox 1376 1701 1464 1739; x_wconf 87' lang='lat' dir='ltr'>dem</span> <span class='ocrx_word' id='word_1_647' title='bbox 1494 1708 1621 1737; x_wconf 88' lang='lat' dir='ltr'>autem</span> <span class='ocrx_word' id='word_1_648' title='bbox 1653 1697 1852 1750; x_wconf 76' lang='lat' dir='ltr'>Apostolus</span> <span class='ocrx_word' id='word_1_649' title='bbox 1882 1698 1927 1736; x_wconf 89' lang='lat' dir='ltr'>ad</span> <span class='ocrx_word' id='word_1_650' title='bbox 1958 1697 2048 1736; x_wconf 76' lang='lat' dir='ltr'>Gai,</span> <span class='ocrx_word' id='word_1_651' title='bbox 2079 1698 2127 1736; x_wconf 86' lang='grc' dir='ltr'>ΙΙ.</span> <span class='ocrx_word' id='word_1_652' title='bbox 2161 1712 2224 1750; x_wconf 79' lang='lat'>29.</span> <span class='ocrx_word' id='word_1_653' title='bbox 2269 1713 2336 1738; x_wconf 87' lang='lat' dir='ltr'>nos</span> <span class='ocrx_word' id='word_1_654' title='bbox 2356 1700 2498 1746; x_wconf 81' lang='lat' dir='ltr'>docet,</span> 
     </span>
     <span class='ocr_line' id='line_1_91' title="bbox 1380 1751 2502 1793; baseline -0.003 -1"><span class='ocrx_word' id='word_1_655' title='bbox 1380 1753 1477 1793; x_wconf 79' lang='lat' dir='ltr'>lianc</span> <span class='ocrx_word' id='word_1_656' title='bbox 1506 1752 1644 1791; x_wconf 89' lang='lat' dir='ltr'>Christi</span> <span class='ocrx_word' id='word_1_657' title='bbox 1671 1753 1838 1790; x_wconf 80' lang='lat' dir='ltr'>nimiam</span> <span class='ocrx_word' id='word_1_658' title='bbox 1860 1751 2084 1790; x_wconf 78' lang='lat' dir='ltr'>charitat-em</span> <span class='ocrx_word' id='word_1_659' title='bbox 2114 1765 2189 1789; x_wconf 85' lang='lat' dir='ltr'>non</span> <span class='ocrx_word' id='word_1_660' title='bbox 2217 1752 2340 1788; x_wconf 81' lang='lat' dir='ltr'>solum</span> <span class='ocrx_word' id='word_1_661' title='bbox 2365 1764 2502 1789; x_wconf 37' lang='lat' dir='ltr'>&#39;omnes</span> 
     </span>
     <span class='ocr_line' id='line_1_92' title="bbox 1379 1803 2502 1858; baseline -0.004 -12"><span class='ocrx_word' id='word_1_662' title='bbox 1379 1809 1420 1846; x_wconf 88' lang='grc'>111</span> <span class='ocrx_word' id='word_1_663' title='bbox 1452 1807 1649 1845; x_wconf 86' lang='lat' dir='ltr'>communi</span> <span class='ocrx_word' id='word_1_664' title='bbox 1682 1807 1914 1856; x_wconf 81' lang='lat' dir='ltr'>respexisse,</span> <span class='ocrx_word' id='word_1_665' title='bbox 1942 1806 2007 1843; x_wconf 88' lang='lat' dir='ltr'>-sed</span> <span class='ocrx_word' id='word_1_666' title='bbox 2038 1803 2205 1855; x_wconf 85' lang='lat' dir='ltr'>singulos</span> <span class='ocrx_word' id='word_1_667' title='bbox 2221 1807 2335 1843; x_wconf 88' lang='lat' dir='ltr'>etiam</span> <span class='ocrx_word' id='word_1_668' title='bbox 2353 1806 2502 1858; x_wconf 86' lang='lat' dir='ltr'>inpar-</span> 
     </span>
     <span class='ocr_line' id='line_1_93' title="bbox 1380 1858 2504 1910; baseline -0.005 -10"><span class='ocrx_word' id='word_1_669' title='bbox 1380 1860 1559 1900; x_wconf 86' lang='lat' dir='ltr'>ticulari:</span> <span class='ocrx_word' id='word_1_670' title='bbox 1597 1858 1753 1897; x_wconf 65' lang='lat' dir='ltr'>Dilexit</span> <span class='ocrx_word' id='word_1_671' title='bbox 1783 1872 1875 1907; x_wconf 83' lang='lat' dir='ltr'>me,</span> <span class='ocrx_word' id='word_1_672' title='bbox 1907 1859 2030 1910; x_wconf 79' lang='lat' dir='ltr'>inquit</span> <span class='ocrx_word' id='word_1_673' title='bbox 2048 1888 2058 1906; x_wconf 97' lang='lat'>,</span> <span class='ocrx_word' id='word_1_674' title='bbox 2081 1859 2136 1899; x_wconf 54' lang='grc' dir='ltr'>(Ψ</span> <span class='ocrx_word' id='word_1_675' title='bbox 2165 1858 2329 1896; x_wconf 70' lang='lat' dir='ltr'>tradidit</span> <span class='ocrx_word' id='word_1_676' title='bbox 2357 1866 2504 1896; x_wconf 79' lang='lat' dir='ltr'>semet-</span> 
     </span>
     <span class='ocr_line' id='line_1_94' title="bbox 1380 1911 2501 1965; baseline -0.002 -13"><span class='ocrx_word' id='word_1_677' title='bbox 1380 1919 1509 1964; x_wconf 80' lang='lat' dir='ltr'>ipsum</span> <span class='ocrx_word' id='word_1_678' title='bbox 1539 1926 1607 1965; x_wconf 81' lang='lat' dir='ltr'>pro</span> <span class='ocrx_word' id='word_1_679' title='bbox 1638 1926 1729 1951; x_wconf 83' lang='lat' dir='ltr'>me.</span> <span class='ocrx_word' id='word_1_680' title='bbox 1760 1912 1903 1964; x_wconf 81' lang='lat' dir='ltr'>Magna</span> <span class='ocrx_word' id='word_1_681' title='bbox 1933 1925 2086 1965; x_wconf 84' lang='lat' dir='ltr'>quoque</span> <span class='ocrx_word' id='word_1_682' title='bbox 2106 1911 2277 1951; x_wconf 81' lang='lat' dir='ltr'>Christus</span> <span class='ocrx_word' id='word_1_683' title='bbox 2307 1912 2501 1950; x_wconf 80' lang='lat' dir='ltr'>Dominus</span> 
     </span>
     <span class='ocr_line' id='line_1_95' title="bbox 1382 1965 2502 2019; baseline -0.002 -15"><span class='ocrx_word' id='word_1_684' title='bbox 1382 1968 1490 2004; x_wconf 89' lang='lat' dir='ltr'>nobis</span> <span class='ocrx_word' id='word_1_685' title='bbox 1518 1967 1676 2019; x_wconf 85' lang='lat' dir='ltr'>reliquit</span> <span class='ocrx_word' id='word_1_686' title='bbox 1706 1966 1883 2019; x_wconf 81' lang='lat' dir='ltr'>exempla</span> <span class='ocrx_word' id='word_1_687' title='bbox 1911 1967 2087 2004; x_wconf 89' lang='lat' dir='ltr'>omnium</span> <span class='ocrx_word' id='word_1_688' title='bbox 2104 1965 2269 2004; x_wconf 87' lang='lat' dir='ltr'>aliarum</span> <span class='ocrx_word' id='word_1_689' title='bbox 2291 1967 2502 2014; x_wconf 83' lang='lat' dir='ltr'>virtutum,</span> 
     </span>
     <span class='ocr_line' id='line_1_96' title="bbox 1383 2018 2502 2070; baseline 0.001 -15"><span class='ocrx_word' id='word_1_690' title='bbox 1383 2018 1613 2056; x_wconf 83' lang='lat' dir='ltr'>humilitatis</span> <span class='ocrx_word' id='word_1_691' title='bbox 1626 2049 1635 2065; x_wconf 88' lang='lat'>,</span> <span class='ocrx_word' id='word_1_692' title='bbox 1650 2034 1727 2070; x_wconf 90' lang='lat' dir='ltr'>qua</span> <span class='ocrx_word' id='word_1_693' title='bbox 1743 2033 1831 2058; x_wconf 84' lang='lat' dir='ltr'>cum</span> <span class='ocrx_word' id='word_1_694' title='bbox 1851 2023 1886 2057; x_wconf 86' lang='grc'>111</span> <span class='ocrx_word' id='word_1_695' title='bbox 1900 2020 2027 2058; x_wconf 78' lang='lat' dir='ltr'>forma</span> <span class='ocrx_word' id='word_1_696' title='bbox 2044 2019 2116 2058; x_wconf 86' lang='lat' dir='ltr'>Dei</span> <span class='ocrx_word' id='word_1_697' title='bbox 2133 2029 2239 2068; x_wconf 89' lang='lat' dir='ltr'>esset,</span> <span class='ocrx_word' id='word_1_698' title='bbox 2257 2022 2502 2067; x_wconf 66' lang='lat' dir='ltr'>exinanivit,</span> 
     </span>
     <span class='ocr_line' id='line_1_97' title="bbox 1379 2070 2504 2125; baseline 0.003 -18"><span class='ocrx_word' id='word_1_699' title='bbox 1379 2071 1417 2107; x_wconf 75' lang='lat'>1&amp;</span> <span class='ocrx_word' id='word_1_700' title='bbox 1447 2070 1664 2108; x_wconf 58' lang='lat' dir='ltr'>humiliat-ic</span> <span class='ocrx_word' id='word_1_701' title='bbox 1694 2077 1981 2121; x_wconf 66' lang='lat' dir='ltr'>semetipsum5</span> <span class='ocrx_word' id='word_1_702' title='bbox 2011 2082 2092 2111; x_wconf 87' lang='lat' dir='ltr'>tum</span> <span class='ocrx_word' id='word_1_703' title='bbox 2121 2073 2351 2112; x_wconf 71' lang='lat' dir='ltr'>obedientiae</span> <span class='ocrx_word' id='word_1_704' title='bbox 2385 2086 2504 2125; x_wconf 83' lang='lat' dir='ltr'>usque</span> 
     </span>
     <span class='ocr_line' id='line_1_98' title="bbox 1384 2125 2504 2176; baseline 0.002 -14"><span class='ocrx_word' id='word_1_705' title='bbox 1384 2125 1433 2162; x_wconf 86' lang='lat' dir='ltr'>ad</span> <span class='ocrx_word' id='word_1_706' title='bbox 1459 2133 1622 2163; x_wconf 83' lang='lat' dir='ltr'>mortem</span> <span class='ocrx_word' id='word_1_707' title='bbox 1643 2125 1767 2162; x_wconf 80' lang='lat' dir='ltr'>crucis</span> <span class='ocrx_word' id='word_1_708' title='bbox 1783 2154 1794 2172; x_wconf 90' lang='lat'>,</span> <span class='ocrx_word' id='word_1_709' title='bbox 1825 2126 2018 2176; x_wconf 77' lang='lat' dir='ltr'>patieuttae</span> <span class='ocrx_word' id='word_1_710' title='bbox 2035 2154 2046 2173; x_wconf 90' lang='lat'>,</span> <span class='ocrx_word' id='word_1_711' title='bbox 2076 2127 2403 2176; x_wconf 82' lang='lat' dir='ltr'>mansuetudinis,</span> <span class='ocrx_word' id='word_1_712' title='bbox 2431 2126 2504 2165; x_wconf 66' lang='lat' dir='ltr'>&amp;m</span> 
     </span>
    </p>
   </div>
   <div class='ocr_carea' id='block_1_7' title="bbox 1729 2229 2166 2375">
    <p class='ocr_par' dir='ltr' id='par_1_17' title="bbox 1729 2229 2166 2375">
     <span class='ocr_line' id='line_1_99' title="bbox 1816 2229 2070 2266; baseline 0 -1"><span class='ocrx_word' id='word_1_713' title='bbox 1816 2229 1989 2265; x_wconf 75' lang='lat' dir='ltr'>CAPUT</span> <span class='ocrx_word' id='word_1_714' title='bbox 2018 2229 2070 2266; x_wconf 77' lang='lat' dir='ltr'>V.</span> 
     </span>
     <span class='ocr_line' id='line_1_100' title="bbox 1729 2333 2166 2375; baseline 0.007 -3"><span class='ocrx_word' id='word_1_715' title='bbox 1729 2333 1794 2373; x_wconf 88' lang='lat' dir='ltr'>De</span> <span class='ocrx_word' id='word_1_716' title='bbox 1827 2333 1969 2372; x_wconf 74' lang='lat' dir='ltr'>Christi</span> <span class='ocrx_word' id='word_1_717' title='bbox 1998 2337 2166 2375; x_wconf 68' lang='lat' dir='ltr'>merito.</span> 
     </span>
    </p>
   </div>
   <div class='ocr_carea' id='block_1_8' title="bbox 1386 2416 2512 3140">
    <p class='ocr_par' dir='ltr' id='par_1_18' title="bbox 1386 2416 2512 3084">
     <span class='ocr_line' id='line_1_101' title="bbox 1441 2416 2510 2495; baseline 0.002 -14"><span class='ocrx_word' id='word_1_718' title='bbox 1441 2440 1535 2481; x_wconf 80' lang='grc'>-186,</span> <span class='ocrx_word' id='word_1_719' title='bbox 1551 2416 1633 2484; x_wconf 75' lang='lat' dir='ltr'>Ex</span> <span class='ocrx_word' id='word_1_720' title='bbox 1664 2455 1740 2495; x_wconf 92' lang='lat' dir='ltr'>quo</span> <span class='ocrx_word' id='word_1_721' title='bbox 1767 2441 1940 2481; x_wconf 73' lang='lat' dir='ltr'>Christus</span> <span class='ocrx_word' id='word_1_722' title='bbox 1977 2456 2046 2494; x_wconf 88' lang='lat' dir='ltr'>pro</span> <span class='ocrx_word' id='word_1_723' title='bbox 2088 2443 2200 2482; x_wconf 80' lang='lat' dir='ltr'>nobis</span> <span class='ocrx_word' id='word_1_724' title='bbox 2241 2451 2380 2481; x_wconf 79' lang='lat' dir='ltr'>aeterno</span> <span class='ocrx_word' id='word_1_725' title='bbox 2405 2442 2510 2483; x_wconf 82' lang='lat' dir='ltr'>Patri</span> 
     </span>
     <span class='ocr_line' id='line_1_102' title="bbox 1391 2497 2510 2550; baseline 0.002 -16"><span class='ocrx_word' id='word_1_726' title='bbox 1391 2497 1641 2545; x_wconf 83' lang='lat' dir='ltr'>satisfecerit,</span> <span class='ocrx_word' id='word_1_727' title='bbox 1672 2506 1770 2534; x_wconf 88' lang='lat' dir='ltr'>recte</span> <span class='ocrx_word' id='word_1_728' title='bbox 1800 2497 2064 2548; x_wconf 84' lang='lat' dir='ltr'>consequitur,</span> <span class='ocrx_word' id='word_1_729' title='bbox 2094 2499 2207 2535; x_wconf 88' lang='lat' dir='ltr'>etiam</span> <span class='ocrx_word' id='word_1_730' title='bbox 2228 2498 2339 2536; x_wconf 84' lang='lat' dir='ltr'>nobis</span> <span class='ocrx_word' id='word_1_731' title='bbox 2359 2511 2510 2550; x_wconf 87' lang='lat' dir='ltr'>prome-</span> 
     </span>
     <span class='ocr_line' id='line_1_103' title="bbox 1386 2551 2512 2604; baseline 0.001 -16"><span class='ocrx_word' id='word_1_732' title='bbox 1386 2551 1506 2588; x_wconf 75' lang='lat' dir='ltr'>ritum</span> <span class='ocrx_word' id='word_1_733' title='bbox 1538 2551 1653 2589; x_wconf 87' lang='lat' dir='ltr'>fuisse</span> <span class='ocrx_word' id='word_1_734' title='bbox 1674 2551 1814 2589; x_wconf 44' lang='lat' dir='ltr'>„omnia</span> <span class='ocrx_word' id='word_1_735' title='bbox 1835 2565 1906 2598; x_wconf 74' lang='lat' dir='ltr'>ea„</span> <span class='ocrx_word' id='word_1_736' title='bbox 1936 2565 2026 2602; x_wconf 80' lang='lat' dir='ltr'>quae</span> <span class='ocrx_word' id='word_1_737' title='bbox 2056 2551 2104 2589; x_wconf 86' lang='lat' dir='ltr'>ad</span> <span class='ocrx_word' id='word_1_738' title='bbox 2134 2553 2394 2589; x_wconf 82' lang='lat' dir='ltr'>remissionem</span> <span class='ocrx_word' id='word_1_739' title='bbox 2420 2565 2512 2604; x_wconf 84' lang='lat' dir='ltr'>,pec-</span> 
     </span>
     <span class='ocr_line' id='line_1_104' title="bbox 1390 2604 2512 2658; baseline 0.001 -16"><span class='ocrx_word' id='word_1_740' title='bbox 1390 2613 1564 2642; x_wconf 86' lang='lat' dir='ltr'>catorum</span> <span class='ocrx_word' id='word_1_741' title='bbox 1582 2634 1592 2652; x_wconf 91' lang='lat'>‚</span> <span class='ocrx_word' id='word_1_742' title='bbox 1622 2619 1666 2642; x_wconf 86' lang='lat' dir='ltr'>ac</span> <span class='ocrx_word' id='word_1_743' title='bbox 1696 2605 2048 2643; x_wconf 84' lang='lat' dir='ltr'>reconciiiationem</span> <span class='ocrx_word' id='word_1_744' title='bbox 2079 2619 2168 2643; x_wconf 88' lang='lat' dir='ltr'>cum</span> <span class='ocrx_word' id='word_1_745' title='bbox 2190 2605 2300 2653; x_wconf 83' lang='lat' dir='ltr'>Deo,</span> <span class='ocrx_word' id='word_1_746' title='bbox 2330 2614 2443 2658; x_wconf 83' lang='lat' dir='ltr'>atque</span> <span class='ocrx_word' id='word_1_747' title='bbox 2462 2604 2512 2643; x_wconf 83' lang='lat' dir='ltr'>ad</span> 
     </span>
     <span class='ocr_line' id='line_1_105' title="bbox 1392 2658 2509 2711; baseline -0.003 -14"><span class='ocrx_word' id='word_1_748' title='bbox 1392 2658 1554 2697; x_wconf 83' lang='lat' dir='ltr'>salutem</span> <span class='ocrx_word' id='word_1_749' title='bbox 1584 2659 1888 2710; x_wconf 85' lang='lat' dir='ltr'>consequendam</span> <span class='ocrx_word' id='word_1_750' title='bbox 1919 2668 2003 2697; x_wconf 88' lang='lat' dir='ltr'>sunt</span> <span class='ocrx_word' id='word_1_751' title='bbox 2028 2660 2268 2705; x_wconf 80' lang='lat' dir='ltr'>necessaria3</span> <span class='ocrx_word' id='word_1_752' title='bbox 2297 2673 2374 2711; x_wconf 83' lang='lat' dir='ltr'>qua</span> <span class='ocrx_word' id='word_1_753' title='bbox 2402 2659 2449 2695; x_wconf 90' lang='lat' dir='ltr'>de</span> <span class='ocrx_word' id='word_1_754' title='bbox 2470 2671 2509 2694; x_wconf 88' lang='lat' dir='ltr'>re</span> 
     </span>
     <span class='ocr_line' id='line_1_106' title="bbox 1393 2711 2510 2765; baseline -0.002 -15"><span class='ocrx_word' id='word_1_755' title='bbox 1393 2711 1499 2750; x_wconf 87' lang='lat' dir='ltr'>nulla</span> <span class='ocrx_word' id='word_1_756' title='bbox 1532 2711 1679 2749; x_wconf 85' lang='lat' dir='ltr'>videtur</span> <span class='ocrx_word' id='word_1_757' title='bbox 1722 2727 1799 2750; x_wconf 83' lang='lat' dir='ltr'>esse</span> <span class='ocrx_word' id='word_1_758' title='bbox 1841 2713 1944 2764; x_wconf 84' lang='lat' dir='ltr'>apud</span> <span class='ocrx_word' id='word_1_759' title='bbox 1976 2712 2187 2765; x_wconf 82' lang='lat' dir='ltr'>Theologos</span> <span class='ocrx_word' id='word_1_760' title='bbox 2227 2712 2510 2759; x_wconf 85' lang='lat' dir='ltr'>controversia,</span> 
     </span>
     <span class='ocr_line' id='line_1_107' title="bbox 1394 2765 2510 2816; baseline 0 -13"><span class='ocrx_word' id='word_1_761' title='bbox 1394 2766 1469 2803; x_wconf 88' lang='lat' dir='ltr'>nisi</span> <span class='ocrx_word' id='word_1_762' title='bbox 1500 2766 1653 2803; x_wconf 83' lang='lat' dir='ltr'>fortasse</span> <span class='ocrx_word' id='word_1_763' title='bbox 1682 2766 1729 2803; x_wconf 85' lang='lat' dir='ltr'>ad</span> <span class='ocrx_word' id='word_1_764' title='bbox 1759 2767 1878 2816; x_wconf 86' lang='lat' dir='ltr'>ipsius</span> <span class='ocrx_word' id='word_1_765' title='bbox 1909 2768 2089 2804; x_wconf 86' lang='lat' dir='ltr'>meritum</span> <span class='ocrx_word' id='word_1_766' title='bbox 2122 2781 2196 2805; x_wconf 87' lang='lat' dir='ltr'>una</span> <span class='ocrx_word' id='word_1_767' title='bbox 2217 2780 2305 2804; x_wconf 89' lang='lat' dir='ltr'>cum</span> <span class='ocrx_word' id='word_1_768' title='bbox 2336 2765 2510 2803; x_wconf 86' lang='lat' dir='ltr'>libertate</span> 
     </span>
     <span class='ocr_line' id='line_1_108' title="bbox 1392 2818 2508 2872; baseline -0.001 -15"><span class='ocrx_word' id='word_1_769' title='bbox 1392 2818 1727 2870; x_wconf 80' lang='lat' dir='ltr'>componendum3</span> <span class='ocrx_word' id='word_1_770' title='bbox 1756 2820 1803 2857; x_wconf 81' lang='lat' dir='ltr'>de</span> <span class='ocrx_word' id='word_1_771' title='bbox 1832 2834 1908 2872; x_wconf 84' lang='lat' dir='ltr'>qua</span> <span class='ocrx_word' id='word_1_772' title='bbox 1938 2820 2206 2858; x_wconf 81' lang='lat' dir='ltr'>conciliatione</span> <span class='ocrx_word' id='word_1_773' title='bbox 2229 2821 2274 2856; x_wconf 81' lang='lat' dir='ltr'>jn</span> <span class='ocrx_word' id='word_1_774' title='bbox 2293 2832 2378 2870; x_wconf 89' lang='lat' dir='ltr'>cap.</span> <span class='ocrx_word' id='word_1_775' title='bbox 2400 2832 2508 2870; x_wconf 83' lang='lat' dir='ltr'>sequ.</span> 
     </span>
     <span class='ocr_line' id='line_1_109' title="bbox 1390 2872 2510 2925; baseline -0.002 -15"><span class='ocrx_word' id='word_1_776' title='bbox 1390 2872 1593 2925; x_wconf 84' lang='lat' dir='ltr'>diligenter</span> <span class='ocrx_word' id='word_1_777' title='bbox 1621 2872 1895 2911; x_wconf 84' lang='lat' dir='ltr'>tractabimus.</span> <span class='ocrx_word' id='word_1_778' title='bbox 1925 2874 2000 2911; x_wconf 91' lang='lat' dir='ltr'>Sed</span> <span class='ocrx_word' id='word_1_779' title='bbox 2028 2873 2078 2910; x_wconf 86' lang='lat' dir='ltr'>ab</span> <span class='ocrx_word' id='word_1_780' title='bbox 2106 2872 2303 2924; x_wconf 79' lang='lat' dir='ltr'>aliquibus</span> <span class='ocrx_word' id='word_1_781' title='bbox 2332 2881 2510 2923; x_wconf 80' lang='lat' dir='ltr'>negatum</span> 
     </span>
     <span class='ocr_line' id='line_1_110' title="bbox 1390 2925 2508 2978; baseline -0.001 -14"><span class='ocrx_word' id='word_1_782' title='bbox 1390 2927 1490 2974; x_wconf 81' lang='lat' dir='ltr'>fuit,</span> <span class='ocrx_word' id='word_1_783' title='bbox 1533 2925 1727 2963; x_wconf 88' lang='lat' dir='ltr'>Christum</span> <span class='ocrx_word' id='word_1_784' title='bbox 1758 2941 1824 2964; x_wconf 88' lang='lat' dir='ltr'>sua</span> <span class='ocrx_word' id='word_1_785' title='bbox 1853 2927 2095 2972; x_wconf 76' lang='lat' dir='ltr'>obedientia,</span> <span class='ocrx_word' id='word_1_786' title='bbox 2135 2926 2298 2978; x_wconf 70' lang='lat' dir='ltr'>aliisque</span> <span class='ocrx_word' id='word_1_787' title='bbox 2327 2925 2508 2963; x_wconf 78' lang='lat' dir='ltr'>sublimi-</span> 
     </span>
     <span class='ocr_line' id='line_1_111' title="bbox 1387 2977 2508 3032; baseline -0.001 -15"><span class='ocrx_word' id='word_1_788' title='bbox 1387 2979 1486 3026; x_wconf 86' lang='lat' dir='ltr'>bus,</span> <span class='ocrx_word' id='word_1_789' title='bbox 1517 2987 1629 3030; x_wconf 83' lang='lat' dir='ltr'>atque</span> <span class='ocrx_word' id='word_1_790' title='bbox 1660 2978 1820 3017; x_wconf 85' lang='lat' dir='ltr'>heroicis</span> <span class='ocrx_word' id='word_1_791' title='bbox 1850 2978 2052 3016; x_wconf 85' lang='lat' dir='ltr'>virtutibus</span> <span class='ocrx_word' id='word_1_792' title='bbox 2081 2977 2228 3032; x_wconf 85' lang='lat' dir='ltr'>aliquid</span> <span class='ocrx_word' id='word_1_793' title='bbox 2244 2980 2318 3017; x_wconf 85' lang='lat' dir='ltr'>sibi</span> <span class='ocrx_word' id='word_1_794' title='bbox 2337 2980 2408 3031; x_wconf 86' lang='lat' dir='ltr'>ipsi</span> <span class='ocrx_word' id='word_1_795' title='bbox 2427 2992 2508 3016; x_wconf 87' lang='lat' dir='ltr'>me·-</span> 
     </span>
     <span class='ocr_line' id='line_1_112' title="bbox 1388 3032 2508 3084; baseline 0.001 -14"><span class='ocrx_word' id='word_1_796' title='bbox 1388 3034 1507 3071; x_wconf 84' lang='lat' dir='ltr'>ruisse</span> <span class='ocrx_word' id='word_1_797' title='bbox 1538 3032 1600 3084; x_wconf 78' lang='lat' dir='ltr'>(a)</span> <span class='ocrx_word' id='word_1_798' title='bbox 1618 3057 1629 3069; x_wconf 91' lang='grc'><strong>.</strong></span> <span class='ocrx_word' id='word_1_799' title='bbox 1678 3032 1755 3072; x_wconf 78' lang='lat' dir='ltr'>Nos</span> <span class='ocrx_word' id='word_1_800' title='bbox 1783 3042 1911 3072; x_wconf 80' lang='lat' dir='ltr'>autem</span> <span class='ocrx_word' id='word_1_801' title='bbox 1941 3033 2152 3071; x_wconf 79' lang='lat' dir='ltr'>doctrinam</span> <span class='ocrx_word' id='word_1_802' title='bbox 2183 3033 2224 3072; x_wconf 61' lang='lat' dir='ltr'>S„</span> <span class='ocrx_word' id='word_1_803' title='bbox 2256 3033 2420 3080; x_wconf 65' lang='lat' dir='ltr'>Thomas</span> <span class='ocrx_word' id='word_1_804' title='bbox 2450 3046 2508 3071; x_wconf 89' lang='lat' dir='ltr'>se-</span> 
     </span>
    </p>

    <p class='ocr_par' dir='ltr' id='par_1_19' title="bbox 2363 3101 2458 3140">
     <span class='ocr_line' id='line_1_113' title="bbox 2363 3101 2458 3140; baseline 0.011 -16"><span class='ocrx_word' id='word_1_805' title='bbox 2363 3101 2458 3140; x_wconf 83' lang='lat' dir='ltr'>que-</span> 
     </span>
    </p>
   </div>
   <div class='ocr_carea' id='block_1_9' title="bbox 1394 3178 2508 3356">
    <p class='ocr_par' dir='ltr' id='par_1_20' title="bbox 1394 3178 2508 3356">
     <span class='ocr_line' id='line_1_114' title="bbox 1394 3178 2507 3227; baseline -0.004 -11"><span class='ocrx_word' id='word_1_806' title='bbox 1394 3189 1556 3222; x_wconf 81' lang='lat' dir='ltr'>accusat‚</span> <span class='ocrx_word' id='word_1_807' title='bbox 1593 3183 1625 3213; x_wconf 74' lang='grc' dir='ltr'>ὰ</span> <span class='ocrx_word' id='word_1_808' title='bbox 1651 3189 1726 3226; x_wconf 80' lang='lat' dir='ltr'>post</span> <span class='ocrx_word' id='word_1_809' title='bbox 1753 3181 1867 3226; x_wconf 80' lang='lat' dir='ltr'>ipsum</span> <span class='ocrx_word' id='word_1_810' title='bbox 1893 3182 1998 3214; x_wconf 67' lang='lat' dir='ltr'>etiam</span> <span class='ocrx_word' id='word_1_811' title='bbox 2026 3194 2092 3215; x_wconf 88' lang='lat' dir='ltr'>non</span> <span class='ocrx_word' id='word_1_812' title='bbox 2126 3181 2227 3227; x_wconf 68' lang='lat' dir='ltr'>pauci</span> <span class='ocrx_word' id='word_1_813' title='bbox 2264 3179 2420 3225; x_wconf 83' lang='lat' dir='ltr'>ejusdem</span> <span class='ocrx_word' id='word_1_814' title='bbox 2446 3178 2507 3211; x_wconf 81' lang='lat' dir='ltr'>Se-</span> 
     </span>
     <span class='ocr_line' id='line_1_115' title="bbox 1396 3227 2508 3270; baseline -0.006 -6"><span class='ocrx_word' id='word_1_815' title='bbox 1396 3239 1482 3270; x_wconf 73' lang='lat' dir='ltr'>ctae,</span> <span class='ocrx_word' id='word_1_816' title='bbox 1508 3241 1573 3261; x_wconf 89' lang='lat' dir='ltr'>non</span> <span class='ocrx_word' id='word_1_817' title='bbox 1602 3236 1716 3261; x_wconf 75' lang='lat' dir='ltr'>tamen</span> <span class='ocrx_word' id='word_1_818' title='bbox 1741 3241 1885 3268; x_wconf 78' lang='lat' dir='ltr'>ornnes,</span> <span class='ocrx_word' id='word_1_819' title='bbox 1914 3228 2090 3262; x_wconf 74' lang='lat' dir='ltr'>Zinchius</span> <span class='ocrx_word' id='word_1_820' title='bbox 2117 3230 2208 3262; x_wconf 86' lang='lat' dir='ltr'>enim</span> <span class='ocrx_word' id='word_1_821' title='bbox 2228 3240 2295 3260; x_wconf 78' lang='lat' dir='ltr'>nnn</span> <span class='ocrx_word' id='word_1_822' title='bbox 2322 3227 2425 3259; x_wconf 76' lang='lat' dir='ltr'>semel</span> <span class='ocrx_word' id='word_1_823' title='bbox 2453 3236 2508 3257; x_wconf 82' lang='lat' dir='ltr'>as-</span> 
     </span>
     <span class='ocr_line' id='line_1_116' title="bbox 1396 3274 2508 3316; baseline -0.005 -7"><span class='ocrx_word' id='word_1_824' title='bbox 1396 3277 1504 3316; x_wconf 83' lang='lat' dir='ltr'>serit,</span> <span class='ocrx_word' id='word_1_825' title='bbox 1535 3274 1718 3307; x_wconf 66' lang='lat' dir='ltr'>Christum</span> <span class='ocrx_word' id='word_1_826' title='bbox 1745 3287 1804 3308; x_wconf 70' lang='lat' dir='ltr'>sna</span> <span class='ocrx_word' id='word_1_827' title='bbox 1831 3275 2026 3309; x_wconf 72' lang='lat' dir='ltr'>obedientia</span> <span class='ocrx_word' id='word_1_828' title='bbox 2054 3279 2086 3308; x_wconf 64' lang='grc' dir='ltr'><strong>ἃ</strong></span> <span class='ocrx_word' id='word_1_829' title='bbox 2111 3276 2203 3316; x_wconf 76' lang='lat' dir='ltr'>sibi,</span> <span class='ocrx_word' id='word_1_830' title='bbox 2248 3278 2278 3307; x_wconf 67' lang='grc' dir='ltr'>ἃ</span> <span class='ocrx_word' id='word_1_831' title='bbox 2307 3274 2402 3306; x_wconf 72' lang='lat' dir='ltr'>no-bv&#39;s</span> <span class='ocrx_word' id='word_1_832' title='bbox 2429 3282 2508 3315; x_wconf 80' lang='lat' dir='ltr'>pro-</span> 
     </span>
     <span class='ocr_line' id='line_1_117' title="bbox 1396 3318 2507 3356; baseline -0.004 0"><span class='ocrx_word' id='word_1_833' title='bbox 1396 3323 1563 3356; x_wconf 83' lang='lat' dir='ltr'>meruisse</span> <span class='ocrx_word' id='word_1_834' title='bbox 1586 3322 1699 3353; x_wconf 56' lang='lat' dir='ltr'>‘vitam</span> <span class='ocrx_word' id='word_1_835' title='bbox 1726 3331 1890 3355; x_wconf 50' lang='lat' dir='ltr'>aeternam</span> <span class='ocrx_word' id='word_1_836' title='bbox 1911 3346 1919 3354; x_wconf 90' lang='lat'><strong><em>.</em></strong></span> <span class='ocrx_word' id='word_1_837' title='bbox 1965 3323 2021 3356; x_wconf 88' lang='lat' dir='ltr'>Sic</span> <span class='ocrx_word' id='word_1_838' title='bbox 2048 3324 2089 3356; x_wconf 83' lang='grc' dir='ltr'><strong>Τ.</strong></span> <span class='ocrx_word' id='word_1_839' title='bbox 2121 3323 2213 3355; x_wconf 90' lang='lat' dir='ltr'>VIII.</span> <span class='ocrx_word' id='word_1_840' title='bbox 2243 3321 2295 3353; x_wconf 81' lang='lat' dir='ltr'>De</span> <span class='ocrx_word' id='word_1_841' title='bbox 2323 3320 2395 3351; x_wconf 73' lang='lat' dir='ltr'>Rel-</span> <span class='ocrx_word' id='word_1_842' title='bbox 2423 3318 2507 3350; x_wconf 75' lang='lat' dir='ltr'>Chr·</span> 
     </span>
    </p>
   </div>
   <div class='ocr_carea' id='block_1_10' title="bbox 1401 3365 2510 3414">
    <p class='ocr_par' dir='ltr' id='par_1_21' title="bbox 1401 3365 2510 3414">
     <span class='ocr_line' id='line_1_118' title="bbox 1401 3365 2510 3414; baseline -0.005 -10"><span class='ocrx_word' id='word_1_843' title='bbox 1401 3380 1454 3404; x_wconf 83' lang='lat'>12.</span> <span class='ocrx_word' id='word_1_844' title='bbox 1481 3367 1600 3414; x_wconf 81' lang='lat' dir='ltr'>aphor.</span> <span class='ocrx_word' id='word_1_845' title='bbox 1630 3369 1712 3411; x_wconf 79' lang='lat'>15.,</span> <span class='ocrx_word' id='word_1_846' title='bbox 1739 3369 1793 3404; x_wconf 84' lang='lat' dir='ltr'>cui</span> <span class='ocrx_word' id='word_1_847' title='bbox 1819 3369 2000 3405; x_wconf 71' lang='lat' dir='ltr'>sententiae</span> <span class='ocrx_word' id='word_1_848' title='bbox 2025 3368 2217 3405; x_wconf 77' lang='lat' dir='ltr'>subscribit</span> <span class='ocrx_word' id='word_1_849' title='bbox 2241 3368 2350 3403; x_wconf 76' lang='lat' dir='ltr'>etiam</span> <span class='ocrx_word' id='word_1_850' title='bbox 2367 3365 2426 3400; x_wconf 64' lang='lat' dir='ltr'>do,</span> <span class='ocrx_word' id='word_1_851' title='bbox 2452 3365 2510 3398; x_wconf 64' lang='lat' dir='ltr'>Pi-</span> 
     </span>
    </p>
   </div>
  </div>
 </body>
</html>
