2583 3685
278 114 361 169 194

275 187 406 228 turalis
434 185 615 222 humanae
633 212 643 230 ‚
675 180 707 217 ἃ
728 191 873 219 motum
889 181 1142 219 sensualitatis
1162 182 1201 218 in
1216 180 1327 219 Chri-

272 251 349 278 sto,
395 236 575 274 Placebat
603 236 706 273 enim
729 233 884 272 Christo
908 234 1121 274 secundum
1151 233 1328 273 volunta-

214 323 242 342 „
272 302 346 329 tem
375 290 577 338 divinam,
623 287 658 325 δε
687 288 804 326 etiam
845 288 1053 326 secundum
1096 285 1328 327 voluntatem

215 373 240 394 ‚,
272 345 451 391 rationis,
493 351 535 380 ut
562 341 736 380 voluntas
765 340 949 379 naturalis
976 343 1017 378 in
1048 342 1155 393 ipso,
1199 339 1234 376 δι
1263 354 1328 379 νο-

214 428 244 446 „
273 397 400 435 luntas
427 394 678 433 sensualitatis
704 394 916 433 secundum
941 395 1118 433 ordinem
1150 407 1229 433 suae
1259 408 1327 432 na-

216 479 244 500 „
272 458 370 488 turae
399 457 643 487 moverentur
671 451 698 470 ‘²
728 448 824 498 (a).

266 503 361 550 664.
390 502 439 540 Et
468 516 557 539 cum
598 502 671 541 sibi
713 500 913 552 objecisset
942 500 1173 554 Ange-licus:
1214 499 1326 540 Chri-

211 566 313 596 stum
344 555 553 595 secundum
584 554 818 594 voluntatem
838 555 1010 593 divinam
1034 554 1196 592 voluisse
1226 567 1328 592 mor-

210 619 288 648 tem
306 640 317 657 ,
362 622 480 662 quam
508 609 721 661 refugiebat
750 608 955 646 secuudum
992 607 1229 645 voluntatem
1257 606 1328 644 hu-

212 676 367 701 manam
385 692 396 710 ‚
427 664 478 700 ita
507 663 704 714 respondet
734 661 781 699 ad
814 674 849 698 1·
878 688 905 707 „
937 659 1017 697 Hoc
1046 660 1196 710 ipsum,
1223 659 1328 710 quod

211 746 239 764 ,‚
268 716 400 768 aliqua
427 714 602 753 voluntas
630 714 801 752 humana
829 714 868 750 in
895 710 1045 750 Christo
1086 711 1192 750 aliud
1220 712 1324 751 vole·

269 769 359 818 bat,
388 782 508 821 quam
535 767 619 818 ejus
647 766 821 805 voluutas
839 765 1000 813 divina,
1029 765 1258 818 procedebat
1277 778 1325 804 ex

268 823 351 873 ipsa
379 821 572 860 voluntate
600 821 754 868 divina,
782 819 896 871 cujus
924 818 1164 871 beneplacito
1190 827 1327 857 natura

209 905 238 924 „
269 875 437 914 humana
478 874 646 913 motibus
686 874 851 926 propriis
890 872 1117 912 movebatur
1146 873 1185 910 in
1212 871 1325 912 Chri-

209 958 238 978 „
269 938 321 967 sto
340 954 353 967 .
384 932 409 950 ‘⁶

262 981 356 1020 665.
385 981 478 1021 Inst.
504 981 697 1020 secundo.
734 981 836 1019 Duae
865 978 1075 1018 voluntates
1103 992 1234 1018 secum
1264 981 1324 1018 in-

206 1036 336 1074 ferunt
361 1036 455 1074 duos
485 1035 678 1081 volentes3
707 1035 772 1073 sed
799 1030 969 1072 Christus
1000 1046 1095 1071 uuus
1122 1042 1199 1071 est:
1236 1046 1326 1085 ergo

207 1090 322 1127 etiam
352 1103 427 1127 uua
455 1087 660 1127 voluntas.

258 1141 352 1181 666.
383 1142 496 1194 Resp.
525 1155 612 1193 neg.
641 1139 737 1193 maj.
783 1140 814 1178 si
844 1139 947 1178 enim
986 1147 1038 1178 tot
1073 1139 1150 1178 sint
1191 1138 1326 1180 volen-

205 1204 284 1245 tes,
330 1204 423 1248 quot
451 1204 537 1233 sunt
566 1194 804 1243 voluntates,
852 1194 925 1232 erit
953 1195 1067 1231 etiam
1106 1206 1247 1233 verum
1275 1193 1325 1232 ab

205 1250 403 1302 opposito,
430 1257 483 1287 tot
510 1263 592 1288 esse
618 1248 829 1289 voluntates
845 1278 855 1296 ,
893 1256 986 1299 quot
1013 1255 1101 1286 sunt
1130 1245 1297 1286 volentes
1309 1261 1324 1294 3

207 1303 240 1339 &
267 1304 323 1342 sic
353 1316 443 1341 cum
472 1303 512 1339 in
543 1302 788 1343 sacrosancta
816 1301 1007 1339 Trinitate
1033 1309 1109 1339 tres
1135 1301 1208 1339 sint
1237 1299 1326 1338 Per-

205 1370 310 1395 sonae
341 1355 534 1404 volentes,
564 1365 639 1394 tres
669 1358 784 1393 etiam
814 1363 926 1393 erunt
955 1354 1194 1402 voluntates,
1221 1354 1326 1407 quod

205 1410 415 1448 absurdum
445 1418 496 1446 est
518 1434 528 1447 .
576 1411 620 1448 ln
650 1408 799 1446 Christo
827 1409 943 1460 igitur
971 1422 1071 1447 unus
1113 1416 1167 1445 est
1195 1408 1327 1446 volens

203 1472 361 1515 propter
388 1464 571 1500 unitatem
601 1475 796 1516 personae3
825 1462 889 1500 sed
906 1462 993 1499 duae
1010 1460 1218 1500 voluntates
1238 1474 1326 1512 pro-

203 1524 289 1567 pter
316 1516 411 1554 duas
437 1516 607 1555 diversas
635 1524 785 1554 naturas
803 1542 813 1554 .
844 1545 869 1563 „
897 1515 1003 1561 Quia
1031 1528 1109 1552 una
1136 1522 1193 1553 >est
1212 1511 1327 1552 Chri-

205 1599 232 1618 „
262 1564 306 1607 sti
337 1582 523 1622 persona,
562 1570 691 1622 inquit
718 1569 759 1608 S.
789 1569 955 1607 Joannes
984 1568 1249 1607 Damascenus
1277 1567 1326 1607 de

206 1652 233 1672 3,
264 1621 414 1661 duabus
442 1622 702 1661 voluntatibus
729 1627 772 1661 in
804 1622 958 1660 Christo
985 1635 1073 1673 cap.
1098 1635 1184 1671 rh,
1213 1620 1250 1658 8(
1280 1635 1324 1659 ιι-

207 1705 234 1724 „
264 1690 334 1714 nus
348 1676 540 1715 Christus:
561 1691 658 1716 unus
674 1686 746 1725 est,
766 1677 834 1728 qui
853 1685 1011 1727 utraque
1028 1684 1166 1714 natura
1184 1673 1324 1714 vult-‘⁶

259 1728 353 1779 667.
384 1731 473 1767 lust.
503 1733 640 1768 tertio.
689 1731 984 1768 lustramentum
1026 1741 1104 1767 non
1147 1737 1323 1767 movetur

203 1782 363 1834 propria
391 1780 608 1828 voluntate3
638 1783 700 1819 sed
730 1782 922 1821 voluntate
938 1796 1064 1820 causae
1094 1780 1323 1834 principalis

207 1835 421 1881 moventis3
468 1836 573 1887 atqui
601 1844 737 1872 natura
779 1835 949 1872 liumana
975 1836 1028 1872 -in
1056 1835 1206 1873 Christo
1249 1836 1323 1873 fuit

206 1889 304 1925 sicut
331 1887 626 1926 instrumentum
654 1888 890 1934 divinitatis,
926 1895 965 1923 ut
995 1901 1077 1924 eam
1108 1896 1215 1926 vocat
1244 1887 1323 1926 Da-

205 1952 402 1979 mascenus
417 1940 537 1978 Libro
551 1941 619 1979 111.
646 1940 697 1977 de
713 1940 806 1992 ficle
833 1938 985 1977 ortlzotl.
1004 1952 1098 1991 29.
1127 1939 1230 1990 Ergo
1249 1939 1322 1978 &c-

257 1991 353 2031 668.
384 1991 524 2044 Resp.,
553 1992 743 2044 majorem
773 2007 850 2031 esse
878 2007 1010 2031 veram
1031 1993 1076 2031 de
1096 1994 1322 2031 iustrumen-

204 2054 243 2083 ιο
271 2046 461 2094 inanimi,
491 2055 531 2084 ut
558 2055 612 2084 est
639 2047 804 2093 securis,
833 2044 894 2083 vel
924 2059 1027 2083 serra
1045 2074 1056 2092 ,
1085 2059 1174 2096 quae
1191 2045 1240 2084 ab
1261 2059 1321 2083 ar-

204 2099 310 2138 tifice
339 2107 513 2138 movetur
540 2098 619 2136 solo
655 2107 761 2136 motu
795 2097 1016 2149 corporali5
1063 2097 1201 2134 falsam
1228 2111 1320 2136 vero

203 2167 282 2191 esse
310 2153 356 2192 de
385 2154 632 2191 instrumento
659 2153 827 2191 animato
868 2150 918 2188 ab
948 2151 1078 2187 anima
1115 2150 1321 2195 rationali3

203 2206 277 2245 hoc
305 2207 409 2246 enim
430 2215 603 2245 movetur
631 2220 653 2244 a
678 2220 796 2245 causa
824 2203 1032 2257 principali
1054 2216 1122 2254 per
1150 2202 1321 2253 ejusdem

203 2259 466 2308 voluntatem,
496 2260 592 2298 sicut
620 2273 689 2312 per
718 2259 928 2311 imperium
960 2257 1117 2295 Domini
1147 2265 1323 2294 movetur

204 2326 362 2362 servus,
391 2314 524 2365 utique
552 2326 621 2365 per
649 2314 846 2366 propriam
874 2310 1109 2350 voluntatem
1126 2334 1139 2348 .
1187 2309 1236 2347 Et
1265 2310 1319 2347 sic

205 2368 322 2405 etiam
351 2375 487 2406 natura
514 2366 682 2405 humana
706 2366 852 2405 Christi
895 2363 1119 2403 movebatur
1144 2376 1170 2401 a
1199 2361 1320 2401 Verbi

203 2433 368 2472 persona
395 2434 464 2472 per
492 2422 688 2474 propriam
718 2420 840 2472 ipsius
866 2427 1015 2457 naturae
1046 2416 1227 2455 humanae
1256 2428 1323 2455 vo-

204 2473 392 2513 luntatem
408 2500 421 2512 ·

257 2526 356 2579 669.
386 2528 477 2566 inst.
502 2534 668 2579 quarto.
696 2525 969 2564 Voluntasnon
989 2523 1152 2575 pertinet
1178 2522 1228 2562 ad
1255 2537 1323 2561 na-

203 2590 356 2619 iuram:
383 2593 473 2633 ergo
498 2593 547 2618 ex
575 2593 653 2632 quo
679 2580 768 2618 duae
794 2581 869 2618 siut
898 2580 939 2617 in
968 2577 1119 2616 Christo
1146 2587 1296 2615 naturae
1313 2606 1324 2625 ,

204 2647 279 2672 mon
309 2635 478 2687 sequitur
495 2664 507 2682 ,
556 2635 672 2672 etiam
700 2633 794 2672 duas
821 2633 863 2671 in
894 2644 937 2669 eo
979 2645 1055 2669 esse
1083 2630 1322 2670 voluntates.

205 2686 320 2726 Proh.
349 2695 425 2726 ant.
450 2687 556 2736 Quae
583 2688 770 2739 pertinent
808 2686 858 2724 ad
888 2695 1062 2724 naturam
1084 2715 1095 2734 ,
1141 2694 1232 2723 sunt
1259 2699 1325 2722 ne-

207 2741 393 2781 cessaria:
419 2742 526 2794 atqui
555 2740 729 2782 voluntas
756 2753 834 2780 non
860 2748 914 2778 est
927 2739 1164 2787 necessaria,
1194 2738 1258 2777 sed
1276 2737 1326 2776 li-

215 221 246 241 θ’

214 273 243 292 2>

212 799 238 818 2>

208 852 239 871 Ἰ)

262 2880 308 2913 (α)
338 2878 370 2910 S,
399 2876 554 2911 Thomas
580 2885 648 2911 art.
675 2887 708 2911 2.
735 2875 844 2922 hujus
874 2882 999 2922 quaest·
1024 2875 1076 2911 18.
1103 2873 1252 2920 prohat,
1291 2873 1328 2908 in

217 2921 361 2957 Christo
387 2924 492 2958 fuisse
518 2925 737 2959 voluntatem
757 2926 998 2958 sensualitatis
1016 2931 1144 2967 praeter
1169 2921 1332 2955 volunta-

218 2976 290 3000 tem
316 2975 487 3011 rationis,
515 2992 540 3012 ,‚
565 2972 646 3016 quia
661 2971 771 3005 Filius
792 2971 854 3004 Dei
881 2970 1072 3003 humanam
1098 2975 1261 3002 naturam
1277 2979 1332 3001 as-

212 3034 240 3053 „
266 3018 410 3057 sumpsit
436 3028 515 3051 cum
539 3017 704 3052 omnibus
722 3039 733 3057 ‚
763 3028 843 3061 quae
869 3017 1048 3061 perti-nent
1074 3013 1118 3048 ad
1143 3014 1330 3059 perfectio·

212 3081 240 3100 2,
266 3072 344 3092 nem
373 3061 476 3104 ipsius
502 3073 659 3098 naturae.
687 3065 726 3097 In
751 3063 906 3097 humana
923 3071 1042 3096 autem
1060 3069 1188 3095 natura
1215 3061 1329 3095 incl-u-

212 3128 243 3148 „
266 3105 362 3138 ditur
388 3116 510 3142 natura
536 3111 698 3144 animalis
716 3132 727 3151 ‚
753 3111 843 3144 sicut
865 3110 905 3142 in
928 3109 1042 3154 specie
1060 3105 1254 3142 includitur
1272 3118 1331 3152 ge·-

214 3173 242 3194 „
266 3163 354 3193 nus5
382 3152 470 3186 unde
494 3166 651 3200 oportet,
677 3156 769 3203 quod
784 3157 896 3191 Filius
911 3156 975 3189 Dei
1001 3154 1229 3199 assumpserit
1247 3166 1328 3188 cum

216 3221 243 3239 „
267 3197 421 3232 humana
447 3208 571 3235 natura
594 3205 701 3237 etiam
726 3215 765 3237 ea
782 3225 793 3245 ,
831 3216 907 3248 qnae
935 3202 1112 3247 pertinent
1148 3199 1190 3234 ad
1216 3201 1330 3245 perfe-

214 3267 242 3286 „
267 3245 419 3278 ctionem
443 3253 576 3281 naturae
613 3251 801 3292 animatis,
842 3252 934 3283 inter
960 3260 1036 3293 quae
1063 3257 1116 3283 est
1150 3248 1326 3293 appetitus

214 3312 241 3334 3,
267 3292 480 3332 sensitivus‚
505 3293 563 3336 qui
591 3298 796 3329 sensualitas
823 3295 976 3330 dicitur.
1002 3298 1028 3317 “

260 3337 307 3377 (b)
335 3338 375 3372 ln
401 3344 468 3373 art.
493 3339 527 3373 3.
552 3336 713 3383 ejusdem
732 3341 1063 3386 quaest.Ange1icus
1088 3338 1209 3383 docet,
1232 3337 1326 3387 quod

753 105 836 148 DE
872 102 1122 146 INCARN.
1156 102 1326 145 SEc'r.
1345 103 1401 146 11.
1435 103 1587 146 DISS.
1607 105 1685 147 m.
1714 104 1846 149 CAP.
1870 107 1968 151 VII.

1393 178 1510 219 bera:
1550 194 1639 233 ergo
1666 179 1739 218 Sto.
1784 182 1956 223 Ulterius
1981 188 2011 224 si
2040 186 2210 229 volunta-5
2252 186 2300 225 ad
2329 194 2502 228 naturam

1392 234 1583 286 pertinet,
1610 242 1801 293 tot-erunt
1829 236 1870 273 iu
1896 237 2007 276 nobis
2034 250 2200 288 naturae,
2237 250 2326 292 quot
2354 241 2506 280 volitio-

1393 299 1483 332 nes3
1512 285 1546 322 8(
1573 294 1884 338 quotiescumque
1913 288 2082 330 voluntas
2108 302 2306 341 mutatur,
2337 295 2504 334 mutabi-

1392 347 1454 377 tur
1482 339 1595 376 etiam
1625 347 1787 384 nature-3
1831 342 1935 392 quod
1962 355 1987 379 a
2013 347 2157 384 ratione
2190 347 2377 386 absonum
2421 357 2502 388 est·

1394 392 1565 431 Demum
1593 391 1720 431 valere
1744 391 1859 431 dehet
1883 395 2109 447 exemplum
2135 399 2368 446 humanuim
2408 403 2504 454 quia

1395 447 1496 484 enim
1526 447 1565 483 iu
1591 445 1700 483 nobis
1729 459 1806 483 una
1835 455 1888 484 est
1916 460 2100 498 persona,
2148 446 2235 489 licet
2269 454 2413 506 duplex
2456 456 2504 492 sit

1394 509 1529 537 natura
1545 530 1556 548 ‚
1587 500 1715 536 anima
1741 512 1908 551 nempe,
1936 499 1972 536 St
1999 513 2158 552 corpus,
2186 509 2336 545 nonnisi
2356 521 2432 547 una
2452 516 2505 548 est

1394 553 1592 591 voluutas:
1621 565 1709 604 ergo
1738 554 1852 590 etiam
1883 555 1922 591 in
1948 552 2097 593 Christo
2123 554 2196 593 &m

1448 605 1543 657 670.
1573 605 1685 658 Resp.
1715 606 1762 644 ad
1789 607 1990 658 primum,
2038 609 2162 659 ipsam
2196 611 2405 660 potentiam
2438 627 2506 654 vo-

1394 657 1551 698 luntatis
1578 674 1656 699 esse
1675 659 1917 707 naturalem,
1947 660 2118 712 adeoque
2132 664 2412 712 ¹necessarimm
2440 667 2506 707 sed

1395 721 1541 752 motum
1558 745 1568 763 ,
1605 712 1666 751 vel
1696 723 1822 751 aetum
1853 712 1967 764 hujus
1995 715 2175 765 potentiae
2203 729 2282 753 esse
2309 715 2507 760 liberum.

1442 764 1539 817 671.
1570 767 1628 805 Ad
1657 767 1868 805 secundum
1894 767 2075 806 similiter
2093 780 2217 819 resp.‚
2245 769 2449 808 voluntatis
2467 786 2508 810 a-

1391 826 1475 855 ctus
1503 818 1670 859 diversos
1698 834 1774 858 esse
1792 850 1803 867 ‚
1851 820 1884 856 δε
1913 820 2096 859 infinities
2121 823 2291 868 mutari3
2331 836 2410 863 uon
2438 838 2506 862 au-

1392 879 1469 909 tem
1500 873 1622 922 ipsam
1648 875 1855 925 potentiam
1872 904 1884 922 ‚
1912 888 2000 927 quae
2029 874 2162 913 eadem
2180 888 2330 927 semper
2358 886 2508 918 manet·

1395 952 1421 972 ‚,
1450 923 1658 963 Sciendum
1689 936 1768 975 est,
1816 928 1942 979 inquit
1969 927 2011 967 S.
2037 928 2204 967 Joannes
2246 928 2510 970 Damascenus

1395 1007 1420 1026 ‚,
1452 976 1541 1015 Lib.
1570 978 1620 1015 II.
1662 977 1711 1016 de
1727 979 1819 1031 fide
1846 980 1997 1019 orthod.
2037 996 2126 1032 cap.
2161 982 2251 1031 ¹4,
2298 995 2374 1021 uon
2403 984 2509 1024 idem

1396 1060 1421 1079 ,‚
1451 1043 1529 1068 esse
1557 1029 1684 1078 velle,
1712 1040 1828 1082 atque
1842 1032 1939 1081 hoc,
1968 1033 2122 1073 veliillo
2136 1036 2249 1073 modo
2264 1036 2386 1075 velle.
2416 1036 2510 1076 Vel-

1394 1113 1422 1133 „
1451 1083 1486 1121 le
1514 1083 1705 1136 siquidem
1734 1093 1882 1122 naturae
1911 1095 1986 1134 est,
2016 1096 2055 1125 ut
2083 1088 2118 1125 &
2145 1088 2300 1128 videre:
2327 1091 2511 1130 omnibus

1395 1167 1422 1186 „
1453 1138 1555 1175 enim
1585 1136 1807 1175 hominibus
1836 1136 1907 1175 hoc
1941 1142 2143 1179 convenit.
2185 1141 2234 1180 At
2259 1151 2361 1181 certo
2397 1145 2511 1182 modo

1392 1220 1421 1239 ³>
1451 1190 1550 1228 velle
1578 1204 1656 1229 non
1685 1199 1831 1229 naturae
1853 1199 1928 1238 est,
1956 1191 2023 1229 sed
2040 1193 2159 1229 nostri
2175 1195 2348 1245 consilii,
2377 1195 2511 1234 &sen-

1396 1273 1422 1293 ‚‚
1454 1245 1604 1282 tentiae:
1649 1245 1977 1297 quemadmodum
2005 1242 2040 1280 δε
2066 1253 2168 1282 certo
2208 1247 2320 1285 modo
2347 1248 2507 1299 videre,

1396 1326 1423 1346 9,
1454 1297 1525 1336 hoc
1554 1307 1607 1336 est
1634 1297 1758 1347 bene,
1787 1297 1848 1337 vel
1877 1297 1979 1336 male
1994 1312 2005 1344 3
2046 1310 2121 1336 non
2145 1299 2255 1336 enim
2279 1307 2414 1339 omnes
2442 1302 2510 1340 ho-

1393 1380 1423 1400 „
1453 1353 1576 1401 mines
1603 1352 1735 1390 eodem
1766 1351 1877 1390 modo
1905 1351 2056 1400 volunt,
2086 1365 2209 1404 neque
2238 1352 2370 1390 eodem
2399 1357 2512 1392 modo

1393 1434 1422 1453 ‚‚
1452 1407 1611 1444 vident.
1660 1409 1686 1427 “
1713 1406 1857 1444 Confer
1886 1406 1999 1445 etiam
2043 1404 2216 1457 ejusdem
2243 1405 2431 1457 Opuscul.
2461 1405 2511 1445 cle

1396 1457 1550 1496 duabus
1579 1462 1621 1496 in
1640 1457 1797 1497 Christo
1817 1457 2094 1507 voluntatibus,
2118 1458 2172 1501 ἔν
2198 1458 2512 1510 operationibus·

1397 1511 1511 1550 Tom.
1542 1513 1574 1551 1.
1603 1513 1693 1552 edit.
1723 1511 1765 1552 P.
1796 1511 1894 1551 Mic.
1922 1513 1979 1552 Le
2008 1512 2136 1561 Quien
2164 1526 2253 1565 cap.
2287 1525 2350 1552 ιο.
2374 1527 2486 1567 sequ.

1450 1565 1545 1617 672.
1575 1567 1672 1605 Haec
1702 1575 1830 1605 autem
1851 1566 2082 1606 Damasceni
2099 1565 2242 1614 verba,
2270 1566 2375 1619 quod
2402 1576 2513 1606 certo

1391 1619 1511 1658 modo
1539 1619 1634 1658 welle
1661 1632 1742 1658 non
1771 1628 1932 1658 naturoe
1959 1624 2009 1658 sit
2025 1650 2036 1669 ,
2079 1619 2150 1658 sed
2177 1623 2303 1658 nostri
2328 1621 2511 1669 consilii,

1392 1674 1446 1711 ita
1476 1673 1641 1725 explicat
1669 1673 1709 1711 S.
1737 1672 1908 1713 Thomas
1938 1673 2009 1712 hac
2035 1687 2105 1725 qu.
2132 1672 2193 1712 18.
2220 1682 2292 1712 art.
2318 1685 2353 1711 ι.
2381 1673 2430 1711 ad
2449 1674 2511 1721 4.:

1390 1755 1420 1774 „
1446 1727 1548 1765 Cum
1578 1726 1752 1765 voluntas
1778 1729 1964 1778 pertineat
1980 1736 2159 1765 naturam
2177 1756 2188 1773 ,
2216 1728 2344 1777 ipsum
2372 1727 2512 1776 etiam,

1389 1808 1418 1828 „
1449 1781 1553 1831 quod
1578 1789 1634 1817 est
1660 1781 1890 1831 aliqualiter
1909 1779 2026 1828 velle,
2056 1780 2216 1830 pertinet
2234 1779 2283 1816 ad
2307 1787 2512 1829 naturam,

1387 1862 1418 1882 κ
1447 1846 1525 1871 non
1554 1833 1763 1872 secundum
1805 1834 1910 1885 quod
1947 1841 2003 1871 est
2029 1831 2206 1871 absolute
2244 1831 2512 1881 considerata,

1390 1915 1418 1934 ‚,
1448 1887 1513 1924 sed
1537 1887 1752 1926 secundum
1780 1886 1884 1938 quod
1911 1895 1964 1925 est
1993 1887 2032 1925 in
2060 1885 2129 1924 tali
2153 1885 2368 1938 hypostasi.
2398 1885 2514 1924 Unde

1388 1968 1417 1986 ,‚
1446 1940 1561 1976 etiam
1590 1938 1766 1978 voluntas
1786 1939 1955 1979 humana
1972 1939 2118 1978 Christi
2137 1938 2273 1977 habuit
2301 1938 2512 1990 quemdam

1388 2019 1418 2039 ,‚
1447 1992 1743 2030 determinatum
1771 1993 1929 2032 modum
1960 2006 2005 2030 ex
2031 2006 2105 2042 eo,
2133 1993 2236 2044 quod
2265 1992 2339 2030 fuit
2366 1992 2408 2030 in
2437 1991 2511 2045 hy-

1388 2072 1416 2091 „
1447 2046 1583 2094 postasi
1613 2045 1767 2093 diviua,
1813 2054 1853 2083 ut
1878 2046 2004 2084 silicet
2031 2055 2246 2086 moveretur
2275 2057 2426 2098 sem-per
2453 2058 2512 2085 se-

1388 2125 1415 2144 „
1445 2097 1615 2135 cundum
1644 2106 1781 2137 nutum
1809 2097 1951 2136 divina>
1981 2098 2188 2136 voluntatis
2218 2098 2292 2149 (b).
2322 2101 2348 2120 ‘⁶

1443 2147 1537 2198 673.
1567 2149 1702 2188 Tertia
1727 2157 1858 2188 autem
1887 2149 2096 2189 difficultas
2136 2151 2265 2188 statim
2292 2152 2510 2200 evanescit,

1388 2201 1588 2250 negandO,
1617 2202 1659 2238 in
1689 2202 1798 2239 nobis
1825 2204 1996 2239 animam
2023 2201 2061 2238 ἃ
2085 2215 2224 2255 corpus
2237 2202 2332 2242 duas
2348 2217 2424 2241 esse
2445 2217 2511 2241 ua-

1391 2260 1519 2298 turas;
1548 2265 1639 2290 cum
1669 2265 1741 2291 non
1766 2253 1843 2290 sint
1869 2252 1958 2290 duae
1989 2255 2103 2291 unius
2128 2263 2277 2291 naturae
2302 2264 2449 2306 partes:
2479 2256 2514 2293 δε

1391 2304 1555 2345 ulterius
1581 2306 1735 2359 corpori
1765 2306 1846 2344 sine
1873 2306 2004 2344 anima
2032 2303 2228 2354 voluntas,
2254 2319 2346 2358 quae
2375 2316 2510 2359 poten-

1387 2361 1442 2399 tia
1471 2368 1525 2398 est
1553 2358 1764 2412 spiritualis
1781 2389 1792 2408 ,
1820 2358 1983 2398 absurde
2011 2358 2243 2398 tribueretur
2260 2384 2272 2398 .

1449 2411 1546 2465 674.
1573 2411 1670 2464 Obj.
1699 2413 1827 2464 primo
1853 2421 1980 2452 contra
2009 2412 2059 2451 11.
2088 2411 2272 2466 Proposit·
2298 2411 2342 2452 S.
2358 2411 2514 2468 Diony-

1388 2466 1469 2505 sius
1497 2468 1537 2505 in
1566 2466 1768 2518 epist21V.
1797 2466 1848 2506 ad
1876 2465 2014 2519 Cajum
2042 2475 2170 2518 aperte
2198 2468 2355 2516 asserit,
2384 2480 2516 2507 unam

1391 2533 1472 2559 ease
1501 2520 1538 2559 in
1553 2519 1703 2559 Christo
1717 2518 1948 2559 Deivirilem
1977 2516 2203 2567 θεοῖρυκῆν
2232 2522 2516 2572 operationem.

1391 2575 1493 2613 Cum
1519 2582 1650 2612 autem
1679 2575 1847 2612 convicti
1877 2574 2034 2613 fuissent
2060 2570 2328 2612 Monothelitae
2370 2574 2515 2613 falsita-

1392 2630 1465 2675 tis3
1494 2641 1566 2666 non
1595 2628 1699 2665 enim
1728 2626 1771 2667 S.
1799 2627 2010 2681 Dionysius
2038 2625 2136 2665 dixit
2163 2638 2320 2675 unam,
2352 2627 2415 2666 sed
2444 2640 2514 2665 no-

1393 2694 1487 2722 vam
1517 2685 1533 2734 (
1565 2680 1655 2719 Vid.
1679 2694 1768 2732 sup.
1798 2693 1905 2720 num.
1935 2680 2030 2733 627.
2058 2679 2076 2730 )
2106 2677 2276 2732 Pyrrhus
2300 2693 2435 2718 eorum
2463 2679 2517 2717 si-

1392 2735 1520 2789 gnifer
1547 2735 1685 2774 omissa
1713 2733 1988 2775 adulteratione
2015 2735 2228 2785 integrum,
2256 2732 2292 2769 ἃ
2316 2733 2512 2772 sincerum

2417 2784 2462 2825 S.

1392 2872 1426 2906 si
1452 2871 1613 2906 voluntas
1647 2868 1802 2904 humana
1827 2869 1962 2905 Christi
1998 2866 2193 2914 accipiatur·
2219 2878 2284 2914 pro
2321 2875 2401 2900 actu
2440 2867 2516 2912 ipso

1397 2917 1535 2953 volendi
1555 2940 1566 2957 ,
1602 2925 1744 2962 oportet
1765 2928 1895 2962 ponere
1931 2918 1966 2950 in
1988 2913 2136 2948 vChristo
2158 2925 2201 2947 ex
2237 2920 2338 2958 parte
2365 2914 2512 2960 rationis

1397 2964 1483 2999 duas
1509 2963 1640 3009 species
1666 2972 1809 2998 actuum
1834 2961 2026 2997 voluntatis
2040 2981 2052 3001 ,
2079 2960 2214 2993 scilicet
2233 2969 2393 3004 respectu
2412 2960 2514 3000 finis,

1396 3015 1430 3044 ἃ
1455 3018 1623 3056 respectu,
1639 3021 1758 3044 eorum
1774 3032 1786 3051 ,
1807 3020 1889 3054 quae
1913 3004 2058 3041 suntad
2077 3005 2202 3046 finern3
2227 3006 2392 3040 voluntas
2418 3007 2514 3040 enim

1397 3058 1510 3091 fertur
1536 3056 1573 3090 in
1598 3056 1702 3090 finem
1728 3057 1959 3100 simpliciter,
1986 3056 2019 3086 δε
2039 3053 2218 3087 absolute.-
2244 3053 2281 3086 in
2305 3064 2347 3086 ea
2370 3061 2511 3093 autem,

1395 3115 1475 3150 quae
1500 3110 1582 3137 sunt
1607 3101 1649 3135 ad
1674 3103 1779 3137 finem
1794 3125 1804 3142 ‚
1829 3102 1943 3135 fertur
1966 3111 2047 3133 cum
2071 3098 2225 3144 quadam
2247 3099 2508 3148 comparatione

1397 3149 1441 3184 ad
1466 3151 1581 3196 ipsum
1604 3148 1729 3183 finem.
1773 3148 1889 3181 Prima
1914 3147 2078 3180 voluntas
2113 3153 2261 3181 vocatur
2285 3158 2305 3179 a
2332 3145 2511 3189 Magistris

1396 3195 1545 3240 δέληςι,
1571 3208 1631 3229 seu
1653 3196 1818 3229 voluntas
1842 3202 1877 3228 nt
1902 3202 2046 3233 natat-123
2068 3193 2183 3227 altera
2195 3191 2352 3234 βέληςις,
2374 3201 2431 3224 seu
2451 3200 2513 3221 vo·

1394 3245 1513 3279 luntas
1537 3244 1783 3282 consiliatum,
1809 3244 1841 3274 ἃ
1868 3248 1902 3274 ut
1927 3241 2038 3274 racio.
2069 3238 2139 3273 Sed
2164 3239 2239 3276 haec
2264 3236 2447 3288 diversitas
2475 3246 2513 3267 a·

1395 3301 1472 3325 ctus
1496 3301 1564 3323 non
1588 3287 1803 3322 diversificat
1828 3287 2045 3333 potentiam·
2083 3286 2129 3320 Et
2154 3287 2205 3322 sic
2229 3288 2267 3322 in
2291 3283 2433 3321 Chrlfito
2456 3287 2510 3316 85¹²

1393 3350 1463 3375 una
1486 3337 1561 3373 sola
1584 3335 1745 3372 voluntas
1769 3334 1925 3370 humana
1946 3335 2190 3372 essentialiter
2208 3355 2216 3366 .
