2583 3685
757 210 1005 255 EPOCHA
1040 205 1379 254 ADVENTUS
1413 206 1663 250 MESSJAE
1681 236 1691 247 .
2262 210 2312 252 13

64 300 118 339 {et
138 331 147 341 ,
194 295 266 336 Sed
295 293 379 332 haec
408 290 642 329 eruditorum
673 290 851 330 dissensio
893 291 991 330 nihil
1021 292 1180 329 omnino

68 352 254 407 prodesset
286 345 495 390 Rabbini23
542 358 668 383 omnes
698 345 800 382 enim
831 344 1015 395 Theologi
1048 345 1179 381 unani-

66 407 178 446 miter
206 403 244 439 in
272 413 317 438 eo
344 399 612 446 consentiunt,
651 398 736 436 illas
767 397 1021 436 hebdomadas
1050 412 1071 434 a
1104 398 1179 434 Da-

65 456 164 498 niele
193 453 394 506 praedictas
422 452 567 504 elapsas
596 451 674 503 jam
705 467 807 501 esse,
840 452 1103 502 undecumque
1117 463 1179 486 ea-

65 507 238 550 rumdem
269 508 423 545 initium
452 515 622 544 sumatur
644 532 654 543 .
685 505 783 553 Quae
817 519 906 542 vcro
934 504 1059 542 Judoei
1091 516 1180 540 cou-

59 571 123 600 tra
151 560 222 599 hoc
248 561 474 599 vaticinium
516 558 734 610 objiciunt,
784 559 941 597 inferius
976 557 1179 610 perspicue

60 615 326 663 excutientur,
355 613 389 650 ἃ
419 613 702 665 dissipabuntur
732 613 795 663 (a)
814 638 826 650 .

249 777 274 798 Ο
360 719 781 760 ΡΗΟΡΟΞΙΤΙΟ
841 718 890 756 11.

268 828 364 868 Sine
390 829 468 867 ullo
483 825 760 880 fundamento
776 823 954 878 fingitur·
970 853 980 872 ‚

181 881 395 924 adrentum
424 881 592 920 Messioe
621 877 812 929 aliquibus
842 877 890 916 de
920 880 1053 915 causis

437 934 572 987 j'uisse
600 930 767 970 dilatum
784 958 795 970 .

114 1044 182 1098 69.
199 1013 412 1086 Refutato
439 1039 508 1080 illo
537 1038 804 1080 Rabbinorum
833 1052 962 1078 errore
984 1068 995 1087 ,
1023 1037 1091 1090 qui
1120 1037 1179 1075 di-

59 1108 150 1137 cunt
169 1128 181 1147 ,
226 1097 371 1135 nullam
402 1095 517 1134 fuisse
545 1109 568 1134 a
598 1093 681 1132 Deo
724 1096 874 1132 venturi
906 1092 1059 1131 Messioe
1090 1084 1179 1181 epol

13 1189 18 1195 ,
62 1150 175 1190 cham
204 1149 438 1196 revelatam3
486 1148 640 1187 facilius
668 1145 748 1198 jam
780 1148 850 1184 erit
893 1145 1055 1183 alterum
1085 1160 1105 1182 a
1127 1145 1179 1182 io-

59 1217 147 1243 rum
177 1202 404 1256 figmentum
433 1201 636 1254 explodere
657 1230 668 1249 ‚
717 1201 784 1253 qui
813 1200 975 1247 dicunt,
1002 1199 1178 1236 eamdem

90 1257 219 1294 uidem
250 1258 364 1295 fuisse
393 1255 673 1294 manifestatam
692 1282 703 1301 ,
733 1253 794 1291 sed
827 1262 952 1305 postea
983 1250 1180 1304 aliquibus

58 1271 106 1348 de
135 1310 258 1348 causis
285 1309 446 1348 dilatam
477 1306 534 1358 (b)
552 1332 563 1345 .
602 1306 696 1345 Tres
726 1316 853 1345 autem
884 1305 1000 1357 hujus
1027 1305 1178 1343 dilatio-

56 1364 119 1401 nis
147 1375 276 1401 causas
304 1362 679 1406 comminiscuntur5
725 1359 870 1398 scilicet
906 1361 1035 1414 primo
1063 1358 1179 1397 scele-

60 1427 124 1463 ra,
152 1429 198 1453 ac
227 1417 424 1466 praecipue
452 1413 709 1452 idololatriam
739 1423 889 1465 patrum
919 1425 1094 1450 suorum:
1122 1425 1177 1450 se-

59 1468 186 1506 cundo
216 1477 368 1520 peccata
398 1467 572 1505 hodierni
596 1468 728 1519 populi
760 1466 960 1513 hebraici,
991 1479 1034 1504 ac
1065 1467 1178 1517 potis-

59 1521 202 1559 simum
232 1520 381 1560 sabbati
412 1520 686 1558 violationem:
734 1521 842 1557 tertio
872 1529 910 1557 ut
940 1519 1049 1570 longa
1079 1533 1144 1570 spe
1166 1548 1177 1566 ,

59 1574 254 1625 dilataque
301 1574 564 1626 expectatione
592 1570 758 1624 populns
797 1573 1014 1609 missionem
1045 1573 1102 1609 sui
1132 1570 1178 1610 li-

57 1626 243 1666 beratoris
270 1635 555 1678 promereatur,
586 1634 700 1677 atque
727 1624 919 1662 obtineat.

115 1693 180 1731 70.
209 1678 282 1718 Sed
312 1688 447 1718 contra
471 1679 637 1732 primam
656 1708 667 1726 ,
720 1676 990 1716 &secundam
1021 1690 1175 1715 causam

59 1735 147 1772 satis
189 1742 242 1771 est
270 1732 498 1781 observare,
550 1732 818 1784 promissiones
861 1732 969 1769 toties
1000 1733 1176 1782 repetitas

59 1786 182 1825 divini
211 1785 452 1836 liberatoris,
499 1787 595 1838 quas
623 1785 959 1834 enumeravimus,
1002 1797 1080 1822 esse
1109 1783 1176 1821 ab·

59 1839 199 1879 solutas
219 1869 230 1888 ,
260 1839 436 1892 nullique
466 1852 616 1891 prorsus
635 1838 841 1876 conditioni
870 1837 1071 1889 alligatas:
1101 1849 1177 1889 quo

62 1906 150 1945 ergo
171 1892 418 1931 fundamento
438 1891 581 1944 fingunt
597 1890 765 1930 Rabbini
784 1921 794 1938 ‚
825 1905 886 1929 eas
916 1901 1068 1943 propter
1090 1905 1177 1943 pec·

61 1954 144 1984 cata
173 1947 393 1998 praeterita,
441 1954 505 1984 aut
532 1946 734 1997 praesentia
763 1945 929 1997 potuisse
959 1945 1176 1997 impediri,

57 2008 125 2038 aut
152 1998 363 2039 retardari?

116 2065 180 2103 7¹·
209 2051 382 2092 Afferunt
411 2051 468 2090 illi
490 2053 647 2105 quidem
677 2050 857 2090 nonnulla
873 2051 1048 2105 exempla
1078 2065 1177 2104 prae·

56 2104 271 2145 dictionum
288 2135 300 2155 ‚
329 2119 418 2159 quae
433 2106 661 2145 videbantur
676 2105 860 2144 absolutae
875 2136 885 2154 ,
907 2120 929 2143 a
945 2106 1176 2158 quibusdam

56 2167 185 2196 tamen
214 2159 494 2199 conditionibus
512 2159 712 2212 implicitis
738 2159 979 2212 pendebant,
1008 2173 1177 2213 quarum

57 2211 206 2252 defectu
235 2212 456 2266 adimpletas
500 2226 572 2253 non
603 2213 752 2251 fuerunt
774 2243 785 2261 ‚
835 2213 1053 2264 cujusmodi
1091 2221 1179 2251 sunt

56 2265 259 2306 subversio‘
282 2266 463 2316 Ninivae,
493 2280 593 2305 mors
624 2265 734 2318 Regis
763 2266 939 2305 Ezechiae
958 2297 969 2315 ,
1013 2266 1046 2303 8t
1078 2279 1178 2317 prae-

56 2320 173 2371 cipue
192 2321 404 2371 promissio
431 2334 522 2360 cum
550 2319 767 2370 juramento
796 2321 896 2358 facta
926 2320 1018 2371 Regi
1050 2319 1177 2357 David

58 2370 211 2410 Psalmo
237 2372 422 2411 CXXXI.
457 2386 516 2412 ιι.
547 2373 582 2409 Bt
611 2387 689 2425 seq.
718 2374 764 2411 de
784 2373 1039 2412 conservando
1059 2374 1176 2411 lsrae-

57 2422 107 2461 -lis
135 2425 229 2468 solio
257 2425 339 2476 ejus
366 2425 486 2464 filiis.

117 2490 182 2527 72.
212 2477 287 2516 Sed
315 2477 425 2530 longe
453 2480 580 2530 dispar
609 2487 661 2516 est
690 2480 818 2523 ratio;
865 2478 926 2517 hae
956 2482 1060 2519 enim
1090 2493 1176 2531 pro-

60 2528 202 2582 phetiae
232 2540 335 2569 erant
355 2532 653 2570 comminatoriae
671 2560 682 2578 ,
710 2544 874 2582 quarum
904 2531 992 2570 finis
1021 2546 1110 2569 cum
1132 2536 1178 2572 sit

61 2585 273 2635 peccatoris
302 2583 349 2622 ad
377 2585 640 2637 poenitentiam
671 2583 890 2631 excitandi,
920 2584 1175 2624 conditionem

60 2763 62 2766 ·
99 2752 154 2786 (a)
178 2745 316 2783 Nostrae
362 2744 620 2784 hebdomadum
657 2751 894 2796 supputationi
946 2751 1180 2796 suffragantur

64 2791 274 2839 Chronologi
299 2797 457 2843 plerique
483 2796 701 2838 doctissimi,
727 2797 905 2832 &consuli
932 2797 973 2832 de
999 2810 1037 2831 ea
1064 2807 1179 2843 potest

58 2836 163 2890 J’ater
178 2840 290 2875 Nicol.
304 2845 452 2888 August.
467 2843 630 2889 Chignoli
645 2843 729 2879 Ord.
751 2840 860 2878 Praed.
876 2845 1001 2877 Exere.
1022 2842 1177 2879 xxvii.

60 2882 326 2937 v”Qnanielemss
352 2889 411 2924 ubi
438 2890 542 2925 falsos
568 2903 641 2924 esse
659 2902 868 2935 magnorum
895 2891 1051 2924 virorum
1080 2891 1180 2924 Peta-

62 2937 112 2961 *Π
129 2951 140 2970 1
173 2932 292 2975 Berti,
316 2933 501 2979 Newtoni,
535 2938 753 2982 aliorumque
780 2932 930 2972 calculos
958 2935 1076 2970 solidis
1103 2937 1181 2971 ani-

62 2973 362 3016 madversionibus
386 2983 562 3023 ostendit;
605 2983 726 3017 timide
752 2986 867 3018 autem
884 3006 894 3024 ,
933 2986 963 3015 &
990 2982 1177 3017 admodum

62 3019 216 3057 modeste
240 3030 424 3072 proponit.
452 3031 502 3064 De
527 3031 904 3065 aliorumClironotaxi
927 3029 1038 3063 videri
1066 3037 1178 3075 potest

63 3066 241 3113 Humphr·
256 3071 434 3124 *Parideanx
461 3077 496 3110 in
521 3077 620 3110 Hist.
646 3077 833 3111 Judaeorum
852 3099 863 3118 ‚
887 3078 1093 3121 aliorumque
1119 3088 1178 3120 ρο-

67 3115 136 3156 l'fll·
160 3126 305 3157 ΡΓΟΙΜΙ·
332 3120 409 3155 Lib·
435 3122 505 3163 V.,
531 3124 589 3157 ubi
609 3125 814 3164 contendit,
842 3125 983 3158 initium
1010 3135 1066 3168 70.
1093 3122 1178 3156 heb-

65 3157 255 3212 domadnm
277 3175 349 3216 esse
375 3165 625 3204 desumendum
652 3170 695 3204 ab
722 3183 812 3204 anno
837 3171 916 3204 Vll.
952 3171 1047 3214 regni
1077 3171 1183 3203 Arta-

65 3217 179 3239 xersis
206 3207 438 3254 Longinum,
479 3223 544 3249 non
571 3226 688 3250 autem
714 3218 757 3251 ab
785 3229 875 3250 anno
898 3216 1059 3261 ejusdem
1086 3215 1182 3259 regni

65 3251 152 3286 XX.
181 3252 247 3287 Sed
291 3267 350 3289 nos
377 3258 411 3290 in
437 3256 593 3294 difficiles
631 3263 713 3296 istos
738 3264 998 3308 chronologicos
1024 3262 1184 3306 labyrin-

62 3298 143 3333 thos
184 3300 316 3346 ingredi
345 3303 534 3345 nolumus3
574 3315 684 3351 neque
718 3311 950 3343 necessarium
989 3318 1151 3354 putamus
1171 3329 1183 3348 ,

66 3354 278 3391 postquam,
304 3358 341 3382 ut
370 3361 473 3395 supra
496 3352 699 3394 innuimus,
724 3364 819 3388 certo
835 3357 964 3390 certius
991 3355 1095 3389 statui
1124 3365 1185 3399 po-

65 3400 162 3433 test,
205 3394 332 3428 harum
358 3395 613 3436 helglomndum
653 3400 839 3434 terminum
864 3401 938 3447 jam
973 3402 1150 3436 effluxisse
1171 3421 1182 3440 ‚

59 3437 312 3487 undecumque
340 3455 460 3479 earum
486 3455 645 3480 sumatur
670 3446 834 3481 initium.

1247 288 1287 326 in
1316 287 1445 337 seipsis
1477 286 1746 333 includebant,
1784 285 1926 324 scilicet
1955 287 2028 325 uisi
2058 289 2292 337 poenitoutiae
2321 301 2362 327 o-

1245 339 1406 392 peribus
1436 339 1508 376 Dei
1540 339 1682 389 justitia
1714 339 1927 389 placaretur
1946 367 1955 376 .
1984 342 2118 378 Contra
2148 351 2274 380 antem
2306 354 2363 380 res

1249 408 1287 432 se
1317 391 1431 430 habet
1462 394 1501 430 in
1532 392 1738 444 prophetiis
1759 422 1769 438 ,
1798 406 1884 445 quae
1916 393 2070 446 aliquod
2100 395 2244 434 bouum
2276 409 2362 449 pso-

1248 447 1428 491 mittunt;
1457 458 1605 497 semper
1631 447 1734 482 enim
1765 445 1934 483 absolute
1965 447 2215 499 intelligenda:
2247 458 2329 488 sunt
2350 480 2363 498 ,

1248 501 1321 538 nisi
1370 511 1543 550 expressa
1586 506 1796 551 apponatur
1824 500 2014 547 conditio,
2063 511 2103 538 ut
2146 503 2182 538 in
2213 502 2363 541 laudato

1248 550 1398 590 Psalmo
1425 550 1608 589 CXXXI.
1645 565 1703 589 11.
1733 550 1881 589 „Iurat-ic
1913 553 2110 592 Dominus
2139 554 2273 593 David
2302 570 2362 594 we<

1248 610 1441 653 ritatem,
1487 602 1537 645 ’ἐν
1580 618 1658 641 non
1675 604 1942 655 Ji‘ustrtibitur
1983 621 2106 645 etim:
2155 608 2202 646 de
2218 608 2363 661 fructu

1248 663 1392 698 ventrls
1421 662 1477 695 tui
1506 671 1656 710 ponam
1687 671 1802 709 super
1831 659 1967 696 sedem
1995 670 2136 710 ευιιηι,
2174 666 2207 699 si
2235 673 2362 702 custo-

1247 713 1388 752 dierint
1407 711 1489 766 filii
1519 715 1572 749 tui
1599 721 1886 750 testamentum
1917 727 2047 751 meum
2071 745 2082 762 ‚
2110 723 2159 756 ω’
2188 726 2363 756 ιεετιιηο..

1250 772 1321 805 nin.
1351 780 1445 804 mea
1475 765 1560 803 haec
1582 796 1591 813 ,
1622 779 1710 816 quoe
1731 765 1874 803 docebo
1903 779 1993 811 eos,·
2025 768 2089 806 ubi
2111 771 2277 808 conditio
2297 784 2361 808 ex-

1249 835 1374 872 presse
1397 822 1515 870 posita
1538 829 1590 857 est
1608 846 1617 856 .
1649 820 1895 872 Quamquam
1921 820 1986 857 illa
2015 823 2179 860 conditio
2209 837 2282 862 uon
2304 837 2362 861 re-

1248 874 1433 926 spiciebat
1450 903 1460 921 ‚
1491 873 1562 910 uisi
1587 886 1744 924 regnum
1767 873 2000 924 tempor-ilem
2032 879 2231 926 promissio
2259 879 2363 916 enim

1246 927 1431 975 ilr'lessiae,
1479 941 1566 979 quae
1611 927 1722 965 etiam
1769 929 1805 965 in
1837 926 1902 964 illo
1932 926 2078 967 Psalmo
2120 934 2329 969 continetur
2351 960 2361 978 ‚

1250 980 1347 1019 nulli
1377 989 1458 1019 erat
1487 981 1689 1019 conditioni
1720 980 1885 1019 districta
1903 1007 1912 1017 .

1306 1035 1370 1087 73.
1400 1033 1665 1072 Promissiones
1714 1035 1840 1087 itaque
1870 1035 2020 1074 Messiae
2044 1065 2054 1084 ‚
2100 1052 2189 1090 quae
2218 1033 2364 1078 benefi-

1243 1091 1352 1128 cium
1382 1088 1455 1126 Dei
1484 1089 1659 1126 omnium
1691 1091 1902 1126 maximum
1947 1093 2164 1140 continent,
2212 1092 2364 1132 nullam

1277 1155 1400 1180 rorsus
1429 1150 1564 1179 natura
1594 1155 1660 1179 sua
1689 1143 1945 1180 conditionem
1963 1144 2185 1195 involvunt,
2214 1146 2363 1185 oecul-

1246 1158 1325 1235 fam
1356 1196 1492 1234 iisdem
1522 1208 1693 1246 expresse
1722 1198 1935 1247 appositam
1966 1195 2150 1247 legimus:
2189 1213 2304 1238 causa
2331 1203 2364 1238 i-

1245 1252 1348 1304 gitur
1377 1263 1452 1288 nou
1483 1257 1583 1296 erat,
1634 1257 1672 1284 ut
1702 1250 1847 1286 statutis
1876 1250 2110 1300 temporibus
2138 1264 2211 1289 noo
2241 1254 2364 1291 adim-

1248 1303 1473 1356 plerentur.
1522 1302 1603 1339 lmo
1632 1310 1777 1339 tantum
1808 1301 1910 1339 abest
1928 1332 1938 1348 ‚
1969 1312 2008 1340 ut
2037 1313 2191 1355 propter
2220 1306 2364 1345 scelera

1248 1357 1383 1408 populi
1426 1369 1558 1393 earum
1588 1354 1810 1406 adimpletio
1852 1354 1998 1394 differri
2036 1356 2220 1407 deberet,
2267 1362 2362 1412 quin

1247 1412 1371 1462 potius
1398 1409 1560 1448 Messias
1590 1417 1766 1446 venturus
1795 1418 1873 1445 erat
1891 1439 1901 1456 ‚
1949 1418 1989 1446 ut
2016 1421 2365 1451 consummaretur

1245 1465 1525 1514 praevaricatio
1543 1491 1554 1510 ,
1583 1460 1773 1513 &finem
1789 1465 1986 1512 acciperet
2001 1473 2206 1512 peccatum
2221 1491 2232 1503 .
2262 1467 2365 1506 Hinc

1247 1519 1360 1555 etiam
1392 1515 1549 1554 Messias
1597 1524 1750 1553 vocatus
1792 1524 1843 1552 est
1886 1519 2110 1566 expectatio
2147 1523 2361 1570 gencium,-

1246 1572 1338 1622 quia
1354 1569 1523 1608 Gentiles
1553 1567 1768 1606 idololatria
1788 1568 1935 1619 ejurata
1957 1570 2002 1608 ad
2032 1583 2166 1610 verum
2188 1571 2261 1611 Dei
2277 1575 2360 1612 cul-

1245 1631 1326 1660 tum
1358 1636 1424 1673 per
1454 1621 1636 1662 Messiam
1666 1625 1833 1660 converti
1861 1623 2073 1661 debebant.

1302 1674 1365 1725 74.
1397 1674 1492 1711 Haec
1522 1674 1615 1711 adeo
1643 1685 1771 1725 aperta
1800 1684 1885 1714 sunt
1906 1705 1917 1724 ‚
1948 1685 1986 1713 ut
2017 1677 2131 1716 multi
2163 1679 2328 1720 Rabbmi
2352 1712 2361 1730 ,

1246 1735 1324 1766 tam
1353 1727 1530 1777 antiqui,
1566 1739 1684 1776 quam
1714 1728 1885 1764 moderni
1917 1741 2112 1767 erroneam
2142 1731 2238 1770 hanc
2268 1749 2361 1786 pau-

1245 1794 1378 1819 corum
1407 1779 1628 1831 opinionem
1658 1779 1703 1816 de
1724 1780 1910 1817 retardato
1938 1791 2090 1833 propter
2120 1784 2253 1837 populi
2283 1800 2362 1825 sce-

1244 1833 1326 1872 lera
1355 1833 1508 1872 Messiae
1540 1833 1704 1870 adventu
1733 1835 1871 1871 acriter
1900 1834 2178 1875 confutaverint
2199 1864 2209 1875 .
2257 1839 2365 1878 Cele-
2401 1872 2404 1876 .

1243 1888 1324 1927 bris
1372 1887 1442 1924 hac
1471 1887 1517 1924 de
1548 1899 1586 1922 re
1617 1886 1688 1923 fuit
1729 1887 1932 1938 disputatio
1976 1889 2072 1929 inter
2105 1889 2148 1929 R.
2179 1891 2364 1932 Joauscua

1245 1940 1463 1989 ben-Levi,
1511 1938 1545 1975 8(
1578 1938 1620 1977 R.
1652 1938 1822 1978 Elieezer
1852 1945 1867 1992 (
1897 1954 1987 1993 quae
2025 1943 2147 1982 videti
2180 1956 2294 1997 potest
2320 1951 2367 1988 in

1246 1995 1371 2034 Tomo
1400 1994 1507 2032 Xlll.
1539 1990 1733 2031 Thesauri
1764 1993 1920 2046 Ugolini
1950 1996 1988 2032 in
2019 1995 2148 2036 Tract.
2183 1997 2364 2051 Taanid,

1245 2048 1279 2086 ἃ
1309 2051 1349 2089 111
1383 2047 1569 2086 Gemma
1599 2045 1744 2100 Babyl.
1775 2050 1864 2086 odit.
1894 2048 2045 2099 Cocceji
2076 2050 2205 2090 Tract.
2234 2053 2365 2092 Sane-

1245 2103 1349 2142 (lrim
1380 2110 1546 2152 excerpt.
1568 2100 1633 2140 31.
1663 2101 1706 2149 );
1736 2102 1777 2139 in
1807 2115 1850 2138 ea
1880 2103 1984 2139 enim
2007 2101 2052 2141 R.
2081 2103 2268 2145 Joauscua
2297 2107 2365 2147 has

1245 2156 1506 2197 retardationis
1534 2167 1665 2193 causas
1678 2155 1730 2192 ita
1762 2153 2004 2206 profligavit,
2035 2165 2073 2195 ut
2101 2157 2367 2201 adversarium

1246 2213 1294 2252 ad
1323 2209 1516 2250 silentium
1547 2206 1662 2259 plane
1694 2206 1905 2259 redegerit.

1305 2265 1369 2316 75.
1399 2261 1590 2299 Eumdem
1638 2273 1805 2299 errorem
1850 2261 1989 2300 refellit
2038 2262 2082 2302 R.
2112 2265 2366 2318 Abarbanel,

1247 2318 1458 2357 recentium
1488 2314 1715 2353 Judaeorum
1757 2314 1998 2355 doctissimus
2041 2318 2080 2355 in
2109 2333 2175 2357 suo
2205 2326 2365 2366 1930&

1246 2378 1384 2422 0319»
1417 2367 1654 2408 Mnscmioh
1681 2366 1852 2411 Jescuab
1870 2398 1880 2417 ‚
1910 2383 1976 2407 seu
2005 2369 2198 2411 Praecone
2226 2375 2367 2413 salutis

1245 2428 1261 2475 (
1291 2438 1407 2476 quem
1421 2423 1481 2462 Jo.
1503 2422 1619 2460 Henr.
1635 2420 1766 2473 Majus
1787 2422 1900 2461 latine
1916 2437 2067 2463 versum
2085 2426 2200 2466 edidit
2221 2427 2364 2466 Franc-

1245 2479 1335 2516 furti
1365 2478 1412 2515 ad
1443 2476 1621 2515 Moenum
1652 2489 1744 2514 ann.
1771 2489 1885 2527 ¹7¹¹·
1917 2478 2004 2528 (c),
2035 2492 2109 2518 una
2139 2493 2228 2518 cum
2259 2480 2361 2519 mul·

1245 2533 1292 2569 tis
1321 2529 1431 2578 aliis,
1460 2542 1554 2582 quos
1584 2528 1698 2568 facile
1727 2538 1818 2572 esset
1846 2528 2012 2581 allegare
2033 2556 2045 2569 .
2074 2533 2157 2570 lmo
2186 2536 2309 2586 potins
2324 2549 2364 2572 a-

1244 2583 1344 2635 liqui
1373 2582 1631 2630 contendunt,
1679 2595 1762 2620 eam
1793 2585 2085 2633 promissionem
2114 2587 2228 2624 fuisse
2256 2600 2363 2625 acce·

2262 2637 2317 2675 le-

1296 2751 1343 2790 (b)
1371 2751 1406 2783 Ι11
1434 2747 1580 2782 Gomara
1607 2747 1824 2791 Bulgrlonica
1863 2745 1983 2780 Tract.
2028 2746 2183 2787 sandrin
2223 2747 2367 2783 edition.

1249 2796 1450 2840 Coccejanae
1478 2796 1644 2839 Excerpt·
1663 2796 1720 2827 30.
1757 2805 1832 2838 cap·
1858 2805 1909 2826 11.
1944 2805 2010 2828 11011
2037 2793 2250 2837 5011111111το
2274 2794 2365 2828 dila-

1250 2846 1298 2878 tio
1323 2842 1492 2876 adventus
1520 2841 1656 2875 Messiae
1684 2852 1747 2885 pro
1773 2848 1865 2872 certa
1892 2838 2041 2873 liabetur
2058 2861 2072 2881 ‚
2112 2839 2171 2873 sed
2195 2842 2302 2874 variae
2329 2853 2371 2875 e-

1247 2891 1335 2924 tiam
1361 2889 1553 2922 afferuntur
1578 2886 1684 2931 hujus
1709 2886 1886 2920 dilationis
1914 2898 2026 2920 causae
2047 2909 2056 2918 .
2083 2879 2252 2921 Dolosam
2275 2881 2368 2921 hano

1248 2937 1366 2981 populi
1395 2933 1588 2980 decipiendi
1626 2934 1721 2966 viam
1750 2933 1903 2965 inierunt
1940 2934 2052 2966 'etiam
2079 2933 2186 2978 aliqui
2214 2933 2368 2968 Rabbini

1248 2983 1486 3020 recentiore53
1531 2980 1627 3023 nulla
1653 2979 1757 3013 etiam
1785 2979 1868 3023 ipsis
1904 2977 2043 3012 videtur
2083 2979 2206 3014 melior
2233 2979 2275 3013 ad
2302 2991 2367 3014 nn-

1247 3027 1421 3062 triendam
1447 3036 1572 3060 vanarn
1602 3026 1738 3059 Messiae
1764 3026 2063 3069 expectationem.

1292 3081 1342 3114 (c)
1369 3076 1410 3107 R.
1437 3074 1514 3106 Don
1543 3074 1635 3105 isaac
1662 3070 1861 3104 Almbanel
1888 3072 2005 3106 floruit
2031 3073 2156 3107 Saecnl.
2186 3073 2294 3114 XV.‚
2332 3077 2365 3106 ἂ

1252 3129 1385 3154 tantam
1411 3120 1478 3152 sibi
1503 3116 1671 3152 doctrinm
1697 3119 1825 3150 samam
1844 3117 1934 3162 apud
1961 3128 2041 3154 snos
2059 3121 2276 3164 comparavit
2292 3141 2304 3161 ,
2328 3129 2368 3160 nt

1251 3167 1378 3200 celebri
1408 3166 1495 3198 Mosi
1525 3162 1729 3210 Maimonidi
1758 3176 1834 3209 non*
1853 3165 1965 3200 solum
2000 3167 2268 3211 aequiparetur,
2309 3166 2368 3209 sed

1252 3213 1357 3246 etiam
1385 3211 1616 3256 pra-feratur.
1657 3211 1800 3254 Origine
1828 3210 1894 3244 sust
1923 3212 2133 3255 Lusitanus,
2169 3211 2200 3246 8<
2227 3214 2261 3246 in
2289 3214 2368 3247 aula

1253 3258 1422 3302 Alphonsi
1450 3257 1494 3289 V.
1521 3253 1578 3290 diu
1607 3253 1723 3296 vixit3
1749 3255 1927 3303 Alpho‘nso
1945 3256 2366 3304 inortuo'iniiispaniam

1253 3305 1442 3349 migravit,
1469 3315 1507 3336 ac
1533 3302 1674 3337 demum
1699 3303 1906 3350 Neapolim,
1930 3305 1991 3338 ubi
2017 3304 2157 3351 'regibus
2178 3305 2368 3340 Ferdinan-

1252 3350 1322 3391 do,
1364 3354 1395 3382 &
1423 3349 1598 3394 Alphonso
1634 3349 1760 3384 charus
1785 3350 1888 3387 fuiti,
1926 3351 2015 3396 Ejus
2052 3352 2293 3386 commentarii
2328 3350 2365 3382 in

1254 3396 1554 3437 pentateuchum,
1580 3399 1611 3429 ἃ
1636 3397 1672 3430 111
1698 3396 1886 3442 Prophetas
1912 3409 2039 3442 magno
2064 3399 2098 3431 in
2126 3398 2237 3442 pretio
2259 3404 2364 3428 sunt.

1253 3442 1334 3480 vid.
1348 3443 1419 3479 Jul-
1433 3443 1695 3481 Barthoioecius
1711 3443 1813 3478 Tom·
1823 3445 1884 3483 111.
1903 3443 2070 3482 Βίὸὶίοεή.
2080 3443 2212 3489 Magnae
2223 3441 2366 3476 Rachia.
