2583 3685
813 184 895 231 DE
929 187 1262 233 MIRACULIS
1295 187 1570 232 MESSIAE.
2220 194 2276 237 '23

103 272 194 314 155.
221 271 426 310 Innumera
446 267 560 319 plane
580 275 663 306 sunt
678 266 941 307 Rabbinorum
963 281 1157 306 commen-

39 337 84 368 'ta
102 358 113 377 ,
141 335 182 365 ut
207 322 339 362 invicti
369 319 484 372 hujus
513 324 728 373 argumenti
758 324 836 361 vim
866 322 1082 367 declinent;
1121 321 1155 358 &

44 389 278 436 quamquam
297 387 429 413 omnes
448 376 487 413 in
507 388 549 412 eo
568 376 830 424 consentiunt,
861 385 900 414 ut
927 377 1055 414 Jesum
1078 374 1154 412 Na·

45 442 236 473 zaraenum
265 427 315 467 ab
344 427 489 480 Angelo
518 429 677 467 minime
718 429 954 481 designatum
984 441 1060 466 esse
1090 441 1152 464 ve-

46 487 144 532 lint,
179 483 278 521 mire
306 490 432 520 tamen
462 482 557 520 iuter
585 496 622 520 se
651 483 869 520 dissentiunt
900 484 938 521 in
968 492 1058 519 vero
1087 494 1151 518 va·

44 537 168 576 licinii
197 547 305 574 sensu
334 535 639 574 determinando.
669 535 748 574 Alii
779 537 880 573 enim
911 548 999 572 cum
1017 531 1062 571 R.
1082 532 1150 571 Sa-

40 591 191 629 lomone
219 591 260 628 in
290 586 476 639 Exposit.
504 602 589 638 sup.
620 587 834 626 Danielem
872 587 969 625 illud
997 586 1045 623 ad
1073 586 1149 638 Cy·

40 656 129 682 rum
160 642 357 689 referunt,
399 643 469 693 qui
501 642 702 689 Christus,
745 639 794 680 ab
823 641 919 678 lsaia
955 638 1078 676 XLV.
1114 651 1147 676 ι.

40 697 164 734 dictus
193 703 272 733 est.
318 694 399 733 Alii
426 708 515 733 cum
548 695 655 733 Aben
686 694 781 732 Ezra
816 693 864 730 ad
894 691 1148 738 Neheiniam3

40 747 108 788 alii
138 749 185 788 ad
215 746 454 794 Zorobabe15
482 746 550 787 alii
579 749 625 786 ad
657 746 794 798 Regem
824 746 1034 797 Agrippam
1067 745 1113 782 ll.

100 801 188 848 154.
216 801 290 840 Sed
326 801 515 853 ineptiunt
555 814 712 845 omnes5
759 812 849 837 nam
893 807 1150 851 praeterquam

39 855 142 908 quod
171 857 223 894 ita
252 853 427 892 laborant
456 854 496 892 in
532 852 749 891 chronotaxi
791 853 1024 904 septuaginta
1055 851 1148 889 heb-

38 909 246 947 domadum
275 905 494 958 hujusmodi
523 907 616 944 v'iris
642 905 856 958 adaptanda
874 935 885 953 ‚
934 913 972 942 ut
1002 906 1147 943 exitum

39 962 255 1000 nullatenus
282 961 458 998 invenire
484 966 654 1012 queant,
695 959 841 997 nemini
872 959 985 996 etiam
1015 971 1146 996 eorum

40 1029 83 1053 ea
112 1011 315 1055 convenire
342 1021 518 1066 possunt,
546 1023 635 1064 quae
665 1012 713 1050 de
728 1011 868 1050 Messia
887 1011 1048 1050 Gabriel
1070 1011 1148 1049 Da-

38 1067 134 1107 nieli
191 1064 469 1105 raenunciavit.
498 1063 644 1117 Ecquis
673 1067 776 1103 euim
797 1067 954 1103 istorum
983 1066 1059 1103 dici
1081 1077 1148 1116 po-

38 1123 122 1160 terit
180 1128 345 1158 anctum
374 1115 655 1156 Sanctorum?
683 1119 765 1156 Sub
793 1130 960 1170 quonam
981 1121 1149 1167 expiata

39 1183 98 1213 est
125 1175 313 1224 iniquitas
331 1169 486 1210 terrae?
513 1171 768 1220 Quandouam
788 1171 1001 1222 obsignata
1020 1181 1075 1208 esc
1096 1176 1151 1209 νὶ·

39 1231 120 1275 sio,
148 1223 392 1277 prophetia?
419 1224 621 1273 Quomodo
649 1223 793 1276 defecit
819 1223 974 1272 hostia,
1003 1224 1053 1264 (9·
1082 1237 1149 1262 sa-

38 1277 273 1333 crificium?
320 1277 458 1316 Fuitne
486 1276 558 1317 sub
587 1276 717 1329 aliquo
745 1291 876 1315 eorum
905 1281 1069 1326 civitas,
1098 1278 1148 1318 (θ’

37 1336 318 1372 sanctuarium
346 1328 620 1380 dissipatum?
667 1330 722 1368 Ac
751 1331 908 1369 demum
949 1344 1026 1383 quo
1054 1341 1150 1369 tenn-

37 1399 130 1438 pore
158 1393 285 1424 secuta
313 1391 365 1421 est
393 1380 639 1422 abominatio
661 1383 914 1421 desolationis
943 1397 1063 1435 usque
1092 1384 1147 1422 ad

37 1440 450 1484 consummationem,
478 1436 528 1477 (9¹
589 1449 683 1475 nem
711 1446 1036 1487 perseveratum,
1075 1439 1150 1476 nisi

38 1500 122 1543 post
160 1491 330 1529 occisum
358 1488 489 1528 Jesum
554 1503 801 1539 azaraenum‚
848 1505 964 1542 quem
1003 1501 1042 1528 ut
1085 1505 1148 1530 ve-

38 1555 127 1582 rum
155 1542 340 1581 Messian:
367 1541 562 1580 obcaecata
580 1541 784 1594 Synagoga
803 1555 1000 1594 agnoscere
1029 1545 1151 1582 detre—

34 1589 188 1635 ctavit?
789 1643 791 1646 ἱ

97 1647 186 1688 155.
216 1646 343 1686 Multo
371 1647 492 1700 magis
519 1648 673 1686 caecutit
703 1643 748 1686 R.
779 1647 1026 1694 Abarbanel‚
1057 1643 1151 1686 dum

38 1704 80 1740 in
109 1701 181 1740 hac
209 1699 411 1754 prophetia
439 1714 512 1740 non
541 1700 744 1743 Messinm
772 1700 930 1739 Ducem
973 1709 1054 1753 pont
1084 1699 1150 1738 62.

39 1754 296 1794 hebdomades
323 1753 622 1794 exscindendam
642 1756 765 1804 vidit,
791 1755 856 1793 >sed
878 1755 1001 1807 potius
1029 1768 1153 1806 popu-

38 1807 123 1846 lum
152 1809 192 1846 in
220 1805 478 1859 captivitatem
508 1807 758 1860 redigendum
775 1838 786 1857 ‚
816 1809 886 1846 uisi
916 1807 986 1846 hoc
1007 1816 1153 1859 tempo-

38 1862 93 1900 ris
120 1859 320 1900 intervallo
348 1873 371 1898 a
398 1861 560 1912 peccatis
597 1862 862 1914 resipisceret;
907 1861 1019 1913 quasi
1048 1860 1152 1898 scili-

35 1922 99 1952 cet
125 1912 272 1952 oraculi
300 1926 425 1951 seusus
455 1911 517 1952 hic
545 1914 621 1962 sit,
663 1913 788 1952 adhuc
818 1927 886 1966 per
917 1927 980 1965 70.
1010 1913 1152 1951 hebdo-

38 1966 171 2006 mades
199 1963 361 2004 voluisse
380 1964 508 2019 Deum
529 1968 711 2018 patienter
731 1975 932 2020 expectare
963 1966 1151 2018 populum

40 2019 89 2058 ad
119 2020 408 2072 poeniteutiam,
445 2019 492 2056 iis
520 2029 646 2058 autem
675 2021 816 2071 exactis
844 2020 1058 2058 durissimae
1090 2033 1151 2057 ca-

38 2072 258 2126 ptivitatis,
301 2072 505 2124 omnisque
531 2074 679 2124 generis
719 2073 884 2111 miseriis
912 2086 989 2110 esse
1032 2072 1147 2122 subji-

37 2126 221 2165 ciendum
249 2136 368 2177 usque
395 2123 444 2164 ad
470 2122 676 2165 adveutum
707 2122 886 2164 Mess'iae.
916 2125 1039 2179 Nugae
1067 2124 1152 2178 pla-

36 2191 87 2217 ne
116 2177 177 2216 hae
207 2187 320 2226 sunt,
365 2191 456 2230 quae
484 2192 554 2218 nec
590 2178 750 2218 refutari
792 2187 1012 2228 merentur,
1061 2191 1153 2217 cum

35 2244 113 2273 non
139 2230 262 2270 solum
291 2229 441 2270 nullum
471 2231 634 2271 habeant
662 2234 703 2272 in
733 2246 840 2270 sacro
875 2241 979 2271 textu
1009 2231 1147 2270 funda-

36 2293 236 2335 mentum,
278 2298 412 2325 verum
442 2285 558 2324 etiam
587 2286 662 2338 ipsi
691 2285 848 2325 adversa
887 2286 1010 2324 fronte
1039 2297 1152 2335 repu-

66 2347 156 2379 nent
176 2364 187 2376 .

38 2352 64 2392 g
96 2390 184 2430 136.
212 2388 287 2428 Sed
314 2386 532 2442 quomodo,
559 2391 769 2430 sciscitatur
798 2390 998 2430 Rabbinus
1015 2420 1027 2439 ,
1074 2385 1155 2433 dici

39 2451 161 2496 potest
187 2452 473 2481 consummata
507 2447 810 2494 praevaricatio,
856 2443 986 2482 deleta
1015 2447 1155 2495 iniqui-

39 2505 126 2544 tas,
165 2495 216 2536 <9⁵
243 2493 420 2533 adducta
443 2497 602 2546 justitia
630 2500 873 2546 sempiterna
901 2505 985 2550 post
1014 2499 1154 2536 adven-

39 2557 124 2588 tum
153 2547 241 2586 Jesu
270 2547 500 2596 Nummi,
525 2562 618 2588 vcum
647 2549 844 2587 videamus
864 2550 977 2597 vitia,
1008 2549 1042 2585 ἃ
1064 2564 1152 2599 pec-

39 2610 124 2640 cata
152 2599 298 2653 ubique
325 2601 367 2640 in
393 2601 572 2641 omnibus
591 2601 743 2655 populis
759 2631 770 2651 ,
798 2611 911 2655 atque
930 2603 1026 2640 inter
1041 2602 1153 2641 Chri-

38 2657 181 2694 stianos
207 2654 220 2692 i
251 2667 308 2692 sos
335 2655 498 2706 grassari
525 2653 619 2708 (a)?

100 2707 188 2759 ¹37·
219 2668 332 2758 ἕως).
350 2736 362 2756 ,
409 2720 544 2745 verum
573 2707 729 2747 illorum
759 2708 968 2746 verborum
998 2721 1150 2749 sensum

40 2773 114 2800 non
141 2773 246 2808 esse,
280 2759 432 2798 Christo
459 2761 685 2800 adveniente
711 2761 820 2800 nulla
849 2761 1018 2813 amplius
1047 2763 1152 2801 futu-

41 2826 86 2852 ra.
112 2815 153 2853 in
193 2812 265 2852 hoc
293 2813 436 2852 mundo
477 2824 658 2866 peccata3
705 2815 768 2853 sed
796 2813 935 2854 Christi
978 2816 1152 2867 passione

44 2866 158 2906 fuisse
184 2867 330 2905 divinae
357 2865 514 2918 justitiae
544 2881 614 2920 pro
641 2869 807 2921 peccatis
847 2868 977 2907 nostris
1005 2869 1150 2907 satisfa-

40 2926 149 2958 etum
162 2948 174 2969 ,
200 2919 236 2957 &
263 2919 373 2960 nobis
393 2920 509 2960 etiam
528 2923 767 2975 suppeditata
785 2921 954 2960 remedia
970 2951 980 2971 ‚
1009 2922 1152 2974 quibus

2 3078 6 3123 ᾗ
99 3073 246 3127 (ain-oc
268 3084 322 3110 est
354 3089 463 3112 unum
497 3091 539 3114 ex
576 3080 767 3126 potissimis
806 3080 1046 3124 argumentis,
1090 3091 1160 3125 quo

3 3125 8 3175 ’,Ι
49 3120 202 3173 ἣδωηηι
229 3122 357 3172 populo
382 3122 549 3166 indocto,
590 3129 622 3159 &
646 3127 746 3160 facile
787 3125 929 3160 credulo
961 3127 1081 3160 fucum
1108 3129 1159 3160 fa-

4 3178 8 3236 ἱ
48 3175 172 3208 ciunt,
213 3166 346 3202 scilicet
369 3167 497 3205 Messia
524 3170 727 3206 adveniente
764 3185 866 3207 omne
900 3173 1079 3206 sublatum
1115 3174 1157 3205 iri

8 3251 9 3255 Ἰ
44 3220 252 3292 fficcatum-
298 3214 349 3247 lta
373 3214 417 3248 R.
450 3216 545 3250 Isaac
569 3217 605 3251 in
639 3231 701 3251 suo
724 3219 915 3253 Minimine
940 3218 1069 3259 Fidei,
1111 3219 1155 3252 R-

49 3303 58 3311 ⁸
89 3271 207 3293 anasse
235 3260 431 3293 ben-lsrael
456 3261 492 3293 in
517 3262 752 3298 Conciliatore
778 3266 911 3310 Quaest.
939 3266 994 3299 28.
1025 3266 1059 3298 in
1086 3266 1157 3298 lsa-

8 3286 13 3359 ῘΙ
46 3313 118 3338 iam
132 3327 140 3336 .
167 3307 218 3338 lta
232 3305 376 3350 plurimi
395 3306 453 3339 alii
472 3318 484 3347 3
507 3308 636 3351 quibus
652 3320 712 3342 nos
726 3313 851 3346 nostris
864 3312 1044 3353 moribus,
1067 3309 1159 3357 quod

11 3363 14 3406 ς
43 3351 199 3385 &exime
223 3350 411 3385 dolendum
433 3361 510 3393 est,
535 3365 656 3387 ansam
681 3355 875 3399 praebemus
895 3380 903 3389 .

14 3490 17 3507 l

86 3398 139 3437 (ὅ)
168 3397 205 3431 Ρ.
229 3397 426 3434 Bernardus
454 3400 568 3445 Lamy
595 3400 632 3435 in
657 3411 719 3436 suo
735 3402 913 3447 apparata
927 3403 1090 3440 chronol.
1117 3406 1160 3438 (θ’

12 3608 25 3670 ’ῑ

1225 267 1259 305 ἃ
1290 271 1480 318 praeterita
1511 271 1692 319 expiare,
1736 269 1770 304 ὅ(
1803 270 1927 308 futura
1955 282 2088 308 cavere
2118 272 2329 324 possimus;

1224 324 1323 359 unde
1352 323 1464 358 isaias
1487 323 1584 360 hill.
1608 324 1644 360 5.
1673 323 1719 359 de
1746 322 1894 360 Christo
1924 323 2118 374 praedixit:
2149 324 2235 374 Ipse
2255 339 2327 364 aun

1223 383 1305 412 tem
1333 375 1558 412 vulneratus
1587 384 1646 413 est
1683 385 1836 426 propter
1874 380 2100 426 iniquitates
2142 389 2331 430 nostrus,

1221 431 1381 465 attritus
1410 436 1467 465 est
1495 437 1651 479 propter
1679 429 1830 466 scelera
1851 439 1988 467 nostra.
2078 432 2127 471 (i)-
2156 432 2271 471 lirore
2290 447 2330 472 e-

1212 482 1283 534 jus
1312 484 1449 518 sanati
1478 494 1645 524 sumus,-
1675 481 1708 516 ὅ(
1732 481 1833 519 LXI.
1861 496 1892 519 ι.
1924 482 2076 536 loquens
2107 485 2143 521 iu
2173 499 2332 537 persons

1216 534 1357 572 Christi
1374 534 1546 572 dicebat:
1580 535 1684 572 Deus
1700 538 1805 571 misit
1835 548 1925 581 me,
1956 547 1994 573 ut
2024 536 2206 576 mederer
2233 551 2327 576 con-

1214 590 1319 624 tritis
1349 588 1491 632 corde‚·
1539 586 1571 623 8<
1602 587 1752 625 infinita
1781 597 1867 624 sunt
1897 589 2010 639 hujus
2051 593 2200 642 generis
2227 593 2329 630 testi-

1219 641 1376 679 monia.
1409 641 1519 679 Hunc
1549 654 1625 678 esse
1655 640 1809 678 illorum
1839 642 2042 682 verborum
2072 658 2223 683 sensum
2245 645 2326 697 ple-

1219 694 1329 745 rique
1357 695 1579 732 cordatiores
1609 695 1721 732 etiam
1753 695 1848 731 iuter
1867 696 2016 732 Judaeos
2037 698 2191 735 confessi
2214 707 2326 748 sunt,

1219 755 1259 783 ut
1292 746 1335 785 R.
1365 747 1521 786 Simeon
1553 749 1593 786 iu
1624 746 1817 785 Beressah
1850 746 2005 796 Babba,
2037 750 2069 785 ἃ
2101 750 2144 788 Η.
2175 751 2328 790 Manas-

1216 813 1254 837 se
1283 799 1491 839 ben-lsrael
1525 802 1564 840 iu
1597 799 1782 838 Termino
1818 805 1935 848 vitoe,
1982 803 2046 840 ubi
2077 805 2188 842 etiam
2219 812 2329 843 testa·

1217 861 1304 901 tur,
1347 866 1418 892 nou
1448 854 1565 892 aliam
1596 854 1711 892 fuisse
1741 853 1809 892 hac
1838 855 1885 892 de
1913 868 1953 893 re
1983 865 2151 895 veterum
2180 859 2331 898 Judaeo-

1216 919 1302 944 rum
1332 908 1557 945 seutentiam
1577 934 1587 945 .

1274 959 1362 998 138.
1395 961 1427 998 A
1457 962 1612 998 veritate
1641 962 1755 999 etiam
1783 962 1938 999 omniuo
1979 962 2103 1001 aliena
2145 973 2197 1002 est
2232 973 2328 1018 quo-

1214 1014 1393 1051 rumdam
1427 1013 1690 1052 Rabbiuorum
1719 1014 1874 1064 opinio,
1918 1017 1984 1068 qui
2029 1016 2329 1066 dissipationem

1215 1071 1469 1113 sanctuarii,
1513 1068 1562 1107 (θ’
1592 1067 1935 1106 abominationem
1965 1068 2244 1120 desolacionis,
2288 1076 2330 1109 in

1215 1120 1361 1170 templo
1390 1133 1416 1158 a
1447 1119 1621 1158 Daniele
1649 1120 1886 1172 praerlc'ctam
1915 1122 1960 1160 ad
1985 1123 2215 1163 Antiochum
2237 1124 2331 1178 Epi-

1214 1172 1379 1224 phauem
1412 1174 1606 1219 reserunt3
1636 1176 1732 1226 qui,
1776 1183 1815 1210 ut
1847 1174 1981 1225 legitur
2015 1177 2042 1213 1.
2074 1175 2270 1216 Machab.
2301 1180 2332 1218 Ι.

1218 1226 1282 1277 57.
1300 1256 1310 1274 ,
1354 1225 1559 1265 aedificavit
1596 1226 1915 1265 abominandum
1944 1227 2093 1266 idolum
2121 1230 2332 1274 desolatio·

1214 1284 1279 1317 'nis
1309 1293 1425 1327 super
1454 1280 1586 1318 altare
1616 1279 1694 1318 Dee·
1712 1306 1723 1318 .

1276 1334 1364 1384 159.
1397 1332 1533 1372 Aliena
1562 1343 1641 1381 est,
1669 1335 1828 1386 iuquam
1847 1363 1857 1381 ‚
1896 1346 1918 1371 a
1948 1335 2103 1373 veritate
2131 1334 2218 1374 haec
2246 1339 2330 1390 opi-

1219 1387 1303 1424 nio.
1335 1386 1432 1424 Nam
1463 1388 1589 1438 primo
1615 1387 1756 1425 Daniel
1788 1387 2039 1426 saevissimam
2070 1388 2169 1427 hanc
2199 1390 2330 1429 Antio-

1218 1438 1280 1489 chi
1311 1441 1608 1490 persecutionem
1630 1453 1700 1477 non
1721 1438 1792 1478 hoc
1807 1441 1931 1491 capite
1947 1470 1957 1488 ,
1988 1441 2051 1479 sed
2067 1442 2226 1481 iuferius
2246 1457 2333 1496 cap.

1218 1491 1288 1529 Xl.
1311 1493 1376 1531 δι.
1407 1494 1612 1545 praedixit;
1641 1501 1730 1544 quae
1759 1492 1917 1544 proinde
1947 1493 2145 1546 prophetia
2164 1495 2224 1534 ‘ab
2253 1496 2331 1534 alia

1220 1544 1373 1583 Messias
1407 1548 1554 1584 venturi
1583 1546 1848 1598 distinguenda
1868 1555 1940 1584 est.
1972 1546 2148 1586 Secundo
2168 1548 2238 1586 sub
2256 1550 2334 1588 An-

1219 1597 1346 1634 tiocho
1374 1599 1496 1636 multa
1524 1601 1679 1650 quidem
1698 1629 1708 1645 ‚
1756 1598 1789 1635 8<
1818 1601 2044 1650 gravissima
2074 1600 2177 1639 mala
2205 1602 2333 1640 Jndaei

1220 1653 1389 1702 perpessi
1419 1660 1527 1696 suut;
1575 1665 1650 1689 non
1681 1653 1754 1688 suit
1782 1661 1907 1689 tamen
1938 1652 2146 1691 Jerusalem
2189 1654 2335 1693 destru-

1221 1710 1306 1748 cta,
1337 1712 1400 1740 aut
1429 1703 1602 1740 dirutum
1632 1704 1841 1753 templum,
1871 1706 1971 1755 quod
2002 1715 2081 1755 post
2103 1705 2253 1745 Messiae
2272 1721 2336 1746 oc-

1220 1756 1403 1793 cisionem
1434 1755 1608 1792 futurum
1639 1769 1715 1792 esse
1736 1757 1959 1807 praedicitur
1977 1782 1987 1792 .
2018 1756 2149 1795 Tertio
2170 1771 2242 1795 non
2264 1761 2337 1798 fuit

1222 1808 1291 1846 illa
1321 1806 1504 1846 desolatio
1532 1817 1740 1860 perpetua,
1784 1808 1849 1846 sed
1878 1808 1948 1846 sub
1980 1807 2219 1850 Machabaeis
2259 1825 2338 1850 res—

1218 1861 1380 1913 publica
1408 1861 1631 1899 Judaeorum
1662 1863 1801 1899 iterum
1823 1871 1935 1914 caput
1955 1864 2097 1910 erexit,
2130 1864 2259 1902 multis
2276 1867 2338 1903 vi-

1221 1915 1349 1953 ctoriis
1379 1914 1586 1964 inclaruit,
1616 1917 1812 1966 antiquam
1835 1914 1988 1953 Patrum
2009 1929 2163 1955 suorum
2187 1917 2338 1970 religio-

1219 1981 1309 2005 nem
1339 1969 1532 2017 restituit,
1580 1969 1702 2007 omnis
1733 1982 1778 2004 ue
1807 1970 1955 2019 generis
1996 1968 2184 2007 bonorum
2215 1971 2338 2009 abun-

1220 2021 1348 2059 dantia
1377 2020 1536 2070 floruit,
1585 2030 1626 2059 ut
1655 1981 1833 2059 iuqlibris
1862 2020 2056 2059 machab.
2099 2023 2229 2061 videre
2257 2033 2337 2073 est,

1219 2076 1417 2127 praecipue
1457 2084 1583 2113 autem
1613 2074 1702 2114 Lib.
1733 2075 1764 2112 Ι.
1805 2087 1891 2124 cap.
1923 2074 2057 2121 XLV„
2107 2075 2174 2114 ubi
2215 2077 2338 2128 gloria

1218 2129 1337 2179 gentis
1365 2128 1538 2167 Judaicae
1578 2127 1652 2166 sub
1681 2126 1837 2165 Simone
1866 2127 1974 2165 Duce
2003 2126 2076 2165 late
2114 2127 2148 2164 ἃ
2185 2132 2337 2182 copiose

1219 2181 1449 2219 describitur
1465 2207 1475 2218 .
1576 2228 1579 2229 ⁷

1277 2233 1368 2278 140.
1398 2233 1686 2272 praetermittere
1715 2231 1786 2272 hoc
1816 2232 1899 2271 loco
1927 2247 2000 2272 non
2043 2247 2240 2286 possumus
2269 2237 2338 2276 ab·

1219 2287 1376 2324 surdam
1396 2287 1456 2325 J0.
1481 2287 1669 2325 Harduiui
1691 2288 2036 2338 interpretationem
2066 2291 2240 2328 vaticinii
2261 2289 2340 2328 Da·-

1219 2339 1334 2379 nielis
1351 2370 1362 2388 ‚
1391 2354 1480 2393 quae
1510 2355 1533 2378 a
1562 2341 1734 2378 refutatis
1755 2339 2215 2381 hactenus'Rabbiuorutn
2234 2354 2340 2383 com·-

1218 2393 1356 2431 mentis
1384 2404 1458 2431 non
1489 2393 1621 2445 procui
1651 2393 1782 2432 abest.
1813 2394 1886 2432 Hic
1915 2401 2045 2433 auctor
2073 2397 2149 2434 suis
2176 2398 2338 2448 parado-

1220 2447 1278 2484 xis
1321 2447 1534 2485 notissimus
1574 2447 1616 2485 iu
1649 2446 1911 2499 Chronologm
1947 2447 1999 2486 V.
2030 2448 2079 2487 T.
2114 2450 2339 2499 contendit,

1214 2498 1415 2538 vChristum
1444 2513 1467 2537 a
1495 2499 1662 2538 Daniele
1688 2501 1915 2553 praedictum
1945 2502 2182 2540 esse'Oniam
2216 2502 2338 2541 Ponti-

1221 2551 1334 2590 ficem
1353 2582 1364 2601 ‚
1393 2553 1460 2604 qui
1490 2567 1513 2590 a
1543 2552 1719 2591 Menelao
1748 2554 1956 2604 proditoria
1986 2554 2189 2592 Andronici
2219 2569 2338 2592 mana

1219 2605 1366 2642 occisus
1396 2606 1470 2642 fuit
1499 2604 1548 2641 11.
1577 2604 1773 2642 llIachab.
1803 2605 1873 2642 lv.
1896 2606 1960 2649 54.
1987 2614 2060 2642 nec
2088 2606 2165 2643 alia
2194 2608 2338 2644 ratione

1219 2657 1447 2694 vaticinium
1479 2656 1652 2695 Danielis
1692 2669 1800 2708 posse
1841 2657 1887 2694 ad
1924 2657 2053 2694 Jesum
2097 2659 2337 2698 Nazarenum

1216 2709 1383 2757 referri,
1411 2710 1483 2746 nisi
1512 2713 1644 2761 typice
1661 2739 1671 2757 ,
1699 2710 1791 2761 quia
1805 2707 1923 2747 onias
1953 2711 2069 2762 ipsius
2090 2711 2251 2763 figuram
2273 2724 2337 2764 ge-

1217 2762 1348 2800 rebat:
1388 2775 1478 2814 quae
1507 2763 1539 2800 si
1568 2775 1659 2801 vera
1688 2771 1831 2809 essent,
1873 2763 1941 2813 qui
1970 2775 2045 2800 non
2083 2765 2184 2802 videt
2211 2778 2336 2818 quan-

1221 2823 1306 2853 tum
1335 2813 1518 2853 efficaciae
1549 2814 1666 2867 hujus
1693 2816 1867 2854 vaticinii
1896 2814 1943 2853 ad
1971 2817 2337 2858 convincendos'Ju-

1217 2868 1322 2907 daeos
1348 2867 1611 2907 detraheretur
1638 2867 1730 2921 (b)?

1278 2921 1366 2967 ¹4¹·
1397 2920 1524 2961 Multa
1552 2931 1666 2971 sunt,
1695 2927 1785 2974 quae
1815 2933 1921 2960 novae
1943 2919 2033 2961 huic
2054 2921 2241 2963 Harduiui
2271 2925 2330 2964 in-

2208 2986 2282 3015 ter·

1230 3080 1426 3124 Geograph.
1454 3081 1501 3113 ad
1526 3075 1708 3112 Comm'ent.
1744 3083 1778 3111 in
1806 3077 2023 3113 Harmoniam
2047 3076 2106 3112 IV.
2123 3076 2126 3077 ⁷
2142 3078 2275 3127 Evang.
2302 3084 2337 3116 ιή

1230 3127 1385 3159 Dissert.
1413 3125 1454 3158 ‹le
1482 3137 1537 3168 70.
1563 3127 1715 3158 hebdom.
1742 3124 1960 3159 Harduinum
1987 3137 2049 3170 pro
2072 3128 2206 3161 meritis
2231 3130 2337 3162 casti-

1230 3174 1324 3217 gavit
1345 3194 1352 3202 .
1396 3170 1596 3204 Har-‹luinus
1621 3180 1735 3204 autem
1761 3172 1967 3206 refutatoria
1985 3173 2147 3207 'oratione
2186 3174 2250 3208 sub
2276 3173 2338 3207 ad-

1230 3219 1362 3252 scititio
1381 3218 1519 3250 nomine
1545 3218 1689 3251 Eusehii
1715 3218 2016 3252 Franco-Romani
2038 3226 2107 3253 non
2139 3220 2214 3252 sinn
2249 3221 2339 3254 acri-

1229 3264 1345 3298 monia
1375 3265 1510 3308 Lamyo
1535 3262 1766 3308 respondens,
1807 3274 1908 3298 suum
1943 3273 2097 3309 systema
2132 3265 2336 3300 confirmare

1230 3318 1376 3344 conatus
1402 3319 1452 3342 est
1470 3330 1480 3349 ‚
1519 3311 1552 3342 in
1579 3319 1648 3354 quo
1673 3311 1814 3344 initium
1840 3322 1896 3354 70.
1920 3309 2175 3346 hebdomadum
2200 3313 2291 3357 capit
2316 3322 2335 3342 a

1228 3364 1352 3389 ‹uarto
1377 3355 1549 3390 Joachimi
1578 3356 1682 3400 Regis
1708 3368 1820 3391 anno:
1862 3357 1965 3392 finem
1999 3366 2115 3391 autem
2150 3356 2334 3390 hebdoma-

1225 3369 1313 3437 rlum
1340 3413 1372 3446 7-
1399 3402 1524 3438 statuit
1547 3402 1584 3436 in
1611 3404 1732 3449 Cyro,
1756 3411 1862 3451 quem
1883 3404 1960 3438 vult
1983 3410 2057 3438 esse
2076 3404 2246 3436 Christum
2262 3400 2334 3433 Da-
