2583 3685
785 127 866 172 DE
901 121 1333 169 CONCEPTIONE
1369 120 1670 164 VIRGINIS.

85 213 262 268 praeclari
282 226 298 257 ;
325 211 420 262 quia
447 214 669 258 antequam
699 210 802 245 scm!
830 221 925 257 puer
954 219 1097 244 vocare
1125 218 1193 255 ρη-

87 277 192 307 trem
221 277 362 311 suum,
390 262 441 303 (9·
471 270 647 299 matrem
677 274 818 309 suam,
848 260 1056 314 auferetur
1073 258 1195 311 forti·

85 320 179 360 tudo
205 317 409 357 Damasci
429 345 440 364 ‚
478 316 528 356 (9¹
557 315 683 366 spolia
713 315 920 353 Samartae
947 326 1089 357 coram
1120 311 1195 350 Re-

81 387 134 429 38
161 370 444 432 Assyriorum.
487 369 565 417 Qui
594 370 686 407 duos
717 369 818 406 filios
846 368 895 406 ab
927 369 1021 406 {saia
1063 366 1194 403 distin-

79 434 157 467 ctos
186 423 301 462 fnisse
330 422 487 471 volunt,
517 422 841 470 Emmanuelem,
884 421 918 457 &
948 420 1074 458 fitium
1105 416 1195 455 Pro-

77 476 256 532 'phetissae
276 506 287 523 ,
318 474 433 514 facile
463 475 546 514 haec
577 475 691 514 verba
712 490 800 514 cum
824 473 1084 528 superioribus
1104 484 1193 507 con-

79 529 215 570 ciliare
245 531 449 576 videtum-3
497 530 559 568 sed
590 531 709 568 nodus
739 538 864 581 postea
908 528 997 576 ipsis
1027 532 1194 562 remanet

77 583 299 632 solvendus,
329 582 521 636 quomodo
549 592 700 635 teinpus
731 577 1076 668 huJuszrophetiae
1094 576 1193 613 litte-

78 635 211 676 raliter
240 645 408 689 acceptae
438 637 552 689 possit
580 650 668 674 cum
699 635 787 674 Lib.
820 635 830 671 l
877 659 888 670 .
931 631 1073 681 Regum
1105 643 1192 666 con-

76 689 205 728 ciliari
224 720 235 738 ,
277 704 319 728 ex
350 702 427 743 quo
456 691 624 734 scimus,
669 687 788 740 spolia
818 686 1007 723 Samariae
1045 683 1192 720 nonnisi

77 757 176 782 anno
205 753 307 781 sexto
337 741 536 790 Ezechiae,
567 742 657 780 idest
685 753 800 778 annos
828 738 873 776 ad
905 738 1032 776 minus
1061 737 1191 774 sexde-

76 798 155 835 cim
187 806 265 849 post
295 796 367 834 hoc
397 796 621 835 vaticinium
653 793 767 831 fuisse
796 792 960 830 detracta
978 817 989 829 .

134 863 182 889 αα
215 876 226 888 .
257 849 439 898 Accedit,
474 860 549 886 non
580 859 688 898 posse
716 844 799 882 haec
830 844 946 883 verba
976 845 1023 881 de
1051 857 1190 882 concu-

75 903 161 943 bitu
186 863 300 942 isaiae
329 916 418 941 cuin
449 899 684 952 Prophetissa
716 911 832 936 uxore
875 912 940 936 sua
971 897 1188 951 explicari,

77 958 173 1010 quin
204 955 353 1011 aliquid
381 955 600 993 indecorum
618 982 628 999 ‚
674 954 752 990 imo
782 952 930 990 foedum
959 954 1119 1002 cogitatu
1151 954 1190 990 in

72 1018 204 1049 mente
232 1009 384 1053 veniat3
426 1007 535 1059 quasi
564 1006 708 1044 scilicet
739 1005 852 1044 lsaias
881 1018 1009 1042 coram
1039 1005 1189 1043 dnobus

74 1062 258 1103 fidelibus
285 1059 442 1099 testibus
469 1072 625 1112 operam
670 1059 856 1110 gignendo
892 1058 976 1096 filio
1017 1058 1186 1107 dederit,

75 1114 111 1152 ἃ
138 1115 291 1154 nomine
319 1112 411 1151 libri
441 1112 619 1164 grandis,
669 1127 711 1150 ac
743 1112 831 1163 styli
870 1121 995 1163 partes
1025 1125 1091 1148 nee
1122 1126 1188 1149 no-

71 1167 266 1208 initianda:
297 1166 476 1205 indicatae
508 1166 674 1212 fuerint,
704 1164 1033 1218 quemadmodum
1065 1164 1186 1218 aliqui

69 1219 243 1262 carnales
271 1219 397 1259 Judaei
426 1218 620 1272 explicare
650 1218 893 1271 impudenter
923 1231 994 1256 uon
1016 1229 1102 1257 sunt
1124 1233 1187 1258 ve-

72 1275 138 1314 riti
161 1302 172 1314 .

128 1329 221 1368 230.
249 1329 384 1379 Itaque
411 1326 529 1364 sancti
550 1325 674 1364 Patres
704 1324 909 1364 consultius
937 1324 1185 1377 judicarunt,

71 1380 158 1420 haec
187 1382 301 1419 etiam
347 1379 463 1418 verba
506 1380 551 1418 ad
583 1379 765 1418 Messiam
811 1379 980 1426 referre,
1031 1382 1187 1419 nomine

71 1432 320 1487 Prophetissae
338 1432 589 1485 intelligentes
600 1433 773 1471 Mariam
790 1435 1068 1471 sanctissimam
1082 1464 1092 1481 ,
1121 1448 1188 1471 cu-

73 1486 139 1539 jus
166 1487 271 1526 filius
301 1487 562 1524 fortitudinem
593 1486 802 1534 Damasci,
842 1486 875 1522 8(
906 1486 1025 1538 spolia
1055 1488 1189 1526 Sama-

71 1540 144 1578 τίω
173 1538 422 1592 spiritualiter
449 1541 599 1576 auferre
627 1540 818 1584 debebam
848 1542 1057 1591 expolians
1087 1541 1188 1578 scili-

72 1601 131 1630 cet
150 1595 400 1644 ,principatus
428 1592 478 1633 (θ’
505 1601 719 1642 potestates
750 1593 892 1632 Coloss.
925 1594 971 1631 ll.
1009 1593 1068 1631 15.
1101 1593 1188 1631 Ma-

70 1646 170 1685 riam
200 1645 479 1698 Prophetissatn
511 1645 652 1693 fuisse,
682 1659 796 1684 nemo
824 1646 1001 1693 dubitat,
1031 1647 1097 1697 qui
1129 1647 1185 1683 di-

70 1699 207 1738 vinum
239 1699 346 1738 illius
373 1699 575 1738 Canticum
606 1700 840 1737 considerat:
872 1699 1120 1752 lllttgnzficat
1140 1712 1186 1737 a·

71 1755 188 1790 nima
218 1765 311 1792 mea
340 1752 562 1792 Dominum
586 1753 756 1799 Lucae‘l.
787 1753 846 1791 Ad
878 1753 984 1790 illam
1016 1766 1104 1804 ergo
1124 1768 1186 1790 ac-

71 1807 180 1844 cessit
211 1805 395 1859 Propheta
413 1837 423 1855 ,
453 1820 526 1844 nou
551 1812 738 1857 ‘eor-pore,
783 1807 845 1844 sed
876 1808 1039 1858 spiritu.
1082 1806 1185 1845 Non-

71 1859 179 1898 nulla
209 1860 352 1907 etiam,
381 1873 470 1912 quae
500 1859 546 1896 de
576 1859 677 1897 Filio
705 1858 822 1910 hujus
851 1858 1098 1911 Prophetissae
1130 1861 1186 1899 ibi

71 1914 350 1960 coniiciuntur,
383 1914 468 1961 viX,
498 1927 541 1951 ac
572 1927 618 1950 ne
650 1915 709 1950 vix
742 1914 897 1965 quidem
920 1923 1069 1965 possunt
1099 1913 1182 1951 filio

70 1965 182 2005 lsaiae
211 1967 440 2011 convenire-5
473 1975 510 2003 ut
541 1965 660 2004 illud:
690 1964 780 2002 Erit
809 1970 993 2003 extensio
1023 1967 1185 2004 alarum

72 2020 160 2071 ejus
188 2019 357 2071 implens
387 2018 638 2058 latitudinem
666 2028 786 2057 terrae
813 2027 921 2068 tuae,
957 2033 980 2058 ο
1009 2018 1186 2058 Emma-

73 2073 166 2110 nuel
195 2074 289 2125 (a).
705 2083 711 2086 ·

125 2125 216 2166 23¹.
245 2125 338 2178 Obj.
366 2127 501 2165 tertio.
543 2125 711 2166 Christus
741 2127 780 2165 in
811 2128 926 2165 sacris
956 2125 1090 2166 litteris
1118 2128 1183 2166 de-

68 2179 250 2218 scribitur
279 2193 324 2218 eo
351 2180 461 2218 modo
489 2182 663 2232 genitus,
692 2193 770 2234 quo
799 2180 866 2217 alii
886 2181 1082 2228 homines,
1113 2184 1186 2218 sci-

65 2230 156 2270 licet
183 2246 228 2271 ex
258 2234 530 2272 commixtione
575 2236 690 2272 maris
718 2247 808 2272 cum
840 2235 1003 2271 foemina
1024 2259 1036 2271 .
1083 2233 1184 2270 Nam

65 2288 195 2338 primo
222 2299 296 2325 non
325 2286 447 2324 solum
478 2287 618 2324 dicitur
647 2286 791 2323 habere
820 2295 981 2322 matrem
1000 2315 1009 2331 ‚
1041 2286 1103 2322 sed
1132 2295 1184 2322 et—

66 2339 146 2376 iam
177 2346 322 2389 patrem
341 2339 500 2382 „Lucae
533 2340 579 2376 ll.
611 2339 675 2376 55.
709 2337 814 2375 Erat
844 2346 959 2388 pater
988 2338 1074 2382 eius
1093 2367 1103 2384 ,
1134 2339 1184 2378 <9-

68 2397 203 2427 mater
232 2387 445 2427 mirantes‘
457 2403 572 2440 super
600 2389 658 2427 his
682 2420 692 2437 ‚
740 2404 829 2440 ‹711oe
860 2386 1093 2427 dicebantur
1135 2390 1184 2429 de

68 2442 163 2486 illo‚·
191 2441 226 2478 ἃ
258 2444 355 2481 infra
384 2456 482 2480 vers.
513 2443 578 2487 48.
608 2443 700 2480 dicit
731 2446 764 2480 ei
798 2442 940 2480 Mater:
974 2442 1082 2481 Ecce
1111 2457 1182 2495 pa-

67 2504 130 2534 ter
157 2504 270 2542 tuus,
313 2496 363 2536 (9·
391 2508 465 2548 ego
494 2495 670 2533 dolentes
700 2495 978 2546 quaerebamus
1008 2506 1072 2535 te.
1115 2498 1181 2535 Se-

67 2549 192 2588 cundo
221 2547 361 2591 Matth.
392 2548 421 2585 l.
453 2549 664 2600 probatur,
695 2549 889 2587 Christum
921 2551 1035 2587 tuisse
1057 2550 1182 2589 filium

67 2601 220 2648 David,
249 2603 342 2655 quia
369 2601 507 2654 =loseph
540 2604 597 2639 vir
627 2601 767 2640 Μαι-ἰῶ
799 2616 841 2640 ex
877 2602 1000 2640 David
1029 2604 1183 2642 descen-

66 2655 148 2700 dit;
179 2668 267 2710 quae
299 2654 472 2707 probatio
499 2655 608 2693 nulla
638 2656 732 2692 soret
752 2686 762 2704 ,
793 2658 822 2694 si
844 2655 1014 2693 Christus
1035 2667 1181 2695 tantum

67 2707 210 2748 Μαι-ἦε
244 2708 347 2747 filius
379 2709 530 2755 fuisset,
573 2721 647 2747 non
689 2718 814 2747 autern
844 2710 980 2761 Joseph
1001 2737 1010 2747 .
1054 2711 1184 2748 Tertio

67 2760 110 2800 S.
141 2759 280 2799 Paulus
308 2762 355 2800 ad
385 2761 478 2801 Gal.
511 2761 577 2799 lV.
610 2763 649 2807 4.
678 2761 873 2801 Christum
904 2764 993 2800 dicit
1013 2763 1183 2815 fuctum

68 2826 124 2853 ex
153 2815 349 2860 muliere‚·
379 2814 520 2853 mulier
549 2825 675 2853 autem
707 2826 882 2854 consueto
901 2816 1079 2869 loquendi
1116 2831 1184 2855 usn

69 2877 145 2905 non
172 2866 582 2922 significat‘virginem
602 2899 612 2919 ,
644 2869 706 2907 sed
738 2870 940 2908 foemiuam
969 2884 990 2908 a
1013 2873 1094 2908 viro
1122 2883 1184 2908 co-

72 2921 213 2970 gnitam
231 2948 241 2960 .

130 2972 220 3011 232.
250 2973 455 3028 Respondet
484 2975 524 3015 S.
556 2976 724 3015 Thomas
752 2978 799 3015 ad
831 2979 999 3030 primum
1018 3009 1028 3026 ‚
1058 2977 1100 3017 S.
1120 2978 1184 3017 Jo-

74 3022 237 3080 nephum
265 3027 382 3067 fuisse
410 3028 645 3084 appellatum
678 3030 841 3070 Patrem
861 3031 949 3071 Jesu
964 3031 1105 3070 Christi
1128 3047 1182 3071 se·

116 3159 163 3194 (ai
193 3155 243 3188 De
267 3154 322 3189 his
349 3159 500 3191 maxime.
526 3161 708 3205 legendnm
735 3164 881 3197 consulo
906 3164 1070 3196 Natalem
1098 3163 1177 3196 Ate-

69 3200 271 3246 ganalruim,
306 3211 382 3236 turn
410 3205 442 3236 in
470 3205 563 3240 Hist.
590 3207 665 3241 Vct.
693 3209 788 3245 Tost.
818 3211 850 3243 in
878 3211 921 3243 V.
949 3209 1067 3243 numdi
1094 3218 1179 3241 erta-

70 3255 106 3281 ίο
135 3250 224 3281 tn'ss.
255 3249 299 3282 X.
327 3259 392 3282 art.
420 3261 477 3293 7.,
503 3262 576 3286 tnrn
603 3255 707 3287 etiam
735 3257 766 3287 in
792 3255 890 3290 Hist.
910 3256 1010 3290 Eccl-
1039 3260 1122 3288 Saec·
1151 3256 1175 3288 l·

68 3294 164 3329 Diss.
196 3296 386 3335 xxvum
425 3308 465 3329 ex
492 3309 562 3341 qno
587 3300 677 3332 sonte
702 3302 831 3336 multos
857 3303 943 3338 alios
972 3302 1070 3336 video
1096 3313 1175 3334 §¹¹0⁵

72 3340 204 3377 rivulos
229 3339 412 3377 deduxisse
427 3365 436 3375 .
462 3343 506 3377 t).
526 3345 680 3391 Ignatius
700 3346 916 3383 Laudi-ianus
935 3348 1079 3384 mediol.
1098 3349 1178 3383 Μο-

1262 202 1432 238 cundnm
1464 213 1706 237 eonnnunenn
1752 196 1947 235 hominum
1977 196 2199 249 opinionem
2221 226 2232 243 ,
2279 209 2374 249 qnos

1263 255 1368 292 Deus
1397 255 1442 289 de
1473 254 1542 291 hoc
1574 254 1732 304 virginei
1765 262 1892 304 partus
1915 252 2095 302 mysterio
2119 249 2372 287 instruere-ab

1263 308 1374 344 initio
1403 310 1511 344 certis
1541 309 1586 344 ‹le
1616 307 1738 342 causi-u
1767 315 2021 355 opportunum
2059 316 2131 341 non
2162 302 2371 353 jttdicavit:

1263 360 1364 397 untle
1393 360 1493 397 idem
1524 361 1564 396 S.
1598 358 1836 407 Evangelista
1868 373 1951 409 cap.
1984 358 2050 395 ΙΙΙ.
2083 357 2145 394 23.
2192 356 2280 405 lpse
2307 355 2372 394 Je-

1262 426 1356 460 sus,
1389 415 1512 465 inquit
1530 443 1539 461 ‚
1568 423 1657 449 erat
1686 415 1902 461 incipiens,
1933 420 1971 448 ut
2000 411 2234 461 putabatur,
2253 410 2370 466 filius

1260 464 1401 516 Ioseph
1423 492 1432 503 .

1319 520 1410 558 235.
1442 520 1497 557 Ad
1529 520 1759 557 secuudum.
1789 518 1828 556 S.
1849 519 2106 571 Hieronymus
2127 519 2165 556 in
2193 517 2294 555 hunc
2315 518 2371 555 lo-

1261 585 1349 610 cum
1381 571 1556 611 Matthaei
1588 573 1680 610 duas
1709 573 1844 620 allegat
1876 574 2059 620 rationes,
2098 581 2248 624 propter
2276 585 2371 623 quas

1261 626 1481 677 genealogia
1497 626 1583 663 Jnsu
1600 626 1739 664 Christi
1772 628 1842 662 fuit
1871 627 2027 663 deducta
2059 640 2124 677 per
2139 623 2368 676 Jemplnn11,

1262 678 1295 715 ἃ
1327 692 1399 717 non
1430 694 1496 730 per
1529 680 1723 725 Marinum
1766 681 1921 731 prime,
1959 692 2048 727 qunz
2081 692 2159 715 non
2189 690 2244 716 est
2277 690 2369 714 con·

1261 732 1476 770 suetudinis
1505 732 1828 781 Scripturarum,
1872 742 1909 768 ut
1942 733 2148 769 mulierum
2182 736 2221 768 in
2249 745 2369 783 gene-

1261 785 1478 823 rationibus
1508 785 1603 824 ordo
1632 796 1820 824 texatur.
1867 784 2025 823 Deinde
2067 799 2118 821 ex
2149 798 2229 822 wm
2271 785 2370 822 tribu

1246 838 1334 891 J'nit
1363 838 1501 890 Josep'z
1520 871 1529 887 ,
1572 842 1621 880 <9-
1654 839 1826 883 alaram
1869 837 1973 876 unde
2001 839 2049 878 ζ’)
2080 852 2131 876 esc
2161 842 2246 891 lege
2275 851 2369 875 eam

1259 897 1440 942 accipere
1469 892 1704 942 cogebatur,
1735 902 1774 930 ut
1803 897 2065 943 propinquam
2079 906 2091 928 :
2123 894 2219 929 unde
2249 894 2275 928 «i
2307 890 2369 929 Jo-

1258 946 1350 998 seph
1381 963 1402 984 a
1424 942 1549 985 David
1570 947 1821 985 descendebat
1838 945 2045 994 „Mariam
2067 959 2218 998 quoque
2240 957 2283 981 ex
2307 957 2367 982 ea-

1257 1001 1344 1038 dem
1373 1001 1474 1038 tribu
1506 1002 1692 1048 existens,
1722 999 1969 1039 descendebat
1998 1013 2043 1036 ex
2075 999 2198 1037 David
2217 1028 2228 1047 ,
2258 997 2368 1036 adeo-

1256 1068 1332 1106 que
1361 1054 1394 1090 &
1423 1053 1554 1100 Jews,
1585 1054 1688 1092 filius
1718 1054 1886 1092 Mariae.

1315 1107 1405 1152 254.
1438 1107 1612 1145 Tertium
1646 1108 1726 1145 leve
1747 1118 1819 1145 est:
1851 1105 2021 1144 mulieris
2037 1106 2166 1151 enim,
2197 1106 2275 1144 sive
2296 1105 2368 1144 ἰω-

1256 1162 1373 1199 tninae
1414 1174 1581 1209 nornen,
1627 1170 1701 1198 tam
1734 1160 1975 1212 virginibus,
2023 1174 2138 1211 quarn
2182 1161 2369 1210 corruptis

1255 1227 1459 1252 commune
1490 1224 1570 1253 est.
1606 1212 1687 1250 Usu
1717 1213 1885 1251 hebraeae
1915 1214 2141 1259 locutionis,
2172 1214 2297 1264 inquit
2327 1212 2368 1250 S.

1258 1269 1492 1320 Augustinus
1521 1268 1646 1305 Serui.
1667 1266 1854 1306 LXX111.-
1876 1265 1924 1303 de
1954 1264 2075 1302 verbis
2095 1264 2261 1302 Domini
2281 1279 2369 1317 cap.

1258 1322 1297 1366 4.
1316 1352 1327 1369 ,
1376 1321 1560 1359 mutieres
1590 1320 1708 1369 dicit,
1756 1333 1835 1358 non
1866 1322 2093 1372 virginitate
2135 1327 2370 1367 corruptas,

1258 1374 1327 1412 sed
1354 1374 1549 1423 faeminaets
1567 1402 1576 1413 .
1606 1375 1718 1422 Quod
1747 1374 1789 1412 S.
1810 1373 1980 1411 Thomas
2003 1372 2105 1410 Lect.
2127 1371 2175 1409 ll.
2205 1373 2245 1409 in
2269 1371 2372 1408 hunc

1258 1421 1386 1467 locn'm
1417 1430 1550 1480 probat
1582 1442 1625 1466 ex
1655 1443 1741 1480 cap.
1773 1427 1839 1465 Ill.
1880 1427 2097 1473 Geneseos,
2147 1425 2213 1463 ubi
2248 1425 2370 1463 Adam

1259 1491 1365 1520 vocat
1394 1482 1517 1520 Evam
1549 1495 1705 1519 uxorein
1737 1495 1843 1519 suam
1875 1479 2112 1516 mulierem:
2151 1476 2370 1516 Mulierem

1261 1549 1384 1584 quam
1415 1535 1552 1574 dedisti
1582 1533 1705 1584 mihi,
1748 1547 1836 1587 quae
1868 1541 1993 1571 tamen
2023 1541 2110 1570 tunc
2139 1530 2263 1570 adhuc
2293 1533 2371 1570 vir-

1255 1603 1301 1639 go
1331 1598 1407 1626 erat
1427 1617 1437 1627 .

1311 1642 1402 1679 255.
1432 1637 1525 1693 Obj.
1559 1643 1715 1680 ultimo.
1763 1642 1805 1680 Si
1833 1640 2004 1679 Christm
2033 1652 2078 1677 ex
2120 1640 2264 1676 semine
2294 1638 2369 1676 viri

1253 1695 1403 1746 genitus
1432 1708 1504 1732 non
1536 1696 1607 1732 fuit
1624 1726 1634 1743 ‚
1665 1709 1795 1733 veram
1825 1707 1900 1733 nou
1922 1693 2055 1731 habuit
2074 1692 2280 1729 humanam
2302 1705 2369 1729 ua-

1255 1757 1408 1796 turam,
1448 1758 1582 1786 nostrae
1614 1748 1810 1792 simileu13
1852 1759 1990 1797 corpus
2019 1747 2122 1782 enim
2153 1744 2369 1782 humanum

1256 1801 1366 1839 debet
1396 1815 1440 1839 ex
1472 1810 1631 1854 utroque
1661 1814 1750 1839 sexu
1781 1799 2002 1837 efformari.

1311 1854 1401 1893 256.
1434 1853 1641 1907 Respondet
1669 1855 1710 1892 S.
1741 1853 1938 1901 Thomas,
1985 1850 2087 1904 quod
2116 1851 2212 1889 sicut
2244 1849 2368 1888 Adam

1256 1908 1327 1946 fuit
1358 1922 1468 1946 verus
1499 1908 1636 1955 homo,
1685 1921 1922 1960 quamquam
1966 1906 2149 1944 formatus
2191 1917 2236 1942 ex
2274 1903 2370 1941 limo

1256 1971 1364 1999 terrae
1383 1992 1393 2010 ‚
1426 1964 1474 2000 ita
1503 1961 1674 1999 Christus
1694 1961 1798 1999 Jesus
1828 1974 1962 1998 verum
1994 1958 2124 1997 habuit
2141 1970 2276 2008 corpus
2298 1956 2368 1993 hu-

1255 2029 1443 2064 manum,
1487 2017 1625 2053 virtute
1654 2017 1784 2054 divina
1814 2016 1852 2052 iu
1884 2022 1988 2052 utero
2018 2011 2188 2062 Virginis
2225 2010 2370 2049 forma-

1254 2078 1334 2108 tum
1365 2069 1509 2121 absque
1538 2069 1642 2106 virili
1672 2070 1846 2106 semiue.

1311 2123 1404 2173 257.
1433 2121 1615 2160 Scholion
1632 2147 1642 2158 .
1674 2120 1802 2170 Hujus
1822 2118 2012 2158 mirabilis
2031 2118 2291 2170 conceptionis
2305 2117 2368 2156 Je-

1255 2189 1297 2213 su
1327 2175 1466 2212 Christi
1512 2175 1549 2212 in
1579 2182 1685 2211 utero
1715 2173 1885 2226 Virginis
1926 2175 2162 2211 intemeratae
2203 2181 2367 2224 quatuor

1255 2229 1416 2266 rationes
1459 2228 1672 2279 aptissimas
1715 2225 1824 2265 affert
1864 2226 1906 2266 S.
1937 2225 2134 2264 Thomas.
2183 2255 2208 2273 „
2241 2224 2371 2264 Primo

1254 2310 1281 2329 ,‚
1312 2289 1464 2333 propter
1507 2281 1684 2318 mittentis
1714 2279 1832 2318 Patris
1874 2281 2095 2331 dignitatem
2138 2292 2370 2318 conservan-

1253 2362 1279 2382 „
1308 2334 1397 2371 dam
1416 2361 1425 2370 .
1455 2334 1555 2372 Cum
1585 2336 1687 2372 enim
1703 2334 1874 2373 Christus
1902 2336 1949 2372 sit
1981 2347 2119 2383 verus,
2149 2333 2182 2369 8(
2214 2343 2365 2371 natura-

1253 2416 1280 2436 „
1310 2387 1355 2424 lis
1378 2387 1448 2424 Dei
1480 2387 1607 2435 filius,
1639 2401 1710 2425 non
1743 2390 1814 2425 fuit
1842 2389 2090 2434 conveniens,
2121 2386 2221 2438 quod
2243 2387 2365 2425 alium

1251 2469 1278 2489 ,‚
1309 2439 1455 2478 Patrem
1489 2440 1664 2490 haberet,
1694 2456 1811 2494 quam
1843 2441 1968 2479 Deum
1988 2472 1998 2490 ,
2030 2455 2074 2478 ne
2103 2442 2263 2491 dignitas
2293 2440 2366 2479 Dei

1253 2523 1280 2542 ,‚
1309 2492 1428 2533 Patris
1459 2495 1722 2533 transferretur
1750 2496 1798 2533 ad
1825 2494 1949 2534 alium
1966 2521 1977 2534 .
2007 2495 2181 2534 Secundo
2204 2493 2272 2532 hoc
2295 2495 2366 2532 tuit

1254 2576 1281 2594 „
1310 2549 1539 2586 conveniens
1569 2550 1789 2635 voprietati
1822 2547 1938 2595 Filii,
1981 2550 2047 2600 qui
2079 2548 2265 2593 mittitur,
2296 2547 2365 2597 qui

1253 2629 1278 2648 ,‚
1308 2602 1464 2652 quidem
1495 2610 1545 2638 est
1615 2601 1750 2639 erbum
1780 2601 1882 2638 Dei.
1917 2600 2091 2638 Verbum
2120 2609 2247 2637 antem
2277 2599 2363 2636 abs-

1254 2682 1280 2700 „
1309 2667 1384 2705 que
1425 2653 1664 2703 corruptione
1693 2654 1815 2690 cordis
1857 2654 2099 2704 concipitur5
2145 2653 2365 2704 quinimmo

1254 2735 1280 2754 „
1310 2707 1432 2744 cordis
1461 2707 1653 2757 corruptio
1675 2707 1831 2757 perfecti
1854 2706 1961 2744 verbi
1982 2707 2266 2757 conceptionem
2289 2718 2364 2743 nou

1254 2786 1280 2807 „
1311 2762 1477 2811 patitur.
1526 2759 1628 2806 Quia
1659 2773 1747 2812 ergo
1775 2772 1863 2797 caro
1892 2761 1944 2796 sic
1977 2760 2057 2797 tuit·
2078 2773 2100 2796 a
2131 2758 2258 2797 Verbo
2286 2758 2361 2797 Dei

1255 2842 1280 2861 „
1310 2823 1502 2865 assumpta
1520 2843 1529 2859 ‚
1562 2822 1601 2850 ut
1631 2823 1721 2851 esset
1750 2826 1838 2851 caro
1860 2812 1976 2850 Verbi
2010 2812 2106 2860 Dei,
2136 2813 2363 2851 conveniens

1255 2895 1280 2914 ,‚
1310 2867 1408 2914 fuit,
1457 2867 1556 2918 quod
1588 2867 1698 2904 etiam
1730 2867 1808 2918 ipsa
1846 2868 1925 2904 sine
1954 2868 2194 2918 corruptione
2231 2868 2363 2905 matris

1252 2949 1279 2968 „
1309 2922 1595 2972 conciperetur.
1626 2919 1755 2959 Tertio
1783 2920 1855 2958 hoc
1884 2921 1955 2958 tuit
1985 2922 2210 2959 conveniens
2238 2921 2364 2972 ‹ligni-

1254 3002 1280 3021 „
1311 2976 1373 3012 tati
1407 2974 1650 3012 humanitatis
1677 2973 1846 3022 Christi,
1889 2975 1927 3012 in
1956 2988 2034 3026 qua
2062 2973 2191 3012 locum
2229 2987 2363 3025 pecca·

1253 3056 1281 3076 „
1310 3036 1390 3066 tum
1421 3027 1562 3066 habere
1590 3041 1664 3066 nou
1692 3026 1852 3076 debuit,
1899 3041 1969 3080 per
2003 3041 2120 3081 quam
2162 3037 2368 3080 peccatumv

2139 3111 2166 3131 „
2196 3096 2310 3121 muu-

1247 3158 1378 3194 nachns
1405 3161 1610 3193 Olivetnnns
1635 3158 1796 3192 hebraice
1823 3157 2045 3194 doctissimus
2086 3161 2200 3194 multa
2225 3159 2266 3193 de
2293 3160 2358 3194 hoc

1247 3216 1454 3251 argumento
1478 3206 1618 3250 scripsit
1647 3206 1681 3238 in
1708 3208 1820 3250 Opere
1837 3229 1847 3247 ,
1874 3208 1928 3240 cni
1957 3207 2081 3241 titulus
2097 3206 2260 3252 Virginis
2276 3220 2355 3251 par-

1246 3262 1298 3286 tus
1314 3274 1324 3293 ‚
1350 3265 1486 3298 ejusque
1503 3252 1582 3295 filit
1611 3251 1807 3286 Emmanuel
1835 3252 2069 3294 Divinitatis,
2100 3258 2142 3288 (θ’
2167 3255 2356 3287 hnmanita-

1246 3304 1293 3333 tt's
1308 3321 1318 3338 ‚
1346 3302 1568 3341 scripturalis
1585 3297 1805 3332 Dissertatio
1821 3322 1832 3340 ,
1855 3309 1952 3343 atque
1970 3299 2167 3336 Demonstr.
2180 3302 2256 3336 adv·
2281 3297 2356 3332 llo*

1247 3347 1374 3386 braeoe,
1402 3352 1442 3381 Q·
1468 3344 1662 3382 Hareucos
1688 3346 1725 3380 in
1750 3346 1784 3390 4.
1810 3344 1955 3384 Metliol·
1984 3347 2089 3393 1559·
