2583 3685
821 147 900 192 DE
936 148 1046 193 LIB.
1080 148 1211 193 ΑΗΒ.
1245 148 1393 191 POST
1428 149 1592 194 PECC.

180 239 246 273 test
269 228 396 282 velle,
424 224 486 266 vel
514 237 589 266 non
615 225 715 267 velle
731 241 741 273 ;
789 226 823 264 &
852 238 1038 281 quantum
1068 227 1114 265 ad
1143 242 1182 266 o-

74 264 101 286 „
160 287 324 331 'ectum,
371 284 597 334 inquantum
628 289 745 333 potest
776 281 875 319 velle
906 282 1002 330 hoc,
1045 280 1105 318 vel
1137 281 1182 319 il-

72 317 100 393 ζ
126 303 218 385 ltid5
247 336 282 375 ἃ
309 344 498 389 quantum
527 335 573 373 ad
602 335 771 374 ordinem
801 336 917 384 finis,
955 337 1182 387 inquantum

67 418 99 445 2„
126 400 199 432 uon
227 398 348 444 potest
374 388 476 430 'velle
505 388 648 428 bonum
666 419 676 438 ,
707 388 765 429 vel
788 389 932 429 malum
955 392 980 409 “
998 413 1007 426 .
1037 386 1111 426 Sed
1141 403 1178 426 e—

67 449 158 487 tiam
200 445 240 484 in
269 444 430 483 Summa
467 441 699 494 Theologica
746 444 919 481 eamdem
964 441 1178 480 doctrinam

64 500 283 552 frequenter
311 498 475 550 repetit3
506 505 545 534 ut
572 510 603 534 ι.
627 510 663 535 2.
692 510 759 550 qu.
787 510 845 534 ιο.
874 505 943 534 art.
965 493 1002 539 4.
1035 493 1101 532 ubi
1122 495 1178 532 in-

58 553 172 608 quit:
204 581 229 601 „
257 550 362 599 Quia
382 549 554 589 voluntas
573 560 624 589 est
652 551 821 589 activum
844 549 1082 600 principium
1103 560 1176 586 non

63 634 91 657 „
117 606 413 645 determinatum
440 603 489 641 ad
505 618 624 642 unuin
641 633 651 652 ,
680 604 742 642 sed
765 601 1024 640 indifferenter
1053 613 1091 638 se
1112 599 1177 638 ha-

58 683 90 711 ·„
117 659 211 699 bens
238 659 287 698 ad
315 656 463 706 multa,
510 658 564 696 sic
594 658 697 696 Deus
727 658 848 708 ipsam
879 662 1032 702 movet,
1075 654 1177 707 quod

59 742 88 764 ,‚
118 726 190 753 non
218 725 264 751 ex
291 713 511 752 necessitate
529 711 578 750 ad
607 720 724 749 unum
744 708 996 755 determinet,
1026 705 1089 745 sed
1120 721 1178 745 re-

55 788 88 817 ·‚,
118 776 243 806 manet
272 775 393 805 motus
420 763 503 815 ejus
530 764 773 813 contingens,
821 760 855 797 8<
882 773 961 800 non
1008 775 1177 800 necessa·

55 843 88 870 5,
117 821 223 870 rius,
252 820 323 859 nisi
345 821 382 859 in
410 818 494 866 his,
522 815 570 854 ad
587 829 676 868 quae
697 813 918 853 naturaliter
935 824 1108 852 movetur
1124 817 1175 852 “.

57 874 146 923 Eu,
173 871 365 927 quomodo
392 866 597 923 Angelicus
625 868 696 907 sub
727 868 807 920 ipsa
836 865 983 906 efficaci
1001 868 1074 907 Dei
1095 881 1176 906 mo-

60 928 163 966 tione
190 929 378 966 intactum
407 936 601 963 remanere
629 921 757 960 doceat
773 920 940 960 liberum
971 920 1174 961 voluntatis

56 980 288 1028 arbitrium,
334 977 384 1016 ab
410 976 519 1015 omni
548 975 763 1014 necessitate
792 976 987 1023 immune,
1032 977 1104 1014 nisi
1135 977 1172 1014 in

56 1035 132 1082 iis,
169 1035 209 1072 in
235 1026 376 1085 quibus
403 1029 579 1069 voluntas
607 1037 659 1067 est
688 1028 912 1068 naturaliter
941 1029 1171 1067 determina-

53 1093 92 1126 'tn
109 1117 120 1136 ,
150 1095 189 1126 ut
208 1086 248 1124 iu
275 1084 507 1138 appetitione
523 1082 648 1121 ultimi
670 1081 758 1120 finis
775 1108 785 1120 .
815 1081 856 1120 Si
886 1083 974 1134 quis
997 1083 1170 1122 v‘eterum

54 1139 267 1179 testimonia
310 1137 380 1176 hac
409 1138 456 1176 de
498 1150 538 1174 re
573 1135 785 1183 desiderat,
833 1135 941 1173 adeat
970 1135 1170 1175 Petavium

54 1192 144 1233 Lib.
165 1192 231 1231 111.
259 1191 309 1230 de
336 1190 493 1244 opificio
506 1203 581 1229 sex
595 1187 748 1226 dierum
766 1218 777 1237 ,
807 1188 875 1226 ubi
906 1188 1035 1228 multis
1064 1191 1170 1242 capi-

50 1246 158 1286 tibus
185 1245 232 1284 de
260 1245 333 1284 hac
360 1244 523 1284 materia.
568 1243 765 1295 praecipue
791 1250 922 1281 ⁴contra
949 1242 1169 1283 Janseuium

53 1300 224 1353 'disputat
240 1324 252 1337 .
551 1342 554 1344 ,
950 1343 952 1345 ‚

112 1352 204 1398 244.
233 1349 309 1390 Ob.
338 1351 474 1390 tertio.
502 1349 704 1398 Libertas,
733 1363 822 1402 quae
844 1359 922 1402 post
951 1350 1099 1403 lapsum
1123 1353 1172 1390 A·

53 1405 161 1444 darni
192 1405 230 1443 iu
249 1404 360 1443 nobis
373 1413 568 1456 superest,
598 1402 682 1441 talis
698 1417 774 1440 esse
789 1404 926 1451 debet,
958 1403 1174 1443 utsufficiat

53 1459 102 1497 ad
117 1459 317 1504 meritum,
338 1456 660 1501 veldemeritum5
680 1456 742 1493 sed
754 1456 800 1493 ad
814 1457 991 1494 meritum
1005 1487 1015 1504 ,
1037 1458 1096 1496 vel
1109 1459 1173 1496 de-

54 1512 236 1550 meritum
252 1522 325 1547 non
343 1510 549 1561 requiritur
564 1508 721 1546 libertas
735 1508 886 1546 arbitrii
904 1538 915 1557 ,
943 1523 1010 1547 scu
1032 1512 1175 1548 immu-

53 1567 149 1603 nitas
176 1576 199 1600 a
226 1563 470 1610 necessitate,
499 1561 564 1599 sed
583 1559 723 1599 sufficit
751 1560 908 1598 libertas
938 1562 1142 1600 voluntatis
1164 1593 1175 1609 ,

46 1628 116 1656 seu
145 1616 366 1654 immunitas
393 1629 416 1654 a.
443 1616 662 1654 coactione:
692 1624 780 1665 ergo
801 1612 872 1652 &m
901 1613 1016 1653 Prob.
1046 1617 1173 1653 minor

46 1683 96 1709 aex
125 1667 166 1709 S.
195 1667 372 1718 Thoma,
408 1669 477 1722 qui
506 1669 544 1719 in
573 1667 663 1707 Lib.
693 1667 761 1706 111.
792 1666 972 1706 Sentenc.
1001 1668 1088 1706 dist.
1115 1682 1176 1708 12.

49 1737 121 1776 qu.
143 1735 181 1761 2.
210 1730 279 1760 art.
306 1734 339 1761 r.
369 1722 417 1761 ad
447 1733 484 1760 2.
513 1722 659 1774 inquit:
709 1751 735 1769 „
765 1720 955 1769 Quamvis
983 1732 1177 1760 removea-

59 1806 86 1825 ‚,
116 1785 177 1814 tur
204 1790 227 1814 a
245 1774 397 1814 Christo
424 1776 588 1828 potentia
608 1774 793 1827 peccandi
811 1804 821 1823 ,
851 1787 923 1813 non
952 1784 1079 1813 tamen
1109 1788 1175 1828 po-

58 1858 87 1879 „
116 1829 222 1869 nitur
250 1830 422 1876 coactio,
450 1841 539 1881 quae
569 1828 786 1867 voluntario
813 1830 1089 1878 contrariatur,
1125 1829 1176 1870 ζῇ·

58 1911 86 1931 ‚,
118 1880 248 1920 laudis
275 1885 430 1920 ratione
457 1882 554 1920 tollit
574 1884 601 1903 ‘⁶
619 1907 630 1920 .
659 1879 708 1920 Et
737 1881 782 1918 ad
814 1881 851 1920 5.
895 1912 921 1931 „
951 1883 1176 1935 impotentia

54 1964 84 1985 „
112 1935 341 1983 coactionis,
370 1947 460 1988 quae
488 1948 511 1972 o
540 1935 694 1988 ponitur
723 1933 932 1974 voluntario
949 1966 959 1984 ,
988 1935 1086 1975 tollit
1114 1950 1176 1976 ra-

51 2017 81 2038 „
110 1989 251 2027 tionem
293 1990 448 2037 meriti,
495 1950 537 2039 ὃς
556 1988 759 2036 demeriti,
806 2002 881 2026 non
917 1990 1172 2042 impotentia,

51 2069 79 2091 „
108 2055 197 2094 quae
227 2050 281 2080 est
309 2054 355 2080 ex
384 2041 616 2094 perfectione
644 2042 685 2080 in
714 2040 910 2091 bonitate,
958 2043 1018 2081 vel
1055 2044 1171 2083 mali-

52 2123 83 2145 „
111 2097 164 2134 tia
181 2125 193 2144 ,
220 2094 314 2148 quia
332 2093 418 2134 haec
445 2094 706 2135 voluntarium
723 2107 799 2133 non
828 2095 953 2145 tollit,
982 2097 1046 2136 sed
1065 2099 1170 2150 ponit

49 2174 80 2198 „
108 2147 343 2188 voluntatem
371 2148 640 2188 confirmatam
668 2148 716 2187 ad
744 2158 891 2188 motum
912 2152 937 2171 “
956 2175 967 2188 .

103 2201 196 2248 245.
227 2201 341 2256 Resp.
370 2201 411 2241 S.
441 2202 634 2241 'rhomam
663 2204 816 2241 nomine
857 2207 1075 2242 coactionis
1111 2204 1169 2244 ibi

47 2254 262 2306 intelligere
290 2269 366 2295 non
394 2255 518 2294 solum
545 2256 702 2308 proprie
742 2256 884 2295 dictam
915 2257 1134 2296 violentiam
1156 2289 1167 2308 ,

48 2308 114 2346 ned
141 2310 259 2346 etiam
286 2309 542 2348 necessitatem
581 2305 823 2347 naturalem:
871 2323 941 2362 per
976 2315 1167 2362 impoten-

46 2361 151 2398 tiam
178 2368 271 2399 vero
297 2368 419 2398 ortam
449 2374 494 2399 ex
524 2361 758 2412 perfectione
795 2363 837 2402 in
865 2362 1030 2402 bonitate
1046 2372 1065 2413 ,'
1105 2364 1167 2405 vel

51 2412 204 2451 malitia
232 2413 445 2464 intelligere
472 2414 732 2452 necessitatem
759 2427 836 2453 non
864 2415 1075 2456 absolutam
1092 2449 1103 2468 ‚
1132 2419 1167 2457 8t

49 2463 267 2504 naturalem
284 2495 296 2513 ‚
325 2465 387 2502 sed
404 2466 614 2518 improprie
627 2465 742 2504 talem
760 2495 771 2514 ,
801 2480 864 2504 seu
882 2469 1143 2520 impotentiam
1155 2502 1166 2520 ,

51 2531 141 2570 quae
172 2527 223 2557 est
239 2516 476 2566 voluntaria,
506 2516 683 2556 &libera
700 2545 711 2556 .
740 2518 782 2556 Id
798 2518 992 2572 colligitur
1020 2524 1166 2572 primo,

47 2573 143 2624 quia
171 2570 264 2610 alias
293 2571 334 2610 S.
364 2570 534 2609 Thomas
575 2571 651 2610 sibi
694 2572 895 2610 enormiter
932 2575 1166 2614 contradice-

43 2633 128 2670 tet3
157 2622 253 2663 alibi
282 2625 388 2662 enim
409 2625 643 2676 apertissime
657 2625 770 2663 tradit
786 2655 796 2673 ,
826 2625 872 2664 ad
889 2628 1067 2666 meritum
1087 2640 1165 2668 non

41 2676 218 2717 sufficere
247 2678 568 2716 iinmunitatema
595 2680 816 2726 coactione,
846 2680 908 2717 sed
928 2682 1085 2718 omnino
1105 2695 1163 2719 re-

75 2731 150 2769 uiri
178 2731 463 2769 immunitatem
491 2745 515 2769 a
543 2731 710 2770 naturali
741 2733 983 2772 necessitate.
1013 2734 1162 2783 Quaest.

85 2784 115 2822 1.
145 2783 193 2822 de
220 2785 330 2823 malo
358 2785 466 2823 artic.
496 2797 565 2823 un.
614 2814 641 2834 „
671 2785 868 2835 Quinam,
913 2787 1064 2839 inquit,
1094 2801 1161 2841 po-

45 2862 75 2886 „
100 2847 281 2888 suerunt,
327 2838 430 2892 quod
458 2837 629 2884 voluntas
657 2837 825 2879 hominis
868 2852 913 2878 ex
942 2843 1162 2882 necessitate

48 2916 78 2938 „
102 2898 299 2931 moveatur
340 2892 388 2931 ad
429 2891 580 2945 aliquid
621 2891 868 2945 'eligendum3
915 2906 990 2932 non
1035 2904 1163 2936 tamen

49 2969 79 2990 „
106 2940 322 2994 ponebant,
357 2946 459 2998 quod
487 2946 660 2986 voluntas
688 2956 907 3000 cogeretur:
954 2961 1030 2987 non
1059 2951 1163 2989 enim

45 3020 74 3044 „
101 3006 214 3052 omne
241 3000 493 3038 necessarium
514 3008 566 3038 est
595 2998 806 3039 violentum
823 3031 834 3050 ,
863 3001 926 3039 sed
955 3000 1080 3041 solum
1101 3004 1162 3052 id,

46 3074 76 3097 „
105 3059 216 3100 cujus
244 3051 482 3103 principium
511 3062 564 3093 est
592 3063 699 3093 extra
719 3080 792 3094 .....
839 3054 936 3094 Haec
964 3065 1092 3095 autem
1121 3069 1162 3096 o·-

103 3188 153 3224 (ᾱ)
178 3184 230 3219 lta
256 3194 380 3229 qum-st.
399 3193 457 3231 29.
483 3189 525 3223 de
562 3196 660 3226 verit.
687 3201 754 3226 art.
769 3192 803 3226 6.
830 3193 873 3226 ad
915 3204 943 3226 ι.
971 3193 1130 3238 inquiens
1151 3207 1159 3226 ε

49 3224 155 3264 Licet
193 3237 305 3265 anima
330 3233 467 3267 Christi
495 3245 587 3270 esset
611 3241 839 3273 determinata
874 3241 920 3274 ad
944 3253 1064 3281 ιιηιιιιι,
1106 3254 1162 3274 se-

44 3279 188 3311 eundum
213 3291 319 3323 genus
343 3284 469 3321 moris,
496 3284 635 3316 scilicet
659 3286 707 3317 ad
732 3284 868 3327 bonum,
896 3299 962 3320 non
988 3295 1100 3321 tamen
1125 3301 1163 3321 e·

44 3331 99 3357 nt
123 3326 351 3358 determinata
376 3328 424 3360 ad
449 3340 543 3360 unum
561 3331 786 3374 simpliciter.-
810 3342 947 3375 poterat
970 3338 1058 3368 enim
1073 3335 1160 3375 hoc,

48 3369 102 3404 nl
125 3373 214 3407 titud
227 3373 355 3418 facere
370 3393 381 3413 ,
407 3379 448 3408 <9²
473 3376 552 3410 ideo
577 3377 720 3413 libertas
737 3379 773 3412 in
796 3390 836 3413 eo
854 3381 1046 3415 remanebat
1057 3401 1072 3423 ,
1095 3393 1160 3426 qua

2235 176 2316 219 Ι99

1252 258 1278 277 ,,
1308 229 1416 280 pinio
1443 239 1493 266 est
1521 229 1740 267 haeretica:
1769 232 1864 269 tollit
1885 236 1990 271 enim
2020 238 2219 276 rationem
2250 248 2365 280 meri-

1253 311 1280 331 „
1309 285 1366 328 ti,
1395 281 1445 323 <9⁶
1476 281 1657 320 demeriti
1687 288 1728 320 in
1756 283 1943 325 humanis
1973 288 2190 329 actionibus
2205 296 2231 315 “
2249 320 2259 332 .
2318 296 2366 336 Et

1250 337 1392 374 iterum
1420 350 1459 387 q.
1484 335 1546 380 24.
1576 335 1623 372 de
1653 341 1760 374 verit.
1781 349 1851 376 art.
1875 353 1905 377 1.
1938 371 1962 390 ,,
1994 341 2149 396 Absque
2168 349 2271 386 omni
2293 349 2363 388 du-

1250 418 1276 438 „
1305 387 1516 437 bitatione,
1566 389 1716 440 inquit‚
1764 390 1960 432 hominem
2005 396 2162 436 arbitrio
2192 399 2362 443 liberum

1247 472 1274 491 ,‚
1306 455 1442 493 ponere
1470 450 1640 494 oportet.
1698 443 1757 480 Ad
1786 443 1855 483 hoc
1886 449 1985 485 enim
2016 450 2108 489 fides
2136 452 2361 507 adstringit,

1247 525 1274 544 „
1304 507 1396 532 cum
1425 500 1511 534 sine
1540 494 1656 533 libero
1677 495 1839 536 arbitrio
1870 513 1948 536 mm
1977 508 2094 552 possit
2122 518 2209 544 esse
2239 515 2359 547 meri-

1246 578 1272 598 „
1301 557 1387 585 tum
1405 579 1415 597 ‚
1445 549 1503 587 rel
1531 548 1766 588 demeritum
1784 581 1793 599 ‚
1831 553 1943 603 justa
1971 569 2115 605 paena,
2164 559 2221 597 vel
2256 574 2360 611 proe-

1246 605 1373 640 mium
1388 606 1461 649 “r
1501 601 1688 641 Praeterea
1719 605 1756 641 id
1788 606 1911 656 ipsum
1941 609 2134 661 colligitur
2173 626 2217 651 ex
2247 627 2361 667 scopo

1245 656 1287 694 S.
1318 655 1510 705 Doctoris,
1554 658 1621 709 qui
1652 665 1730 694 erat
1764 660 1979 698 Ostende-ndi
2010 663 2138 702 Jesuin
2166 666 2361 708 Christum

1247 707 1425 758 laudari,
1455 711 1489 747 ἃ
1512 711 1650 747 mereri
1682 713 1846 762 potuisse
1866 743 1875 761 ‚
1905 718 2081 766 quamvis
2102 733 2259 770 peccare
2288 736 2363 762 non

1245 771 1389 815 poterat
1406 789 1417 801 .
1450 765 1496 802 At
1525 777 1615 801 vero
1643 774 1814 803 constans
1833 767 2005 819 Angelici
2024 776 2267 825 praeceptoris
2295 776 2362 814 do-

1243 817 1367 855 ctrina
1394 825 1474 865 est,
1504 817 1551 855 ad
1572 819 1752 856 meritum
1770 849 1780 866 ,
1811 818 1844 854 8(
1864 820 2089 862 demeritum
2121 829 2265 879 requiri
2296 839 2361 868 vo-

1243 868 1400 908 luntatis
1421 870 1637 909 dominium
1667 880 1782 924 supra
1812 877 1983 926 proprios
2006 888 2106 916 actus
2124 909 2134 928 ‚
2163 882 2264 934 quod
2294 882 2359 921 do-

1243 924 1406 962 minium
1437 936 1514 962 non
1544 923 1732 973 habetur,
1764 927 1835 964 nisi
1865 942 1930 979 per
1960 929 2173 972 libertatern
2205 934 2358 974 arbitrii

1239 991 1263 1014 a
1291 976 1455 1015 naturali
1485 979 1700 1017 necessitate
1731 980 1942 1020 immunem
1961 1010 1971 1021 .
2020 985 2119 1024 Hinc
2159 988 2198 1024 in
2227 988 2360 1027 eodem

1240 1029 1329 1068 Lib.
1352 1031 1418 1068 111.
1449 1030 1546 1069 Dist.
1578 1030 1617 1068 8.
1647 1047 1686 1084 q.
1714 1046 1746 1071 i.
1778 1037 1886 1073 artic.
1913 1050 1949 1074 2.
1995 1052 2108 1090 agens
2135 1040 2182 1078 de
2225 1044 2362 1081 merito

1239 1083 1327 1122 Jesu
1356 1084 1493 1122 Christi
1540 1086 1635 1123 inter
1664 1086 1758 1124 alias
1801 1089 2030 1129 conditiones
2058 1093 2107 1131 ad
2142 1096 2326 1135 meritum
2348 1127 2360 1145 ‚

1242 1139 1386 1189 exigit,
1417 1147 1457 1176 ut
1485 1152 1598 1189 agens
1633 1168 1659 1187 „
1691 1143 1737 1176 sit
1767 1139 1949 1180 <lominus
1978 1157 2064 1182 suoe
2092 1151 2292 1186 actionis:
2322 1164 2362 1188 a·

1239 1219 1265 1241 „
1295 1190 1363 1230 lias
1394 1206 1461 1244 per
1490 1193 1676 1229 actionem
1706 1206 1816 1231 suain
1846 1208 1919 1233 non
1947 1197 2184 1248 significatur
2212 1202 2259 1239 ad
2288 1202 2360 1240 ali-

1240 1274 1266 1293 „
1295 1245 1391 1297 quid
1413 1244 1633 1284 habendum
1651 1275 1662 1293 ,
1694 1260 1760 1285 nec
1780 1246 1983 1295 laudatur;
2014 1249 2047 1285 81:
2069 1252 2151 1290 ideo
2171 1267 2241 1302 ea,
2270 1268 2361 1306 quae

1237 1320 1266 1346 -„
1296 1307 1462 1349 aguntur
1491 1311 1559 1348 per
1602 1304 1886 1338 necessitatem
1916 1311 2104 1353 naturae,
2152 1307 2209 1344 rel
2237 1311 2362 1345 etlam

1241 1378 1266 1397 ‚‚
1296 1364 1365 1402 per
1395 1352 1646 1400 violentiam,
1677 1366 1757 1390 non
1788 1364 1992 1392 merentur
2011 1360 2065 1395 “.
2095 1359 2247 1407 Quibus
2279 1375 2360 1399 ver·

1241 1403 1302 1441 bis
1329 1404 1375 1442 ad
1408 1407 1584 1443 meritum
1617 1407 1816 1457 perspicue
1847 1410 2004 1459 requirit
2033 1423 2106 1450 non
2135 1411 2258 1451 solum
2289 1416 2359 1453 im-

1245 1459 1469 1495 munitatem
1501 1472 1529 1496 a
1558 1463 1793 1508 coactione,
1822 1474 1888 1498 seu
1918 1461 2124 1513 violentia,
2154 1467 2217 1504 sed
2247 1469 2362 1509 etiam

1244 1522 1271 1546 a
1301 1521 1541 1550 necessitate
1570 1521 1755 1551 Παιανιεῖ.

1301 1563 1391 1607 246.
1423 1565 1513 1602 Inst.
1543 1563 1591 1602 Et
1621 1575 1745 1603 tamen
1774 1558 1815 1605 S.
1845 1567 1986 1606 Doctor
2016 1572 2054 1608 in
2093 1585 2136 1608 eo
2167 1574 2248 1626 ipso
2278 1573 2361 1614 loco

1241 1627 1332 1652 cum
1362 1616 1436 1654 sibi
1465 1618 1517 1655 ita
1545 1616 1769 1667 objecisset:
1800 1649 1826 1668 ,‚
1856 1619 2104 1662 Naturalibus
2133 1639 2209 1665 non
2239 1641 2361 1666 inere-

1245 1695 1272 1715 „
1301 1681 1389 1706 mur
1419 1679 1572 1721 propter
1601 1670 1697 1718 hoc,
1728 1673 1828 1722 quod
1857 1682 1942 1710 sunt
1962 1675 2211 1718 determinata
2239 1681 2286 1719 ad
2317 1696 2358 1720 u—

1246 1748 1273 1768 „
1303 1734 1422 1759 num:
1453 1723 1515 1760 sed
1545 1721 1712 1761 liberum
1728 1723 1932 1763 arbitrium
1961 1728 2002 1766 in
2024 1729 2173 1768 Christo
2194 1742 2279 1770 'erat
2298 1735 2361 1773 de-

1246 1802 1272 1823 „
1302 1776 1549 1815 terminatum
1576 1775 1624 1814 ad
1653 1775 1827 1824 bouum;
1869 1791 1957 1830 ergo
1986 1782 2067 1832 ipse
2096 1797 2164 1836 per
2193 1784 2360 1828 liberum

1244 1855 1270 1876 ‚,
1300 1828 1503 1868 arbitrium
1532 1831 1674 1869 mereri
1702 1844 1778 1868 non
1806 1834 1947 1883 potuit3
1994 1835 2046 1874 ita
2088 1833 2284 1892 respondet
2313 1843 2362 1880 ad

1243 1907 1270 1929 „
1301 1883 1340 1922 5.
1369 1882 1617 1932 Dicendum,
1665 1885 1766 1937 quod
1793 1887 1827 1924 'si
1856 1887 1972 1924 etiam
2002 1891 2017 1940 (
2048 1889 2216 1931 liberum
2257 1894 2362 1934 arbi-

1243 1962 1270 1983 „
1299 1938 1417 1975 trium
1446 1936 1634 1987 Christi)
1677 1947 1770 1977 essct
1810 1939 2106 1982 determinatum
2148 1946 2196 1984 ad
2238 1961 2361 1988 unum

1242 2017 1269 2037 „
1298 2003 1488 2040 numere,
1517 1993 1613 2030 sicut
1642 1991 1689 2030 ad
1716 1991 1955 2044 diligendum
1970 1993 2097 2035 Deum
2115 2027 2126 2046 ,
2155 2000 2256 2051 quod
2285 2014 2361 2042 non

1240 2069 1268 2091 ‚‚
1298 2045 1423 2084 facere
1452 2056 1524 2083 non
1555 2052 1699 2098 potest3
1730 2054 1856 2085 tamen
1886 2059 1931 2084 ex
1952 2047 2022 2087 hoc
2051 2063 2122 2089 non
2142 2054 2280 2092 amittit
2305 2054 2357 2094 li-

1239 2123 1266 2144 „
1294 2098 1508 2147 bertatem‚
1555 2107 1620 2136 aut
1661 2098 1846 2137 rationem
1876 2099 2025 2151 laudis,
2073 2106 2153 2143 sive
2195 2109 2357 2158 meriti,

1238 2178 1265 2198 „
1293 2153 1387 2204 quia
1415 2153 1454 2190 iu
1484 2151 1583 2190 illud
1611 2164 1693 2190 non
1720 2161 1885 2202 coacte,
1927 2154 1998 2193 sed
2024 2167 2162 2209 sponte
2198 2161 2323 2200 tendit
2342 2168 2359 2208 ,'·

1238 2232 1264 2251 ‚‚
1296 2207 1346 2246 (9·
1376 2209 1433 2242 ita
1461 2214 1521 2243 est
1549 2214 1665 2244 accus
1693 2209 1754 2244 sui
1783 2205 1967 2248 dominus
1982 2212 2033 2248 “2
2081 2220 2154 2251 tota
2174 2221 2270 2268 'ergo
2299 2230 2360 2255 ra-

1237 2285 1264 2308 ,,
1293 2261 1345 2297 tio
1373 2257 1444 2296 ἃς.
1605 2303 1610 2307 .
1752 2303 1756 2306 ,

1292 2312 1384 2363 247.
1416 2310 1528 2365 Resp.
1558 2313 1710 2365 primo,
1753 2311 1854 2353 banc
1883 2318 2169 2368 ‘responsionem
2199 2321 2248 2360 ab
2279 2313 2355 2362 An-

1232 2365 1356 2418 'gelico
1385 2365 1542 2414 afferri,
1572 2380 1647 2405 non
1677 2380 1722 2405 ex
1750 2382 1818 2406 sua
1836 2398 1846 2417 ,
1886 2371 1949 2408 sed
1979 2385 2024 2410 ex
2052 2372 2218 2414 aliorum
2249 2389 2356 2416 meu-

1234 2430 1296 2459 te.
1353 2419 1453 2458 Nam
1483 2428 1594 2458 antea
1622 2419 1888 2461 difficultatem
1917 2422 2078 2464 solverat
2117 2425 2175 2466 his
2205 2429 2354 2467 verbis:

1236 2502 1263 2521 „
1293 2472 1478 2511 Liberum
1509 2473 1713 2512 arbitrium
1743 2474 1882 2515 Christi
1913 2491 1987 2516 non
2017 2489 2095 2517 erat
2124 2481 2354 2520 determina-

1236 2553 1264 2573 „
1292 2533 1372 2562 tum
1402 2526 1449 2562 ad
1480 2540 1600 2563 unum
1629 2528 1839 2566 secundum
1869 2542 2102 2580 numerum,
2145 2536 2206 2572 sed
2237 2536 2283 2573 ad
2314 2549 2356 2573 u-

1235 2605 1262 2624 „
1292 2590 1386 2614 num
1406 2578 1616 2615 secundum
1643 2591 1787 2628 genus,
1816 2579 1960 2618 scilicet
1981 2583 2026 2620 ad
2057 2585 2198 2622 bonum
2219 2615 2228 2632 ,
2259 2589 2353 2638 quia

1234 2659 1260 2677 „
1290 2630 1331 2667 in
1360 2628 1507 2666 malum
1539 2643 1610 2667 non
1642 2638 1786 2681 potest;
1816 2631 1878 2668 sed
1899 2642 2024 2671 tamen
2056 2634 2126 2673 hoc
2157 2647 2273 2688 potest
2296 2641 2350 2678 sa-

1233 2711 1260 2731 „
1289 2695 1402 2731 cere,
1432 2680 1465 2718 8<
1485 2694 1560 2720 non
1592 2682 1744 2729 facere3
1774 2683 1807 2718 8(
1836 2683 1908 2722 hoc
1939 2701 2014 2725 non
2035 2688 2201 2728 excludit
2232 2690 2350 2732 liber-

1232 2765 1259 2784 „
1289 2744 1402 2774 tatem
1423 2735 1602 2783 arbitrii,
1633 2736 1726 2789 quia
1756 2750 1860 2788 posse
1876 2753 2033 2791 peccare
2061 2756 2132 2780 nec
2153 2753 2204 2782 est
2234 2744 2350 2785 liber-

1233 2819 1259 2838 „
1288 2797 1342 2827 tas
1369 2788 1542 2837 arbitrii,
1573 2803 1641 2827 nec
1671 2803 1756 2842 pars
1785 2790 1967 2831 libertatis
1985 2823 1996 2842 ,
2028 2804 2065 2832 ut
2094 2797 2187 2835 dicit
2216 2799 2352 2838 Ansel-

1232 2872 1260 2891 „
1290 2856 1374 2882 mus
1403 2844 1443 2881 in
1474 2841 1579 2881 Dial.
1607 2843 1654 2881 de
1684 2843 1753 2882 lib.
1776 2845 1858 2883 arb.
1889 2861 1975 2898 cap.
2002 2861 2035 2886 i.
2057 2852 2083 2871 ‘⁶
2113 2850 2351 2904 'Quanquam

1230 2909 1322 2934 vero
1349 2905 1475 2948 postea
1503 2896 1616 2935 addat
1646 2896 1761 2935 aliam
1792 2901 2071 2951 responsionem
2089 2933 2100 2951 ,
2130 2918 2219 2956 quae
2250 2907 2289 2945 in
2310 2919 2351 2944 0-

1231 2949 1420 3002 bjectione
1450 2948 1563 2988 allata
1593 2960 1670 2998 est,
1701 2952 1795 2989 alibi
1827 2961 1978 3003 tamen,
2020 2955 2257 3012 ubicumque
2286 2961 2350 2999 de-

1230 3003 1313 3042 buit
1343 3002 1442 3042 hanc
1470 3003 1736 3043 difficultatem
1765 3003 1930 3056 solvere,
1968 3021 2117 3063 semper
2147 3014 2276 3064 prima
2305 3029 2349 3055 u-

1229 3070 1292 3096 sus
1321 3065 1374 3096 est
1405 3057 1496 3108 (a).

2202 3119 2291 3167 184.

1231 3197 1414 3238 requiritur
1437 3194 1483 3226 ad
1507 3195 1717 3227 merendum.
1767 3195 1813 3230 Et
1840 3196 1872 3230 3-
1908 3196 1943 3230 P.
1968 3209 2032 3244 qu.
2055 3200 2107 3235 18.
2145 3211 2211 3235 art.
2231 3193 2264 3244 4.
2303 3204 2345 3236 ad

1231 3243 1265 3275 3.
1291 3239 1455 3273 Voluntas
1482 3240 1616 3274 Clu-isti
1632 3263 1643 3281 ,
1679 3242 1820 3286 inquit,
1862 3246 1948 3279 licet
1974 3250 2022 3280 sit
2047 3249 2272 3282 determinata
2297 3250 2343 3281 ad

1229 3288 1345 3321 honum
1362 3308 1371 3325 ‚
1399 3299 1463 3319 non
1490 3295 1598 3319 tamen
1624 3296 1679 3320 eft
1696 3290 1921 3325 determinata
1945 3293 1991 3326 acl
2005 3293 2070 3326 hoc
2095 3297 2148 3328 vel
2173 3296 2270 3328 alind
2286 3295 2342 3326 bo·-

1230 3347 1304 3368 ιιιιηι
1319 3356 1326 3364 .
1354 3332 1402 3365 Ec
1427 3334 1506 3366 ideo
1529 3338 1680 3377 pertinet
1706 3337 1751 3369 od
1770 3336 1942 3372 Christum
1968 3341 2102 3384 eligere
2117 3353 2177 3383 per
2201 3343 2341 3374 liberum

1227 3382 1406 3417 arbitrium
1428 3379 1662 3425 confirmatum
1686 3385 1724 3417 in
1747 3383 1831 3418 bono
1844 3402 1858 3425 ‚
1885 3389 1975 3421 sicut
1999 3387 2045 3420 ad
2069 3387 2183 3421 beatos
2198 3407 2205 3417 .
2246 3385 2341 3421 Alibi
