2583 3685
290 113 368 153 132

277 184 499 223 sistentiam
520 177 644 217 carnis
672 177 822 214 unitum
840 200 896 213 ....
925 173 1084 213 Timens
1103 176 1209 213 enim
1238 187 1323 226 per-

277 236 495 273 mixtionem
524 228 748 282 Eutychetis
777 230 995 277 incurrere,
1030 229 1172 267 corruit
1199 228 1238 266 in
1266 227 1324 264 di-

275 290 461 324 visionem
492 284 653 322 Nestorii
670 307 681 320 .
701 284 728 303 ‘⁶
1036 319 1039 322 ,
1131 281 1141 291 ’

275 338 365 384 248.
394 336 525 388 Majus
553 335 951 374 adhuctestimonium
979 333 1130 374 exhibet
1145 335 1323 386 frequen·

215 393 360 430 tissima
386 390 564 443 Synodus
593 389 968 435 Francofordiensis,
1016 401 1104 439 quae
1147 387 1324 425 refellens

217 443 413 496 epistolam
442 441 719 493 Episcoporum
751 442 945 492 Hispaniae
975 441 1022 477 ad
1041 440 1221 478 Carolum
1240 439 1326 478 Ma-

216 511 332 549 gnum
363 498 399 534 in
429 494 584 546 epistola
598 494 789 547 Synodica
819 496 869 531 ita
890 493 1088 541 Felicem,
1118 492 1149 529 8(
1167 493 1327 544 Elipan-

218 550 309 588 dum
340 548 571 599 alloquitur:
620 577 647 595 „
677 547 811 584 Nonne
853 545 947 583 olim
979 545 1122 583 eadem
1165 544 1328 582 haeresis

219 632 245 651 „
275 610 402 638 restra
432 605 473 637 in
501 599 686 638 Nestorio
713 600 764 637 ab
794 597 997 636 universali
1027 598 1166 635 Sancta
1194 596 1329 634 Eccle—

218 683 245 702 ‚,
275 655 328 691 sia
357 653 521 691 refutata
548 662 628 701 est,
660 653 693 688 &
721 648 928 688 damnata?
958 649 1199 700 Quapropter
1214 648 1329 700 forte

218 734 244 754 „
272 705 382 744 illam
413 705 727 745 anathematizare
755 703 927 741 noluistis
945 731 955 748 ,
984 701 1078 739 dum
1107 701 1200 739 alios
1217 731 1228 747 .,
1258 701 1329 738 Bo-

220 772 411 807 „nosum
441 759 612 805 scilicet,
655 758 821 803 Arium,
860 755 893 791 &
922 753 1137 792 Sabellium
1155 784 1167 802 ,
1196 753 1327 792 Mani-

219 841 246 859 „
276 811 505 862 chaeumque
523 840 533 858 ,
563 810 631 861 qui
662 822 779 862 prava
807 808 853 846 de
883 807 957 845 Dei
987 806 1070 845 filio
1098 815 1294 845 senserunt
1315 836 1328 855 ,

219 893 247 912 „
275 865 316 902 in
345 862 501 915 epistola
530 872 651 901 vestra
692 860 1059 900 anathematizastis.
1081 863 1107 881 “
1156 859 1203 896 Et
1232 858 1330 896 ulte-

218 918 299 954 rius
341 924 498 967 perguut
525 915 782 962 ostendentes,
829 927 970 952 novam
1013 912 1109 950 hauc
1152 911 1329 949 haeresim

220 969 390 1006 eamdem
433 981 585 1021 prorsus
614 982 691 1005 esse
733 981 821 1004 cum
866 964 1000 1002 haeresi
1030 965 1108 1014 jam
1153 965 1329 1002 damnata

220 1021 409 1069 Nestorii,
441 1030 480 1058 ut
509 1021 609 1073 quod
640 1019 706 1057 ille
726 1018 977 1069 significavit,
1006 1017 1165 1054 dicendo
1180 1016 1329 1057 Filium

216 1072 381 1112 hominis
410 1088 485 1111 esse
516 1074 665 1110 unitum
698 1071 798 1110 Filio
819 1070 890 1108 Dei
920 1083 988 1122 per
1015 1068 1330 1121 copulationem,

217 1139 316 1165 nova
344 1126 498 1163 haeresis
526 1126 619 1163 dicit
647 1137 717 1177 per
745 1123 1026 1175 adoptionem.

273 1180 365 1231 249.
395 1179 568 1231 Denique
597 1191 797 1230 supremus
827 1178 928 1215 testis
969 1177 1015 1214 sit
1045 1174 1235 1214 Adrianus
1263 1175 1333 1214 Pa-

218 1246 294 1284 pa,
338 1233 406 1284 qui
437 1231 607 1269 Felicem
637 1244 764 1268 coram
794 1244 831 1268 se
862 1229 996 1267 habuit
1014 1259 1024 1277 ,
1067 1229 1114 1266 ad
1143 1230 1332 1281 poeniten-

217 1286 312 1323 tiam
341 1285 487 1335 coegit,
534 1283 568 1319 8(
597 1285 843 1335 poenitentem
886 1283 1143 1319 existimatum
1181 1281 1333 1319 absolu-

219 1346 301 1375 tum
329 1338 499 1384 dimisit,
546 1338 615 1387 qui
658 1345 856 1387 propterea
898 1335 1052 1373 intimos
1081 1333 1163 1385 ejus
1206 1348 1332 1372 sensus

217 1402 443 1441 cognoscere
473 1389 620 1441 potuit,
650 1389 684 1424 &
713 1388 869 1426 debuit.
898 1388 952 1425 Ita
982 1397 1108 1425 autem
1139 1387 1270 1424 scribit
1291 1388 1330 1424 in

217 1455 285 1479 sua
315 1441 470 1493 epistola
498 1441 546 1485 ad
575 1441 782 1493 Episcopos
818 1449 984 1479 errantes
1015 1441 1231 1491 Hispaniae:
1280 1440 1333 1477 A-

219 1494 414 1544 doptivum
444 1507 536 1531 enm
565 1493 708 1532 Filium
727 1524 737 1542 ,
785 1498 900 1546 quasi
927 1506 1069 1542 purum
1097 1491 1300 1530 hominem
1321 1523 1333 1541 ,

218 1548 447 1585 calamitati
476 1546 666 1585 humanae
693 1546 913 1600 subjectum
941 1560 1022 1585 non
1056 1549 1333 1598 pertimescitis

218 1613 417 1638 venenosa
434 1599 567 1651 fauce
595 1613 832 1640 susurrare.
1030 1642 1037 1647 ⁸

274 1654 365 1690 250.
397 1653 561 1691 Accedat
588 1662 777 1704 postremo
805 1654 863 1692 sui
892 1654 1010 1706 ipsius
1039 1652 1164 1700 testis,
1208 1651 1242 1688 8(
1272 1666 1334 1690 ac-

219 1714 366 1743 cusator
395 1704 635 1755 Elipandus,
664 1707 732 1756 qui
762 1708 801 1744 in
829 1720 896 1744 sua
925 1707 1035 1757 epist.
1064 1706 1220 1743 nomine
1239 1704 1334 1757 Epi-

220 1770 418 1807 scoporum
450 1757 646 1808 Hispaniae
675 1759 722 1795 ad
741 1758 951 1809 Episcopos
979 1757 1123 1796 Galliae
1154 1758 1225 1795 Sec.
1256 1759 1334 1808 (in

219 1809 308 1846 Vol.
331 1810 379 1846 ll.
409 1808 511 1861 Opp.
542 1808 698 1848 Atcnini
727 1824 813 1861 pag.
837 1809 928 1848 568.
957 1810 973 1857 )
1016 1811 1061 1847 de
1089 1810 1238 1847 Christo
1279 1812 1333 1848 ita

221 1861 414 1912 loquitur:
451 1890 478 1909 „
508 1861 724 1900 Secundum
754 1862 996 1900 traditionem
1027 1861 1181 1900 Pati-um
1213 1863 1333 1901 confi-

221 1943 248 1963 „
278 1922 429 1960 temur,
459 1913 493 1948 &
522 1915 714 1952 credimus
733 1944 743 1962 ,
773 1929 860 1952 eum
891 1915 1034 1952 factum
1064 1927 1109 1952 ex
1139 1914 1301 1953 muliere
1323 1945 1334 1964 ,

221 1996 248 2016 „
277 1966 421 2003 factum
440 1965 513 2003 sub
542 1965 624 2017 lege
641 1996 652 2014 ,
681 1980 763 2004 non
791 1980 936 2018 genere
964 1980 1050 2005 esse
1071 1967 1213 2005 Filium
1232 1967 1334 2015 Dei,

222 2049 249 2069 „
278 2017 347 2056 sed
361 2017 593 2067 adoptione,
622 2031 747 2070 neque
761 2028 933 2067 natura,
962 2019 1032 2056 sed
1045 2025 1204 2070 gratia,
1234 2021 1336 2072 quod

222 2102 248 2121 „
277 2073 416 2123 saepius
444 2073 603 2123 repetit.
652 2071 701 2109 At
730 2084 846 2119 vero,
896 2080 936 2109 ut
964 2079 1065 2108 recte
1106 2072 1338 2121 colligebant

221 2154 247 2174 „
278 2124 404 2162 Patres
433 2123 790 2162 Francofordienses
818 2126 856 2162 in
885 2137 953 2162 sua
981 2123 1153 2175 Epistola
1173 2124 1338 2176 Synodi-

221 218 247 235 >³

221 267 247 285 ⁵5

218 317 245 336 ’³

223 2207 249 2225 „
278 2191 323 2215 ca
351 2190 458 2215 num.
483 2177 546 2216 23.
595 2177 699 2224 Quid
729 2186 781 2215 est
810 2177 987 2228 adoptio,
1035 2177 1106 2213 nisi
1144 2175 1361 2221 charitatis,

225 2259 252 2278 „
282 2229 499 2281 copulatio,
528 2244 606 2281 qua
635 2228 744 2267 Pater
773 2230 975 2280 adoptione
1004 2228 1078 2267 sibi
1107 2229 1262 2281 copulat
1292 2228 1338 2266 fi-

225 2311 253 2330 „
283 2282 381 2319 lium
397 2311 408 2329 ,
437 2295 550 2333 quem
569 2284 766 2334 proprium
783 2295 856 2321 non
873 2280 1011 2320 habet?
1029 2308 1070 2320 ...
1099 2281 1234 2319 Nonne
1249 2291 1339 2320 tunc

226 2364 253 2384 „
281 2334 357 2372 duo
384 2333 458 2372 filii
488 2344 597 2372 erunt
625 2335 706 2373 Deo
735 2335 864 2383 Patri,
914 2349 1009 2372 unus
1051 2336 1258 2386 proprius,
1306 2334 1340 2370 8<

225 2416 251 2435 „
281 2387 374 2425 alter
403 2387 624 2438 adoptivus:
672 2389 772 2439 quod
815 2387 944 2426 nullus
970 2386 1187 2426 Catholicus
1230 2388 1343 2425 audet

225 2468 252 2487 ,‚
280 2439 437 2478 dicere?
474 2440 578 2486 Quid
608 2449 661 2478 est
689 2440 794 2478 aliud
824 2441 979 2489 dicere,
1009 2440 1183 2478 eamdem
1214 2440 1344 2492 Virgi-

223 2522 250 2540 ‚‚
279 2507 369 2531 nem
398 2493 619 2544 adoptivum
638 2523 649 2541 ‚
680 2492 741 2532 vel
771 2507 924 2532 servum
945 2494 1145 2545 genuisse,
1176 2494 1250 2532 nisi
1277 2507 1344 2532 ne-

224 2573 251 2594 „
280 2559 394 2596 gare,
426 2545 552 2582 Deum
580 2545 691 2583 illam
721 2546 965 2597 genuisse?“

278 2599 369 2637 251.
399 2598 514 2635 Dices
532 2624 543 2635 .
573 2598 668 2635 Haec
681 2600 812 2636 omnia
827 2599 943 2638 facile
961 2599 1150 2650 explicari
1167 2608 1342 2652 possunt,

221 2663 297 2688 non
325 2650 427 2703 quod
457 2651 618 2703 Hispani
649 2651 708 2689 illi
739 2651 922 2703 Episcopi
951 2652 1123 2690 Nestorio
1159 2654 1344 2691 consenti-

226 2712 333 2752 rent,
363 2704 456 2741 duas
485 2717 662 2756 personas
691 2704 944 2753 admittendi,
975 2706 1037 2743 sed
1058 2706 1161 2757 quod
1189 2719 1259 2759 per
1288 2705 1344 2742 te-

226 2757 397 2804 gitimam
438 2758 747 2795 consecutionem
788 2759 1106 2796 convincerentur
1154 2760 1195 2796 in
1224 2759 1344 2810 ipsius

226 2804 401 2848 haeresim
430 2808 511 2847 labi
529 2839 539 2858 ,
570 2825 592 2848 a
620 2824 698 2862 qua
727 2808 872 2849 alienos
901 2825 939 2849 se
967 2809 1274 2863 profitebantur.

283 2863 371 2900 252.
401 2861 513 2914 Resp.
531 2892 542 2911 ,
572 2864 722 2901 etiamsi
743 2876 801 2901 res
829 2864 882 2902 ita
911 2878 949 2902 se
976 2862 1161 2910 haberet,
1193 2876 1266 2901 non
1287 2871 1343 2901 ta-

229 2924 317 2948 men
345 2928 448 2964 posse
477 2916 646 2954 laudatos
675 2914 863 2955 Praesules
891 2917 940 2955 ab
982 2915 1122 2954 haeresi
1151 2915 1344 2954 Nestoria-

229 2976 280 3002 ua
307 2970 486 3017 purgari,
515 2969 554 3008 in
582 2983 702 3022 quam
723 2970 848 3022 reipsa
867 2970 1124 3019 incidebant,
1151 2970 1345 3021 quidquid

281 3153 329 3203 (ᾳ)
354 3151 407 3202 Ab
431 3149 496 3202 bac
521 3162 593 3190 tarn
621 3156 751 3192 diserta
776 3158 902 3192 Felicis
929 3158 1143 3198 confessione
1161 3158 1343 3193 Walchius

233 3206 268 3228 se
295 3197 396 3229 iacile
414 3198 562 3232 liberare
583 3213 679 3244 posse
696 3206 857 3247 putavit,
881 3204 1028 3239 dicendo
1042 3228 1052 3246 ,
1078 3206 1232 3240 Felicem
1247 3211 1343 3250 igno-

232 3253 354 3292 rasse,
379 3245 461 3286 quid
484 3243 673 3296 sssestorius
698 3253 914 3284 crediderit.
942 3253 1038 3284 Itane
1064 3263 1140 3296 post
1168 3261 1239 3285 tam
1265 3251 1344 3284 diu·

227 3293 319 3321 tinas
334 3297 608 3326 concertationes
624 3312 636 3332 ,
660 3302 735 3337 post
750 3303 800 3330 tot
817 3298 946 3342 scripta
960 3296 1223 3333 Catholicorum
1235 3319 1247 3338 ,
1268 3297 1346 3341 qui·

769 101 849 143 DE
882 95 1128 140 INCARN.
1162 92 1330 139 SECT.
1359 95 1416 136 ΙΙ.
1463 93 1604 136 DISS.
1636 96 1716 139 ΙΙΙ.
1763 96 1891 140 CAP.
1921 92 1957 139 Ϊ.

1390 178 1518 210 contra
1548 179 1867 221 protestarentur.
1914 173 2097 212 Praeterea
2136 173 2231 211 inter
2259 169 2337 211 alia
2366 169 2497 210 Nestu-

1391 226 1509 262 rianae
1540 221 1674 274 hydrae
1695 225 1846 273 capita,
1874 223 1945 262 hoc
1973 228 2086 264 etiam
2116 236 2219 273 erat,
2249 226 2349 278 quod
2369 225 2499 264 Jesum

1391 276 1584 316 Christum
1614 275 1823 312 secundum
1851 274 2125 316 humanitatem
2173 280 2300 318 filium
2330 278 2403 317 Dei
2433 292 2500 329 ap-

1391 328 1531 381 pellari
1560 340 1665 379 posse
1694 327 1879 378 negabat,
1909 327 1942 363 &
1971 339 2167 381 propterea
2193 345 2332 370 nomen
2360 332 2503 381 Deipa·

1392 397 1446 420 rae
1467 382 1678 420 Nestoriani
1707 389 1900 431 tantopere
1928 382 2222 432 aversabantur,
2251 399 2299 423 ne
2328 397 2503 434 cogeren-

1393 445 1482 484 tur,
1530 448 1617 471 eum
1635 463 1645 482 ,
1684 434 1750 486 qui
1780 434 1819 470 iu
1851 441 1986 470 natura
2014 432 2183 472 humana
2211 438 2281 474 fuit
2310 439 2455 488 genitus
2484 450 2507 473 a.

1396 489 1549 534 Maria,
1580 487 1690 524 fateri
1721 485 1847 523 filium
1879 484 1982 522 Dei.
2012 514 2040 532 „
2069 486 2299 526 Existimant
2328 492 2343 539 (
2373 489 2505 526 Nesto-

1398 571 1425 591 „
1455 541 1551 579 riaui
1582 539 1596 587 )
1627 538 1823 591 inquiebat
1852 536 2013 575 Sanctus
2038 537 2213 589 Cyrillus
2254 539 2296 576 in
2325 542 2430 593 epist.
2460 541 2507 579 ad

1398 624 1425 643 „
1456 594 1643 646 Regiuas,
1693 591 1838 629 homiui
1869 591 1914 628 ad
1945 598 2112 628 nostram
2141 589 2430 631 similitudinem
2461 607 2508 632 ex

1399 675 1427 695 ,‚
1456 647 1594 685 Sancta
1623 645 1782 696 Virgine
1811 652 2017 696 prognat0‚
2047 656 2137 681 cum
2166 642 2364 681 filiationis
2385 674 2396 691 ,
2424 655 2506 684 tum

1398 728 1424 747 .„
1452 699 1715 737 dominationis
1756 711 1910 749 quoque
1951 695 2112 747 gloriam
2141 708 2209 746 per
2256 695 2416 733 morium
2444 711 2511 735 cu-

1395 781 1423 800 „
1446 752 1613 803 jusdam
1643 755 1789 803 gratioe
1805 781 1816 798 ,
1846 765 1889 788 ac
1905 763 1973 802 per
2002 762 2217 801 progressus
2236 748 2434 787 obvenisse
2451 775 2461 787 .
2481 753 2507 772 ‘⁶

1452 805 1543 843 253.
1573 804 1673 841 Hinc
1704 804 1888 841 Alcuinus
1908 802 1997 840 Lib.
2019 802 2088 840 lV.
2118 810 2246 841 contra
2278 801 2450 840 Felicem
2470 816 2512 841 n.

1403 869 1463 894 ιι.
1508 885 1534 904 „
1563 858 1686 894 Cesset
1716 857 1842 908 itaque
1873 855 2012 902 Felix,
2057 854 2285 906 inquiebat,
2318 854 2514 894 Christum

1398 938 1425 957 „
1454 908 1494 945 in
1522 908 1615 945 duos
1645 908 1762 945 Filios
1780 939 1790 956 ,
1821 907 1880 947 vel
1911 910 1948 946 in
1977 908 2069 945 duos
2099 908 2196 945 Deos
2225 908 2424 956 dividere,
2462 921 2514 946 ne

1398 990 1424 1010 „
1453 958 1708 997 Nestortanoe
1740 960 1813 999 fiat
1853 960 2102 1013 infidelitatis
2148 962 2371 1012 particeps:
2420 961 2513 1012 quia

1399 1044 1425 1062 „
1455 1013 1556 1065 quod
1576 1012 1770 1050 Nestorius
1799 1013 1837 1049 in
1866 1027 2025 1051 numero
2042 1026 2289 1064 personarum
2309 1044 2319 1062 ,
2351 1013 2420 1051 hoc
2442 1013 2514 1050 Fe-

1399 1096 1425 1115 „
1455 1064 1510 1103 lix
1540 1065 1579 1103 in
1609 1076 1768 1102 munero
1796 1064 1967 1102 filiorum
2011 1067 2135 1104 facere
2164 1066 2343 1114 videtur,
2393 1080 2515 1104 uuum

1399 1149 1426 1169 „
1455 1119 1705 1170 adoptivum,
1754 1115 1787 1152 8(
1816 1115 1938 1154 alium
1968 1120 2167 1169 proprium
2199 1120 2368 1158 faciens.
2399 1122 2424 1141 “
2469 1119 2518 1157 Et

1402 1180 1551 1223 postea,
1581 1170 1752 1209 adductis
1782 1169 1829 1207 iis
1849 1169 1889 1208 S.
1910 1167 2120 1220 Scripturae
2150 1172 2398 1220 testimoniis,
2428 1173 2517 1224 qui-

1400 1224 1472 1262 bus
1514 1224 1698 1277 probatur
1728 1221 1877 1260 Filium
1907 1221 1980 1259 Dei
2020 1235 2096 1259 esse
2118 1218 2270 1261 'natum
2314 1237 2358 1261 ex
2388 1225 2518 1263 Maria

1400 1277 1562 1329 Virgine
1579 1308 1589 1326 ,
1619 1276 1711 1328 quiri
1740 1274 1799 1313 liic
1820 1274 1917 1312 dicis
1934 1305 1944 1322 ,
1974 1272 2217 1312 Nestoriane
2234 1305 2244 1322 ‚
2274 1276 2351 1323 ait,
2384 1281 2447 1326 qui
2466 1277 2516 1315 Β.

1400 1329 1590 1368 Mariam
1620 1342 1777 1381 negans
1806 1341 1892 1366 esse
1921 1326 1998 1365 Dei
2026 1332 2287 1379 genitricem,
2330 1337 2518 1377 apertam

1400 1387 1537 1422 niteris
1553 1388 1792 1434 impugnare
1822 1385 2027 1420 veritatem
2043 1379 2068 1416 ‚9
2097 1381 2144 1419 Et
2166 1380 2254 1419 Lib.
2272 1380 2320 1418 V.
2350 1394 2458 1418 num.
2481 1382 2520 1420 5.

1400 1436 1509 1474 Hinc
1528 1467 1538 1485 ,
1569 1438 1719 1488 inquit,
1748 1438 1878 1473 omnis
1907 1443 1964 1472 est
1994 1442 2064 1471 tua
2095 1433 2284 1481 lzaeresis,
2327 1438 2421 1484 quia
2450 1446 2519 1472 ne-

1401 1504 1477 1542 gas
1509 1490 1706 1528 Christum
1737 1488 1880 1527 Filium
1910 1487 2020 1532 Dei‚·
2056 1486 2143 1525 ideo
2173 1490 2299 1525 etiam
2327 1486 2518 1524 Mariam

1407 1543 1675 1586 Clzristotocon
1690 1555 1776 1581 esse
1791 1571 1801 1590 ,
1831 1554 1912 1579 non
1928 1539 2128 1579 theotocon
2146 1539 2243 1578 (licis
2259 1569 2270 1587 ,
2300 1543 2392 1591 quia
2413 1539 2520 1578 Chri-

1403 1600 1452 1634 sti
1480 1600 1656 1648 genitrix
1684 1600 1733 1634 sit
1750 1626 1761 1643 ‚
1790 1608 1868 1632 non
1885 1593 1990 1633 Dei.
2020 1593 2133 1632 Recte
2149 1595 2267 1645 igitur
2295 1593 2516 1642 statuimus,

1402 1649 1575 1688 Felicem
1618 1649 1652 1685 8(
1681 1648 1918 1700 Elipandum
1946 1647 2209 1686 Nestorianam
2252 1645 2428 1684 haeresim
2458 1660 2520 1685 su-

1404 1703 1579 1751 scitasse,
1609 1711 1721 1755 atque
1750 1704 1789 1741 in
1820 1715 1931 1740 sensu
1961 1700 2183 1738 Nestoriano
2211 1700 2381 1737 docuisse
2399 1729 2409 1746 ,
2455 1700 2519 1738 Je-

1401 1769 1485 1792 num
1515 1755 1707 1793 Christum
1737 1755 1944 1792 secuudum
1976 1752 2253 1790 humanitatem
2285 1765 2361 1788 esse
2390 1751 2522 1791 filium

1400 1808 1473 1846 Dei
1491 1809 1713 1860 adoptivum
1730 1823 1740 1853 ;
1769 1820 2026 1860 quaecumque
2043 1815 2165 1856 pqstea
2196 1805 2310 1842 fuerit
2326 1805 2521 1857 utriusque

1401 1862 1557 1899 interior
1584 1863 1767 1900 sententia
1786 1890 1796 1908 ,
1826 1873 1944 1912 quam
1974 1860 2012 1896 in
2045 1858 2259 1907 haereticis,
2290 1858 2357 1910 qui
2387 1872 2515 1897 sensus

1403 1927 1486 1951 suos
1515 1915 1689 1952 occulere
1709 1913 1856 1961 solent,
1886 1925 1961 1950 non
1985 1911 2099 1950 facile
2128 1921 2181 1950 est
2203 1912 2407 1963 indagare.
2439 1912 2521 1964 lpse

1403 1975 1530 2004 tamen
1552 1966 1662 2004 Felix
1692 1969 1731 2005 in
1761 1980 1829 2004 sua
1852 1964 2109 2015 Confessione
2130 1964 2264 2014 Fidei,
2293 1978 2410 2016 quam
2440 1973 2522 2016 post

1404 2018 1622 2056 Concilium
1652 2021 1957 2071 Aquisgranense
1986 2018 2130 2066 edidit,
2178 2033 2216 2056 se
2244 2016 2294 2056 ab
2322 2019 2521 2070 impietate

1405 2071 1625 2110 Nestoriana
1654 2072 1875 2123 resipiscere
1905 2073 2022 2109 fassus
2052 2080 2125 2118 est,
2154 2071 2310 2117 dicens,
2354 2084 2396 2108 se
2424 2070 2522 2108 acio-

1405 2128 1578 2172 ptionem
1609 2129 1772 2171 carnis,
1801 2138 1869 2162 seu
1898 2127 2236 2174 nuncupationem
2267 2126 2307 2159 in
2336 2121 2530 2160 humanis.

1407 2184 1491 2212 tate
1520 2174 1607 2211 Filii
1629 2176 1706 2214 Dei
1734 2177 2158 2214 anathematizare....
2187 2189 2238 2214 ne
2266 2187 2359 2213 cum
2377 2173 2521 2213 Nesto-

1406 2231 1454 2264 rii
1484 2231 1689 2276 impietate
1717 2229 2004 2265 concordantes
2032 2230 2119 2268 ὡς.
2151 2229 2214 2276 (a)
2232 2255 2241 2266 .

1464 2280 1554 2325 254.
1584 2279 1678 2331 Obj.
1708 2282 1835 2332 primo
1862 2294 1949 2318 cum
1982 2279 2220 2332 VasqueziO.
2251 2279 2386 2328 Felix,
2416 2278 2450 2316 8(
2469 2280 2528 2325 Es

1408 2332 1589 2382 lipandus
1617 2347 1692 2372 non
1721 2333 1836 2372 semel
1865 2340 1996 2386 aperte
2025 2334 2189 2371 confessi
2220 2340 2304 2372 sunt
2334 2346 2452 2371 unam
2480 2334 2519 2373 iu

1410 2386 1560 2424 Christo
1589 2401 1667 2425 esse
1697 2400 1895 2437 personam
1918 2412 1929 2426 .
1978 2387 2033 2424 Ita
2062 2387 2162 2424 enim
2204 2399 2313 2425 suam
2356 2395 2524 2426 mentem

1413 2449 1603 2492 exponunt
1644 2441 1683 2478 in
1721 2441 1829 2491 epist.
1877 2441 1924 2479 ad
1953 2440 2161 2492 Episcopos
2203 2437 2346 2478 Galliae
2387 2453 2428 2478 n.
2463 2451 2526 2480 10.

1414 2523 1439 2542 „
1470 2492 1535 2531 Est
1564 2493 1785 2545 plenissima
1802 2523 1813 2541 ,
1843 2493 1877 2531 8(
1897 2493 2120 2532 fidelissima
2140 2495 2236 2532 ratio
2252 2523 2263 2542 ,
2293 2500 2333 2530 ut
2363 2493 2402 2532 in
2423 2506 2523 2544 uno,

1412 2576 1438 2596 „
1469 2546 1677 2599 eodemque
1701 2545 1881 2595 Christo,
1911 2549 1950 2585 iu
1978 2559 2055 2599 quo
2081 2546 2139 2585 ad
2166 2551 2363 2585 unitatem
2392 2560 2525 2596 perso-

1413 2629 1440 2649 „
1470 2612 1537 2636 nae
1565 2600 1604 2637 in
1634 2598 1770 2637 Matris
1800 2609 1905 2637 utero
1934 2599 2350 2651 virginalihdivinitass
2389 2600 2527 2637 huma-

1413 2682 1439 2701 „
1468 2653 1641 2703 uitasque
1660 2661 1919 2703 compactatur
1935 2683 1946 2702 ,
1976 2655 2072 2692 sicut
2092 2651 2288 2691 hominem
2309 2653 2415 2692 Deus
2430 2681 2441 2699 ‚
2473 2653 2526 2690 ita

1413 2735 1440 2754 „
1470 2706 1583 2743 etiam
1612 2703 1807 2742 hominem
1829 2706 1956 2744 Deum
1977 2707 2151 2756 genuisse
2179 2707 2379 2752 credatur,
2409 2707 2466 2741 ita
2485 2714 2527 2742 ut

1413 2788 1439 2808 „
1469 2761 1533 2810 qui
1561 2761 1727 2807 suscepit
1742 2787 1753 2806 ,
1783 2759 1832 2799 <9¹
1861 2758 1963 2809 quod
1982 2763 2151 2807 suscepit
2167 2789 2178 2807 ,
2207 2771 2290 2795 una
2310 2762 2360 2795 sit
2381 2761 2423 2794 in
2441 2756 2528 2794 Tri-

1413 2840 1440 2860 „
1469 2815 1595 2849 nitate
1622 2822 1793 2860 persona
1811 2837 1821 2849 .
1871 2815 1897 2833 “
1926 2812 1969 2849 Id
1998 2812 2126 2850 asserit
2163 2811 2280 2849 etiam
2308 2810 2527 2862 Elipandus

1414 2893 1441 2912 „
1470 2865 1511 2901 in
1541 2864 1650 2915 epist:
1679 2863 1725 2900 ad
1756 2863 1968 2901 Alcuinum
1988 2890 2000 2902 .
2501 2868 2509 2875 '

1469 2917 1561 2955 255.
1590 2914 1702 2967 Resp.
1732 2917 1846 2954 etiam
1867 2917 2083 2954 Nestorium
2116 2930 2231 2957 unam
2261 2928 2461 2971 personam
2483 2917 2526 2955 in

1412 2968 1559 3008 Christo
1587 2980 1862 3021 nonnunquam
1894 2969 2122 3020 praedicasse
2140 3001 2151 3020 ,
2183 2971 2246 3011 sed
2275 2984 2348 3010 non
2377 2971 2415 3008 in
2443 2983 2527 3008 sen-

2423 3037 2466 3062 su

1410 3156 1476 3193 bns
1501 3155 1576 3201 ejus
1613 3152 1782 3189 sententia
1808 3153 2082 3194 Nestorianismi
2127 3159 2387 3198 accusabatur,
2428 3156 2525 3189 Felix

1413 3204 1496 3237 adeo
1520 3203 1632 3235 obtusi
1660 3211 1733 3235 erat
1761 3202 1916 3248 ingenii,
1954 3216 1992 3240 ut
2019 3207 2195 3252 ignoraret
2231 3208 2314 3251 quid
2335 3204 2525 3239 Nestorius

1413 3250 1605 3284 crediderit
1636 3254 1646 3288 (
1669 3245 1787 3293 Apage
1814 3262 1921 3295 nugas
1937 3275 1944 3281 .
