2583 3685
745 21 824 68 DE
858 20 1152 67 INDISSOL.
1184 20 1425 68 UNIONE
1462 21 1721 68 HYPOST.

79 111 219 150 stravit
235 139 246 159 ,
266 104 336 147 sed
352 103 530 158 profana
548 100 765 154 proditione
779 104 1090 142 Immaculatam
1107 114 1195 141 ma-

80 165 209 202 culari
235 162 442 213 permisit.

137 216 232 263 641.
261 212 451 252 Haeresim
481 206 560 261 jam
592 220 732 249 aeterno
759 207 997 250 anathemate
1026 210 1079 247 ita
1137 221 1194 246 ro-

81 271 155 309 scri
223 279 263 305 m
291 267 430 304 iterum
445 265 625 303 suscitare
653 266 758 303 nisus
777 274 828 303 est
858 266 966 302 initio
980 276 1069 302 saec.
1130 262 1195 299 ΙΙΙ.

80 321 149 362 Phi
172 321 320 374 ippicus
348 317 536 356 Bardanes
567 317 776 371 Imperator
816 315 1072 356 conciliabulo
1099 316 1195 352 Con-

80 371 320 425 stantinopoli
351 381 480 409 coacto
507 385 607 410 auno
629 384 717 422 7¹2·
735 402 744 420 ,
777 372 814 409 in
842 383 919 423 quo
947 379 1090 408 sextam
1120 367 1195 419 Sy-

79 427 221 466 nodutn
251 427 533 463 oecumenicam
563 425 745 477 abrogare
773 438 884 462 ausus
912 431 996 470 est,
1038 430 1077 458 ut
1106 419 1192 457 Mo-

77 479 191 520 naohi
220 478 420 527 haeretici,
458 479 492 516 ἃ
523 479 832 530 praestigiatoris,
868 477 935 527 qui
966 476 1038 526 ipsi
1069 475 1191 524 impe-

74 535 179 573 rium
208 533 469 585 praedixerat‚
498 534 592 571 votis
619 532 881 570 satisfaceret.
909 528 1094 566 Joannem
1124 539 1192 564 au-

74 595 151 626 tem
183 585 475 625 Monothelitam
505 586 544 624 in
573 586 710 624 Sedem
740 579 1191 631 constantinopolitanam

73 641 253 686 intrusit;
281 640 346 679 sed
363 639 444 678 Deo
471 638 700 678 catholicam
721 635 836 675 fidem
859 642 1071 687 protegente
1087 664 1097 682 ‚
1127 646 1191 671 va·

74 695 116 732 ni
146 693 231 746 ejus
258 702 412 732 conatus
442 693 574 738 fuere3
604 691 639 728 &
656 694 734 743 ipse
753 700 852 727 anno
879 687 1191 744 sequenti-7152,

73 749 143 800 qui
174 748 247 785 fuit
275 746 442 787 infelicis
470 746 554 798 ejus
582 745 737 797 imperii
766 743 922 790 tertius,
964 742 1192 791 Conjurato-

73 813 162 838 rum
201 801 481 853 conspiratione
507 797 655 844 oculis,
684 794 719 831 ἃ
747 808 861 846 regno
890 797 1059 847 privatus
1090 795 1159 833 fuit
1179 820 1191 834 .

73 854 148 893 Sed
189 852 269 905 jam
308 854 357 892 de
401 852 493 891 fidei
533 851 707 902 dogmate
743 858 873 888 contra
902 849 1110 887 Haereticos
1151 863 1192 888 a·

71 908 237 959 gendum
266 907 377 947 nobis
405 912 458 943 est
473 928 486 943 .

436 1007 741 1049 PROPOSITIO
769 1008 818 1047 11.

112 1116 162 1158 In
192 1116 346 1158 Christo
374 1116 521 1167 duplex
548 1116 748 1155 naturalis
776 1115 955 1154 voluntas
984 1125 1042 1155 est
1070 1113 1144 1155 act-

230 1170 450 1220 mietenda,
478 1170 614 1209 divina
641 1171 690 1211 (θ’
720 1169 903 1208 humana
932 1171 996 1222 (a)
1013 1196 1025 1210 .

121 1253 368 1324 (Mo-Prob-
398 1276 611 1332 perspicuis
647 1277 852 1317 Sacrarum
895 1276 1187 1330 Scripturarum

69 1331 225 1381 verbis,
255 1345 345 1386 quae
375 1334 415 1370 iu
445 1332 601 1384 Synodo
615 1330 685 1369 Vl.
714 1345 760 1370 ex
790 1333 898 1382 epist.
927 1331 1057 1370 Sancti
1090 1332 1187 1383 Aga-

65 1384 190 1423 thonis
225 1388 310 1425 Act.
342 1384 408 1424 lV.
439 1385 593 1424 recitata
623 1384 756 1423 suere.
799 1383 1006 1423 Matthaeus
1036 1383 1186 1423 XXVI.

67 1436 135 1477 50.
164 1440 217 1477 ita
243 1438 349 1478 Jesus
376 1438 549 1477 Christus
588 1451 701 1477 suum
731 1438 879 1476 Patrem
909 1439 1063 1477 orabat:
1106 1436 1185 1476 Pa·

64 1500 124 1529 ter
153 1496 237 1541 mi,
265 1495 300 1530 ει·
327 1489 505 1542 possibile
533 1501 619 1541 est,
648 1501 833 1530 transeat
862 1506 889 1530 a
920 1505 985 1531 me
1012 1493 1125 1530 calix
1153 1496 1184 1530 ι’-

67 1553 130 1583 ste
149 1559 164 1582 .·
205 1554 469 1584 veruntamen
497 1558 578 1584 non
605 1549 705 1583 sicut
734 1559 806 1599 ego
833 1546 916 1583 volo
934 1575 945 1594 ,
988 1545 1057 1584 sed
1085 1550 1185 1584 sicut

65 1605 136 1636 tu.
165 1597 283 1638 Lucae
314 1600 405 1638 item
422 1598 534 1638 ΧΧῘ.
555 1598 621 1646 42.
653 1598 801 1648 Pater,
830 1603 864 1637 si
893 1603 975 1648 vis,
1005 1599 1185 1652 transfer

65 1651 239 1690 calicem
269 1656 388 1690 istum
419 1664 447 1690 a
476 1664 566 1699 me3
595 1661 860 1691 veruntamen
887 1666 969 1690 non
999 1666 1094 1691 mea
1122 1666 1186 1690 νο-

63 1703 227 1754 luntas,
254 1705 325 1744 sed
343 1715 416 1743 tua
431 1704 547 1758 fiat.
578 1706 635 1744 Ac
663 1707 821 1745 demum
850 1705 1045 1757 duplicem
1075 1719 1185 1744 suam

63 1756 297 1797 voluntatem
328 1758 767 1798 manifestavitChristus
796 1761 842 1798 iis
871 1760 997 1798 verbis
1026 1759 1083 1798 Jo.
1114 1759 1184 1798 VI.

64 1809 133 1850 38.
162 1810 365 1851 Descende·
393 1809 442 1851 de
468 1811 568 1851 coelo
596 1825 676 1850 non
696 1821 736 1850 ut
753 1810 921 1865 faciam
939 1812 1184 1851 voluntatem

63 1877 228 1916 meam,
255 1864 327 1905 sed
353 1865 592 1905 voluntatem
607 1868 721 1919 ejus,
750 1870 815 1917 qui
844 1869 950 1903 misit
969 1879 1056 1904 me.
1086 1866 1183 1913 Qui-

61 1916 135 1957 bus
164 1920 203 1958 in
233 1919 327 1958 locis
356 1918 399 1958 fit
427 1922 570 1958 mentio
590 1919 792 1958 voluntatis
813 1919 992 1956 humanas
1011 1917 1180 1966 Christi,

61 1981 177 2024 prout
216 1973 462 2025 distinguitur
489 1987 513 2012 a
540 1971 733 2012 voluntate
761 1970 904 2010 Patris:
945 1983 1035 2023 ergo
1063 1972 1180 2009 etiam

61 2034 176 2076 prout
215 2026 464 2078 distinguitur
491 2039 515 2064 a
543 2023 737 2063 voluntate
777 2038 846 2063 sua
887 2025 1048 2073 divina,
1091 2037 1181 2076 quas

61 2079 194 2117 eadem
220 2080 382 2118 cannino
408 2085 462 2117 est
488 2092 578 2118 cum
596 2077 790 2118 voluntate
818 2077 876 2117 sui
895 2077 1015 2116 Patris
1032 2102 1042 2114 .
1073 2077 1180 2115 Mul-

60 2138 99 2169 ta
125 2130 206 2170 alia
233 2129 377 2172 similia
421 2129 507 2171 loca
535 2145 581 2169 ex
621 2144 722 2169 novo
751 2131 993 2167 Testamento
1032 2127 1180 2179 colligit

61 2183 225 2223 Sanctus
253 2184 452 2225 Maximus
479 2185 519 2221 in
538 2184 651 2234 Disp.
681 2194 770 2220 cum
791 2180 962 2233 Pyrrho,
990 2189 1091 2219 recte
1110 2182 1178 2218 ob·

60 2249 241 2284 servans,
282 2237 397 2275 etiam
426 2235 555 2274 David
583 2233 810 2285 Prophetam
848 2247 893 2271 ex
921 2234 1061 2273 Christi
1092 2246 1178 2286 per-

60 2301 152 2328 sona
178 2289 318 2329 dixisse
345 2289 385 2328 in
412 2287 563 2328 Psalmo
582 2286 775 2327 XXXIX.
805 2299 844 2340 9.
874 2287 923 2328 1η
951 2290 1081 2340 capite
1109 2286 1178 2326 Li-

108 2474 160 2512 (a)
189 2470 374 2518 Sapienter
410 2471 613 2508 observavit
639 2472 674 2507 S.
701 2469 857 2507 Thomas
885 2472 917 2506 3.
942 2483 1002 2517 qu.
1033 2469 1086 2506 18.
1113 2479 1180 2506 art.

66 2529 123 2559 s.,
150 2518 213 2553 hoe
238 2518 316 2552 fidei
342 2527 470 2554 nostrae
495 2518 620 2565 dogma
646 2520 784 2554 fuissea
803 2520 962 2564 pluribus
989 2526 1180 2563 negatum5

62 2564 122 2597 sed
147 2576 189 2598 ex
215 2563 363 2600 diversis
377 2566 520 2600 motivis
536 2588 545 2598 .
565 2567 825 2611 „Apollinaris
849 2567 942 2599 enim
969 2577 1036 2598 non
1064 2566 1180 2610 posuit

60 2632 89 2654 „
113 2612 268 2646 animam
286 2613 565 2648 intellectualem
591 2614 626 2647 in
640 2612 784 2648 Christo
797 2635 808 2654 ‚
834 2611 892 2645 sed
912 2610 1003 2657 quod
1022 2611 1181 2646 Verbum

61 2669 91 2699 5,
113 2667 203 2693 esset
229 2659 306 2693 loco
330 2659 478 2701 animae,
513 2661 570 2694 vel
595 2660 704 2694 etiam
728 2660 804 2694 loco
828 2659 1052 2698 intellectus3
1089 2656 1181 2692 unde

61 2723 91 2745 ,2
114 2716 195 2740 cum
219 2705 383 2740 voluntas
407 2707 454 2741 sit
481 2707 517 2740 in
541 2706 701 2748 ratione,
729 2716 768 2741 ut
784 2704 1010 2751 Philosophus
1036 2703 1124 2738 dicit
1145 2706 1180 2738 in

62 2768 92 2790 2,
115 2752 176 2785 ΠΙ.
201 2753 246 2787 de
269 2756 383 2787 anima
410 2761 511 2788 textu
531 2753 588 2796 42.
605 2775 616 2794 ,
642 2754 878 2799 sequebatur,
903 2751 994 2797 quod
1021 2754 1056 2785 in
1077 2751 1181 2785 Chri-

63 2815 93 2836 „
117 2801 172 2831 sto
196 2810 263 2833 non
287 2805 377 2834 esset
406 2800 569 2834 voluntas
594 2799 770 2841 humana,
796 2800 895 2832 &ita
922 2800 957 2832 in
983 2811 1022 2832 eo
1041 2810 1108 2832 uon
1128 2811 1181 2831 es·

61 2861 88 2881 ‚·
113 2850 165 2876 set
187 2863 199 2884 ,
234 2843 301 2878 nisi
327 2857 396 2880 una
418 2847 605 2883 voluntas·
649 2847 695 2881 Et
721 2847 886 2880 similiter
910 2845 1112 2891 Eutyches,
1148 2847 1180 2887 ,ἃ

64 2907 92 2927 2»
116 2896 261 2931 omnes,
286 2892 347 2935 qui
371 2900 562 2937 posuerunt
586 2905 694 2927 unam
709 2902 871 2927 naturam
896 2893 1125 2938 compositam
1145 2893 1180 2924 in

64 2954 93 2974 ‚,
119 2934 286 2978 Christo,
310 2937 525 2981 cogebantur
549 2950 675 2985 ponere
702 2951 807 2974 tinam
827 2939 1043 2973 voluntatem
1070 2939 1179 2972 ineo.

67 2999 95 3020 ,‚
118 2981 302 3016 Nestorius
327 2984 460 3024 etiam,
500 2987 582 3030 quia
606 2986 720 3031 posuit
746 2986 910 3019 unionem
935 2986 1026 3027 Dei,
1064 2988 1094 3018 δε
1119 2985 1182 3018 ho·-

63 3046 92 3068 ‚,
116 3027 224 3061 minis
248 3037 323 3062 esse
346 3028 476 3063 factam
502 3032 615 3065 solum
640 3031 833 3067 secundum
851 3032 1034 3074 affectum,
1064 3034 1095 3064 δε
1119 3043 1181 3065 νο-

64 3094 92 3116 ‚,
117 3075 316 3116 luntatem‚
342 3076 458 3120 posuit
473 3088 580 3111 unam
594 3079 811 3114 voluntatem
837 3080 872 3113 in
891 3078 1056 3113 Christo.
1085 3078 1180 3111 Post-

61 3140 90 3163 „
115 3120 258 3157 modum
296 3129 381 3155 vero
404 3122 584 3157 Macarius
619 3125 855 3160 Antiochenus
881 3125 1083 3160 Patriarcha
1099 3147 1110 3165 ,
1147 3126 1179 3157 ἀ

64 3188 92 3208 ss
116 3168 275 3215 Cyrillus
313 3165 573 3203 Alexandrinus
589 3191 600 3210 ,
637 3173 668 3203 δι
692 3171 832 3216 Sergius
858 3171 1180 3216 Constantinopoli-

62 3235 89 3255 „
117 3223 220 3249 tanus
237 3235 248 3255 ‚
273 3217 305 3247 δι
321 3213 465 3259 quidam
495 3227 616 3249 eorum
631 3227 793 3260 sequaces
812 3228 1003 3262 posuerunt
1029 3219 1064 3252 in
1077 3218 1182 3252 Chri-

61 3281 90 3301 „
115 3269 169 3296 sto
192 3272 299 3296 unam
323 3261 571 3303 voluntatem,
597 3263 758 3308 quamvis
782 3273 949 3308 ponerent
972 3264 1059 3299 duas
1078 3273 1181 3299 natu-

2239 45 2316 89 ¹9¹

1263 103 1318 141 bri
1348 108 1538 154 scriptum
1566 113 1623 142 est
1653 102 1701 142 de
1731 114 1815 153 me,
1846 110 1887 143 ue
1915 103 2097 154 facerem
2127 107 2373 151 voluntatem

1262 165 1405 194 tuum:
1434 156 1545 196 Deus
1574 170 1713 205 meus,
1746 159 1865 197 volui.
1898 153 2006 199 Unde
2036 160 2069 198 ἃ
2101 162 2300 215 Apostolus
2329 166 2378 206 ad

1263 209 1435 262 Philipp.
1462 211 1513 248 11.
1543 210 1582 248 8.
1610 210 1656 248 de
1684 210 1833 249 Christo
1860 213 1980 262 dicit,
2024 216 2124 267 quod
2142 216 2289 267 Jktceus
2317 228 2377 258 est

1262 262 1445 301 obediens
1473 275 1595 313 usque
1614 261 1669 300 ad
1698 275 1868 303 mortem
1885 283 1899 311 ‚-
1929 278 2097 306 mortem
2118 279 2257 309 autem
2286 286 2374 310 cru-

1262 319 1346 353 cis.
1377 314 1518 353 Volens
1547 316 1677 367 ntique
1706 317 1828 356 factus
1855 329 1906 358 est
1933 321 2141 368 ohediens;
2183 339 2256 364 nou
2283 327 2375 364 obe-

1262 367 1359 407 divit
1387 378 1542 417 autem,
1572 378 1611 406 nt
1640 369 1771 416 Dens3
1800 385 1888 424 ergo
1917 384 1955 412 ut
1984 374 2097 413 bomo
2127 378 2256 417 volens
2283 380 2373 419 obe-

1261 421 1359 459 lelt
1379 446 1390 460 ο

1315 474 1408 521 645.
1438 472 1574 513 Multis
1616 475 1729 514 etiam
1760 476 1982 518 Sanctorum
2011 479 2167 523 Patrum
2209 484 2373 525 testimo-

1261 526 1334 566 niis
1377 527 1605 567 catholicam
1650 532 1847 570 veritatem
1889 536 2128 574 confirmavit
2160 538 2373 590 Agatheira

1259 595 1327 618 sua
1368 581 1525 633 epistola
1554 582 1600 620 ad
1628 582 1827 636 Synodum
1860 584 1955 634 Vh,
1999 590 2239 639 potissimum
2282 600 2372 631 vero

1259 635 1388 674 Sancti
1420 636 1652 686 Augustini,
1679 639 1746 688 qui
1777 637 1867 676 Lib.
1899 640 1964 679 ΙΙΙ.
1995 652 2120 682 contra
2151 644 2373 684 Maximum

1261 701 1346 740 cap.
1379 702 1443 727 20.
1474 689 1590 727 Ὶόιη.
1621 689 1725 728 Vlll.
1757 693 1806 730 ita
1847 705 1893 731 ex
1935 692 2097 733 laudatis
2140 711 2255 737 suna
2282 699 2372 738 Jesu

1260 742 1402 780 Christi
1433 742 1559 780 verbis
1587 742 1781 795 duplicem
1814 746 1851 783 in
1881 759 1924 784 eo
1952 748 2109 787 adstruit
2138 764 2186 789 vo
2205 760 2374 791 untatetn

1261 795 1464 848 inquiens:
1486 824 1512 843 „
1536 795 1699 834 Homine
1727 800 1874 850 quippe
1903 813 1974 839 nou
2004 813 2221 857 assumpto,
2264 805 2373 843 nullo

1261 877 1287 898 „
1317 848 1427 888 modo
1457 846 1557 886 Patri
1586 850 1726 888 diceret
1758 853 1913 890 unicum
1932 853 2103 895 Verbum
2122 886 2132 904 ‚
2163 868 2243 895 non
2271 855 2374 908 quod

1260 931 1287 952 ‚‚
1317 915 1390 954 ego
1419 903 1525 946 t·olo;
1566 915 1779 956 numquam
1824 908 1928 944 euim
1960 919 2077 959 posset
2118 910 2375 950 immutabilis

1259 984 1287 1004 „
1318 955 1387 994 illa
1417 965 1548 994 natura
1577 958 1789 1009 quidquam
1821 959 1929 998 aliud
1946 961 2041 999 velle
2057 976 2175 1014 quani
2191 963 2299 1003 Pater
2314 968 2370 1003 .'“

1257 1010 1357 1057 Quae
1389 1010 1506 1048 verba
1535 1022 1580 1047 ex
1609 1025 1646 1048 se
1674 1012 1778 1049 clara
1820 1015 2018 1053 ratiocinio
2053 1026 2178 1056 nostro
2207 1031 2284 1058 uon
2312 1018 2374 1059 iu·

1255 1063 1406 1115 digent.

1309 1117 1402 1163 664.
1432 1115 1473 1156 S.
1503 1114 1724 1155 Ambrosius
1754 1117 1841 1156 Lib.
1873 1119 1920 1158 ll.
1948 1121 1994 1159 de
2023 1121 2100 1161 fide
2142 1123 2189 1162 ad
2219 1124 2373 1164 Gratia-

1255 1183 1350 1208 num
1380 1183 1456 1209 non
1486 1172 1613 1208 minus
1655 1172 1855 1224 perspicue
1896 1171 2106 1213 humanam
2135 1176 2275 1216 Christi
2305 1192 2372 1216 vo·

1253 1223 1441 1262 luntatem
1470 1238 1492 1262 a
1520 1224 1652 1262 diviua
1681 1224 1888 1274 disceruit,
1934 1228 2137 1279 inquiens:
2158 1257 2184 1277 ‚‚
2204 1230 2373 1283 Suscipit

1255 1304 1282 1326 „
1310 1290 1400 1329 ergo
1414 1276 1648 1315 voluntatem
1667 1291 1790 1315 meam
1808 1309 1818 1327 ‚
1847 1281 2005 1332 suscipit
2025 1282 2216 1321 tristitiam
2243 1297 2373 1324 meam

1256 1359 1283 1380 ‚,
1314 1356 1371 1370 ....
1392 1329 1485 1370 Mea
1513 1340 1564 1370 est
1596 1331 1794 1380 voluutas,
1823 1344 1940 1384 quam
1970 1348 2078 1373 suam
2107 1336 2234 1382 dixit3
2277 1340 2372 1390 quia

1256 1414 1281 1434 ‚,
1311 1394 1350 1422 ut
1378 1383 1493 1422 horno
1521 1386 1684 1436 suscepit
1714 1387 1906 1424 tristitiam
1928 1400 2053 1426 meam
2071 1418 2082 1437 ‚
2111 1397 2153 1427 ut
2182 1387 2296 1428 homo
2314 1390 2372 1427 to-

1256 1468 1281 1487 „
1310 1447 1445 1487 cutus,
1488 1434 1524 1473 dt
1551 1438 1636 1476 ideo
1664 1440 1737 1477 ait:
1784 1436 1879 1478 Non
1908 1443 2007 1479 sicut
2049 1455 2122 1495 ego
2150 1443 2259 1493 volo,
2300 1440 2373 1482 sed

1254 1521 1279 1540 „
1308 1496 1406 1529 sicut
1435 1500 1475 1528 tu
1505 1495 1586 1530 vis.
1606 1494 1634 1514 “

1306 1544 1400 1591 645.
1430 1545 1605 1598 Denique
1646 1545 1913 1585 disertissimus
1941 1547 2100 1587 Sanctus
2129 1548 2206 1589 Leo
2235 1551 2274 1588 iu
2302 1562 2373 1590 sua

1252 1600 1362 1651 epist.
1392 1598 1549 1637 CLXV.
1579 1599 1628 1638 ad
1655 1599 1821 1638 Leonem
1850 1600 2095 1653 Augustum:
2142 1603 2372 1641 Secundum

1252 1651 1409 1703 quidem
1427 1652 1620 1704 sormam
1652 1651 1751 1701 Dei,
1796 1655 1946 1705 iuquit,
1989 1657 2070 1703 ipse
2097 1655 2148 1695 (9·
2178 1654 2300 1691 Pater
2328 1668 2374 1691 u.-

1253 1719 1349 1744 num
1379 1716 1469 1744 sunt
1491 1719 1505 1743 .·
1535 1704 1756 1744 secundum
1784 1714 1923 1742 autem
1951 1705 2261 1757 servi-formam
2289 1718 2372 1746 nort

1253 1764 1355 1798 venit
1384 1759 1537 1811 jizcere
1565 1758 1806 1795 voluntatem
1835 1770 1954 1795 suam
1971 1787 1982 1806 ‚
2030 1758 2099 1798 sed
2127 1760 2371 1800 voluntatem

1253 1813 1365 1863 ejus,
1394 1814 1459 1860 quc·
1489 1814 1596 1848 misit
1624 1822 1742 1849 eum.
1772 1809 1983 1864 Duplicem
2003 1827 2091 1864 ergo
2110 1813 2268 1852 Sanctus
2289 1815 2369 1853 Leo

1251 1867 1290 1903 in
1305 1863 1456 1902 Christo
1470 1862 1694 1915 agnoscebat
1714 1863 1945 1904 voluntatem
1963 1896 1973 1913 ‚
2005 1878 2077 1905 non
2107 1869 2234 1905 miuus
2250 1880 2370 1919 quam

1249 1925 1457 1964 naturam3
1498 1915 1658 1956 alteram
1687 1918 1862 1957 divinam
1880 1948 1890 1965 ‚
1939 1933 2015 1972 qua
2046 1933 2165 1957 uuum
2196 1929 2247 1958 est
2276 1934 2369 1960 cum

1247 1967 1383 2016 Patre3
1413 1971 1575 2009 alteram
1603 1973 1729 2018 servi,
1759 1984 1835 2023 qua
1865 1970 1965 2010 Patri
1993 1971 2175 2011 obediens
2203 1983 2284 2012 est.

1302 2023 1394 2070 646.
1425 2023 1571 2062 Eadem
1613 2025 1881 2075 perspicuitate
1922 2024 2118 2077 duplicem
2150 2028 2188 2065 in
2216 2026 2368 2066 Christo

1247 2076 1484 2114 voluntatem
1514 2085 1748 2128 agnoverunt
1777 2075 1903 2116 Patres
1931 2078 2097 2118 Graeci.
2134 2079 2175 2119 S.
2206 2081 2369 2120 Basilius

1246 2129 1285 2166 in
1300 2129 1390 2168 Lib.
1411 2128 1781 2168 Contradictionum
1796 2129 1885 2170 adv.
1908 2132 2199 2182 Apollinarem:
2221 2164 2247 2183 ‚‚
2263 2135 2368 2183 Quia.

1247 2211 1273 2231 ‚,
1304 2184 1445 2234 igitur,
1476 2182 1627 2236 inquit,
1665 2182 1743 2222 alia
1772 2194 1823 2223 est
1854 2183 2022 2225 humana
2051 2187 2247 2237 voluntas,
2289 2188 2368 2227 alia.

1245 2265 1271 2284 ‚,
1301 2237 1460 2284 divina,
1490 2236 1659 2289 loquitur
1686 2238 1872 2290 quidem,
1902 2239 1936 2275 &
1964 2243 2074 2293 quasi
2104 2254 2149 2280 ex
2179 2240 2333 2281 homine
2353 2271 2367 2292 ,

1247 2317 1273 2338 „
1302 2290 1403 2342 quod
1432 2289 1648 2331 infirmitati
1691 2301 1837 2331 naturas
1879 2296 2072 2346 congruit,
2119 2297 2187 2350 qui
2226 2306 2367 2336 nostras

2179 2376 2205 2398 9,
2227 2364 2312 2402 pas·

1249 2493 1275 2513 „
1302 2483 1358 2506 ras
1385 2472 1419 2505 in
1445 2469 1589 2508 Christo
1613 2471 1804 2507 secundum
1843 2474 2064 2520 hypostasim
2102 2476 2242 2509 unitas.-
2283 2475 2367 2519 quia

1250 2539 1277 2560 „
1299 2519 1535 2563 opinabantur
1551 2541 1561 2559 ‚
1589 2518 1681 2563 quiod
1707 2520 1861 2553 humana
1886 2529 2012 2554 natura
2043 2522 2076 2554 in
2102 2522 2245 2556 Christo
2265 2532 2369 2555 num·

1249 2587 1276 2606 „
1328 2577 1406 2599 uam
1433 2566 1640 2599 movebatur
1674 2567 1814 2611 proprio
1838 2574 1966 2607 motu,
2006 2565 2064 2600 sed
2091 2568 2203 2602 solum
2240 2578 2365 2602 secun-

1250 2631 1277 2653 „
1301 2578 1384 2645 ilum
1412 2609 1503 2657 quod
1530 2621 1605 2645 erat
1629 2621 1723 2645 mota
1751 2625 1769 2645 a
1793 2611 2001 2647 divinitate.
2020 2617 2046 2637 (ί

1295 2659 1459 2692 Diximus
1486 2667 1604 2692 autem
1629 2659 1846 2692 voluntatem
1871 2660 2087 2699 naturalem5
2126 2659 2160 2694 id
2185 2661 2279 2695 enim
2303 2672 2367 2694 ne·

1250 2705 1381 2750 gabant
1407 2704 1674 2745 Monothelitae3
1699 2705 1789 2750 quod
1809 2708 1961 2740 maxime
1986 2714 2122 2741 constat
2147 2720 2189 2742 ex
2205 2708 2365 2743 omnium

1249 2753 1530 2796 pertinacissimo
1556 2748 1713 2786 Macario
1738 2752 1955 2786 Antiocheno
1973 2753 2198 2795 patriarcha,
2221 2754 2284 2800 qui
2310 2755 2367 2788 in-

1248 2807 1445 2842 terrogatus
1483 2799 1517 2831 in
1544 2798 1685 2843 Synodo
1709 2799 1770 2832 Vl.
1798 2801 1877 2834 Αοι.
1906 2796 1998 2834 Viti.
2021 2822 2046 2840 „
2065 2812 2109 2834 an
2133 2799 2220 2835 duas
2256 2800 2363 2835 confl-

1249 2863 1276 2886 ,‚
1301 2854 1434 2878 teretur
1459 2847 1635 2879 naturales
1658 2846 1881 2887 voluntates,
1907 2844 2037 2880 &duas
2062 2848 2279 2892 operationes
2304 2859 2365 2880 na-

1252 2910 1276 2931 „
1304 2895 1432 2926 rurales
1474 2893 1507 2924 in
1546 2893 1786 2926 incarnatione
1811 2892 1943 2926 Christi
1982 2894 2155 2927 Domini?
2190 2889 2365 2929 obstinate

1250 2958 1276 2978 ‚,
1303 2936 1478 2983 respondit
1492 2959 1503 2978 ‚
1528 2951 1563 2972 se
1579 2949 1687 2983 neque
1707 2941 1880 2974 naturales
1905 2940 2102 2974 voluntates
2118 2937 2230 2981 duas,
2255 2951 2365 2985 neque

1250 3003 1275 3025 ‚,
1300 2984 1387 3017 duas
1429 2987 1603 3019 naturales
1639 2986 1858 3029 operationes
1896 2997 2104 3030 agnoscere.
2122 2989 2149 3010 “
2174 2985 2220 3020 Et
2245 2988 2364 3021 Patres

1248 3029 1404 3075 ejusdem
1432 3028 1563 3076 Synodi
1592 3033 1626 3064 in
1653 3033 1820 3066 Sermone
1847 3032 2115 3078 prosphonetico·
2138 3030 2182 3067 ad
2209 3034 2366 3079 impera-

1248 3084 1359 3111 torem
1396 3086 1473 3123 post
1509 3075 1770 3112 damnationem
1796 3079 2132 3124 Monotholitarum,
2171 3081 2220 3115 ita
2257 3079 2365 3114 locuti

1248 3134 1328 3158 sunt
1344 3146 1352 3156 .
1371 3144 1398 3164 „
1415 3122 1720 3166 Quemadmodum
1747 3123 1834 3158 duas
1859 3138 1933 3161 esse
1968 3135 2111 3162 naturas
2138 3128 2360 3172 accepimus,

1251 3190 1276 3212 „
1304 3171 1350 3203 ita
1377 3174 1409 3203 δι
1433 3167 1519 3203 duas
1545 3173 1720 3205 naturales
1745 3173 1971 3215 voluntates,
2008 3177 2045 3208 δε
2064 3171 2150 3208 duas
2187 3173 2359 3210 naturales

1249 3236 1276 3259 „
1302 3218 1412 3263 ipsius
1436 3218 1654 3263 operationes
1680 3219 1925 3263 agnoscimus.
1943 3222 1971 3245 “
