<?xml version="1.0" encoding="UTF-8"?>
<!DOCTYPE html PUBLIC "-//W3C//DTD XHTML 1.0 Transitional//EN"
    "http://www.w3.org/TR/xhtml1/DTD/xhtml1-transitional.dtd">
<html xmlns="http://www.w3.org/1999/xhtml" xml:lang="en" lang="en">
 <head>
  <title>
</title>
<meta http-equiv="Content-Type" content="text/html;charset=utf-8" />
  <meta name='ocr-system' content='tesseract 3.04.00' />
  <meta name='ocr-capabilities' content='ocr_page ocr_carea ocr_par ocr_line ocrx_word'/>
</head>
<body>
  <div class='ocr_page' id='page_1' title='image "./fratrispetrimari04gazzuoft/fratrispetrimari04gazzuoft_0421.png"; bbox 0 0 2583 3685; ppageno 0'>
   <div class='ocr_carea' id='block_1_1' title="bbox 723 47 1740 96">
    <p class='ocr_par' dir='ltr' id='par_1_1' title="bbox 723 47 1740 96">
     <span class='ocr_line' id='line_1_1' title="bbox 723 47 1740 96; baseline -0.002 0"><span class='ocrx_word' id='word_1_1' title='bbox 723 57 725 59; x_wconf 74' lang='grc'><strong><em>’</em></strong></span> <span class='ocrx_word' id='word_1_2' title='bbox 766 50 846 96; x_wconf 87' lang='lat' dir='ltr'>DE</span> <span class='ocrx_word' id='word_1_3' title='bbox 880 51 1176 96; x_wconf 85' lang='lat' dir='ltr'><strong>INDISSOL.</strong></span> <span class='ocrx_word' id='word_1_4' title='bbox 1211 50 1447 95; x_wconf 80' lang='lat' dir='ltr'>UNIONE</span> <span class='ocrx_word' id='word_1_5' title='bbox 1482 47 1740 95; x_wconf 83' lang='lat' dir='ltr'>HYPOST.</span> 
     </span>
    </p>
   </div>
   <div class='ocr_carea' id='block_1_2' title="bbox 91 129 1220 2051">
    <p class='ocr_par' dir='ltr' id='par_1_2' title="bbox 98 129 1220 300">
     <span class='ocr_line' id='line_1_2' title="bbox 98 129 1220 186; baseline -0.007 -6"><span class='ocrx_word' id='word_1_6' title='bbox 98 138 140 180; x_wconf 80' lang='lat' dir='ltr'>bi</span> <span class='ocrx_word' id='word_1_7' title='bbox 171 139 328 186; x_wconf 67' lang='lat' dir='ltr'>enimn,</span> <span class='ocrx_word' id='word_1_8' title='bbox 368 142 445 172; x_wconf 82' lang='lat' dir='ltr'>non</span> <span class='ocrx_word' id='word_1_9' title='bbox 473 129 707 171; x_wconf 77' lang='lat' dir='ltr'>crucifixum</span> <span class='ocrx_word' id='word_1_10' title='bbox 750 130 944 170; x_wconf 80' lang='lat' dir='ltr'>homiuem</span> <span class='ocrx_word' id='word_1_11' title='bbox 989 133 1056 170; x_wconf 85' lang='lat' dir='ltr'>reli</span> <span class='ocrx_word' id='word_1_12' title='bbox 1089 134 1143 170; x_wconf 90' lang='lat' dir='ltr'>uit</span> <span class='ocrx_word' id='word_1_13' title='bbox 1173 134 1220 173; x_wconf 81' lang='lat' dir='ltr'>iu.</span> 
     </span>
     <span class='ocr_line' id='line_1_3' title="bbox 101 186 1214 248; baseline -0.01 -15"><span class='ocrx_word' id='word_1_14' title='bbox 101 205 285 248; x_wconf 80' lang='lat' dir='ltr'>poenam,</span> <span class='ocrx_word' id='word_1_15' title='bbox 324 186 388 227; x_wconf 78' lang='lat' dir='ltr'>sed</span> <span class='ocrx_word' id='word_1_16' title='bbox 418 186 635 224; x_wconf 79' lang='lat' dir='ltr'>exanimem</span> <span class='ocrx_word' id='word_1_17' title='bbox 664 198 820 224; x_wconf 81' lang='lat' dir='ltr'>carnem</span> <span class='ocrx_word' id='word_1_18' title='bbox 862 187 1016 239; x_wconf 85' lang='lat' dir='ltr'>reliquit</span> <span class='ocrx_word' id='word_1_19' title='bbox 1043 201 1064 224; x_wconf 83' lang='lat' dir='ltr'>a</span> <span class='ocrx_word' id='word_1_20' title='bbox 1120 195 1214 224; x_wconf 82' lang='lat' dir='ltr'>tem·</span> 
     </span>
     <span class='ocr_line' id='line_1_4' title="bbox 101 243 1210 300; baseline -0.002 0"><span class='ocrx_word' id='word_1_21' title='bbox 101 260 173 300; x_wconf 56' lang='grc' dir='ltr'>ΡΜ</span> <span class='ocrx_word' id='word_1_22' title='bbox 218 243 291 290; x_wconf 75' lang='lat'>⁰)-</span> <span class='ocrx_word' id='word_1_23' title='bbox 524 293 530 300; x_wconf 95' lang='lat'><strong>.</strong></span> <span class='ocrx_word' id='word_1_24' title='bbox 592 293 598 300; x_wconf 93' lang='lat'>.</span> <span class='ocrx_word' id='word_1_25' title='bbox 1097 292 1103 299; x_wconf 94' lang='lat'>.</span> <span class='ocrx_word' id='word_1_26' title='bbox 1202 290 1210 298; x_wconf 95' lang='lat'>.</span> 
     </span>
    </p>

    <p class='ocr_par' dir='ltr' id='par_1_3' title="bbox 96 289 1213 771">
     <span class='ocr_line' id='line_1_5' title="bbox 152 289 1213 348; baseline -0.006 -14"><span class='ocrx_word' id='word_1_27' title='bbox 152 298 201 348; x_wconf 61' lang='lat'>47</span> <span class='ocrx_word' id='word_1_28' title='bbox 233 320 243 334; x_wconf 83' lang='lat'>.</span> <span class='ocrx_word' id='word_1_29' title='bbox 273 293 451 346; x_wconf 82' lang='lat' dir='ltr'>Denique</span> <span class='ocrx_word' id='word_1_30' title='bbox 479 289 646 341; x_wconf 78' lang='lat' dir='ltr'>Vitalts,</span> <span class='ocrx_word' id='word_1_31' title='bbox 688 291 722 329; x_wconf 78' lang='grc' dir='ltr'>δε</span> <span class='ocrx_word' id='word_1_32' title='bbox 751 292 987 331; x_wconf 72' lang='lat' dir='ltr'>Constantius</span> <span class='ocrx_word' id='word_1_33' title='bbox 1030 290 1213 343; x_wconf 78' lang='lat' dir='ltr'>Episcopi</span> 
     </span>
     <span class='ocr_line' id='line_1_6' title="bbox 101 343 1212 402; baseline -0.008 -13"><span class='ocrx_word' id='word_1_34' title='bbox 101 347 260 402; x_wconf 69' lang='lat' dir='ltr'>Hispani</span> <span class='ocrx_word' id='word_1_35' title='bbox 289 348 328 385; x_wconf 84' lang='lat' dir='ltr'>in</span> <span class='ocrx_word' id='word_1_36' title='bbox 356 347 466 398; x_wconf 84' lang='lat' dir='ltr'>epist.</span> <span class='ocrx_word' id='word_1_37' title='bbox 494 347 539 384; x_wconf 84' lang='lat' dir='ltr'>ad</span> <span class='ocrx_word' id='word_1_38' title='bbox 555 346 785 398; x_wconf 82' lang='lat' dir='ltr'>Capreolum</span> <span class='ocrx_word' id='word_1_39' title='bbox 805 345 1140 396; x_wconf 71' lang='lat' dir='ltr'>Carthaginensem</span> <span class='ocrx_word' id='word_1_40' title='bbox 1161 343 1212 380; x_wconf 74' lang='lat' dir='ltr'>E-</span> 
     </span>
     <span class='ocr_line' id='line_1_7' title="bbox 96 397 1212 456; baseline -0.007 -15"><span class='ocrx_word' id='word_1_41' title='bbox 96 403 295 456; x_wconf 81' lang='lat' dir='ltr'>piscoputn</span> <span class='ocrx_word' id='word_1_42' title='bbox 310 400 412 453; x_wconf 82' lang='lat' dir='ltr'>apud</span> <span class='ocrx_word' id='word_1_43' title='bbox 432 400 679 438; x_wconf 87' lang='lat' dir='ltr'>Sirmondum</span> <span class='ocrx_word' id='word_1_44' title='bbox 696 429 706 446; x_wconf 90' lang='lat'>‚</span> <span class='ocrx_word' id='word_1_45' title='bbox 728 409 926 452; x_wconf 78' lang='lat' dir='ltr'>postquam</span> <span class='ocrx_word' id='word_1_46' title='bbox 949 397 1105 436; x_wconf 87' lang='lat' dir='ltr'>illorum</span> <span class='ocrx_word' id='word_1_47' title='bbox 1122 408 1212 433; x_wconf 92' lang='lat' dir='ltr'>con-</span> 
     </span>
     <span class='ocr_line' id='line_1_8' title="bbox 97 451 1211 506; baseline -0.009 -12"><span class='ocrx_word' id='word_1_48' title='bbox 97 456 250 494; x_wconf 76' lang='lat' dir='ltr'>futasset</span> <span class='ocrx_word' id='word_1_49' title='bbox 279 466 468 501; x_wconf 87' lang='lat' dir='ltr'>errorem,</span> <span class='ocrx_word' id='word_1_50' title='bbox 497 455 565 506; x_wconf 86' lang='lat' dir='ltr'>qui</span> <span class='ocrx_word' id='word_1_51' title='bbox 595 453 769 491; x_wconf 81' lang='lat' dir='ltr'>dicebaut</span> <span class='ocrx_word' id='word_1_52' title='bbox 787 482 797 500; x_wconf 89' lang='lat'><strong>‚</strong></span> <span class='ocrx_word' id='word_1_53' title='bbox 842 451 1037 490; x_wconf 81' lang='lat' dir='ltr'>homiuem</span> <span class='ocrx_word' id='word_1_54' title='bbox 1067 461 1211 499; x_wconf 88' lang='lat' dir='ltr'>purum</span> 
     </span>
     <span class='ocr_line' id='line_1_9' title="bbox 96 503 1211 562; baseline -0.009 -15"><span class='ocrx_word' id='word_1_55' title='bbox 96 507 320 562; x_wconf 67' lang='lat' dir='ltr'>pependisse</span> <span class='ocrx_word' id='word_1_56' title='bbox 347 508 386 546; x_wconf 87' lang='lat' dir='ltr'>in</span> <span class='ocrx_word' id='word_1_57' title='bbox 414 520 549 555; x_wconf 89' lang='lat' dir='ltr'>cruce,</span> <span class='ocrx_word' id='word_1_58' title='bbox 593 506 676 545; x_wconf 78' lang='lat' dir='ltr'>haec</span> <span class='ocrx_word' id='word_1_59' title='bbox 705 506 865 544; x_wconf 81' lang='lat' dir='ltr'>addunt:</span> <span class='ocrx_word' id='word_1_60' title='bbox 895 533 920 552; x_wconf 88' lang='lat'>,‚</span> <span class='ocrx_word' id='word_1_61' title='bbox 954 503 1094 539; x_wconf 59' lang='lat' dir='ltr'>hubas</span> <span class='ocrx_word' id='word_1_62' title='bbox 1124 515 1211 552; x_wconf 79' lang='lat' dir='ltr'>par-</span> 
     </span>
     <span class='ocr_line' id='line_1_10' title="bbox 96 556 1211 610; baseline -0.008 -9"><span class='ocrx_word' id='word_1_63' title='bbox 96 591 124 610; x_wconf 93' lang='lat'>„</span> <span class='ocrx_word' id='word_1_64' title='bbox 151 563 248 600; x_wconf 75' lang='lat' dir='ltr'>vitas</span> <span class='ocrx_word' id='word_1_65' title='bbox 275 569 401 601; x_wconf 83' lang='lat' dir='ltr'>nostra</span> <span class='ocrx_word' id='word_1_66' title='bbox 427 561 481 599; x_wconf 86' lang='lat' dir='ltr'>sic</span> <span class='ocrx_word' id='word_1_67' title='bbox 519 560 641 598; x_wconf 89' lang='lat' dir='ltr'>dicit:</span> <span class='ocrx_word' id='word_1_68' title='bbox 683 571 879 610; x_wconf 84' lang='lat' dir='ltr'>nunquam</span> <span class='ocrx_word' id='word_1_69' title='bbox 914 556 1018 594; x_wconf 87' lang='lat' dir='ltr'>Deus</span> <span class='ocrx_word' id='word_1_70' title='bbox 1061 556 1211 592; x_wconf 76' lang='lat' dir='ltr'>recessit</span> 
     </span>
     <span class='ocr_line' id='line_1_11' title="bbox 97 607 1209 665; baseline -0.009 -11"><span class='ocrx_word' id='word_1_71' title='bbox 97 643 126 664; x_wconf 87' lang='lat'>,‚</span> <span class='ocrx_word' id='word_1_72' title='bbox 155 615 206 654; x_wconf 77' lang='lat' dir='ltr'>ab</span> <span class='ocrx_word' id='word_1_73' title='bbox 236 614 391 653; x_wconf 88' lang='lat' dir='ltr'>homine</span> <span class='ocrx_word' id='word_1_74' title='bbox 418 622 612 665; x_wconf 80' lang='lat' dir='ltr'>assumpto</span> <span class='ocrx_word' id='word_1_75' title='bbox 629 643 640 662; x_wconf 87' lang='lat'>‚</span> <span class='ocrx_word' id='word_1_76' title='bbox 668 613 742 650; x_wconf 87' lang='lat' dir='ltr'>nisi</span> <span class='ocrx_word' id='word_1_77' title='bbox 758 610 911 662; x_wconf 84' lang='lat' dir='ltr'>quando</span> <span class='ocrx_word' id='word_1_78' title='bbox 937 609 1033 645; x_wconf 80' lang='lat' dir='ltr'>dixit</span> <span class='ocrx_word' id='word_1_79' title='bbox 1061 607 1108 645; x_wconf 90' lang='lat' dir='ltr'>de</span> <span class='ocrx_word' id='word_1_80' title='bbox 1124 621 1209 645; x_wconf 83' lang='lat' dir='ltr'>cru-</span> 
     </span>
     <span class='ocr_line' id='line_1_12' title="bbox 97 659 1211 717; baseline -0.01 -8"><span class='ocrx_word' id='word_1_81' title='bbox 97 697 124 717; x_wconf 88' lang='lat'><strong>„</strong></span> <span class='ocrx_word' id='word_1_82' title='bbox 152 680 220 708; x_wconf 87' lang='lat' dir='ltr'>ce:</span> <span class='ocrx_word' id='word_1_83' title='bbox 249 665 473 716; x_wconf 74' lang='lat' dir='ltr'>Heli,Heii</span> <span class='ocrx_word' id='word_1_84' title='bbox 493 663 894 709; x_wconf 64' lang='lat' dir='ltr'>lammasabactani,</span> <span class='ocrx_word' id='word_1_85' title='bbox 924 659 1036 699; x_wconf 83' lang='lat' dir='ltr'>Deus</span> <span class='ocrx_word' id='word_1_86' title='bbox 1057 691 1069 711; x_wconf 85' lang='lat'><strong>,</strong></span> <span class='ocrx_word' id='word_1_87' title='bbox 1098 660 1211 700; x_wconf 85' lang='lat' dir='ltr'>Deus</span> 
     </span>
     <span class='ocr_line' id='line_1_13' title="bbox 96 713 986 771; baseline -0.012 -10"><span class='ocrx_word' id='word_1_88' title='bbox 96 750 124 770; x_wconf 53' lang='lat'>2,</span> <span class='ocrx_word' id='word_1_89' title='bbox 153 735 292 770; x_wconf 86' lang='lat' dir='ltr'>meus,</span> <span class='ocrx_word' id='word_1_90' title='bbox 327 733 453 771; x_wconf 70' lang='lat' dir='ltr'>quare</span> <span class='ocrx_word' id='word_1_91' title='bbox 482 733 548 758; x_wconf 88' lang='lat' dir='ltr'>me</span> <span class='ocrx_word' id='word_1_92' title='bbox 576 718 814 769; x_wconf 63' lang='lat' dir='ltr'>dereliquisti</span> <span class='ocrx_word' id='word_1_93' title='bbox 843 713 900 767; x_wconf 87' lang='lat' dir='ltr'>(b)</span> <span class='ocrx_word' id='word_1_94' title='bbox 917 713 942 751; x_wconf 67' lang='grc' dir='ltr'><em>Ρ</em></span> <span class='ocrx_word' id='word_1_95' title='bbox 961 717 986 737; x_wconf 83' lang='grc'><strong>“</strong></span> 
     </span>
    </p>

    <p class='ocr_par' dir='ltr' id='par_1_4' title="bbox 91 767 1214 1836">
     <span class='ocr_line' id='line_1_14' title="bbox 149 767 1211 828; baseline -0.008 -13"><span class='ocrx_word' id='word_1_96' title='bbox 149 775 246 827; x_wconf 72' lang='grc'>479.</span> <span class='ocrx_word' id='word_1_97' title='bbox 277 775 389 828; x_wconf 83' lang='lat' dir='ltr'>Resp.</span> <span class='ocrx_word' id='word_1_98' title='bbox 417 788 508 814; x_wconf 88' lang='lat' dir='ltr'>cum</span> <span class='ocrx_word' id='word_1_99' title='bbox 527 772 569 811; x_wconf 89' lang='lat' dir='ltr'>S.</span> <span class='ocrx_word' id='word_1_100' title='bbox 591 771 742 809; x_wconf 76' lang='lat' dir='ltr'>Thema</span> <span class='ocrx_word' id='word_1_101' title='bbox 769 775 840 807; x_wconf 83' lang='lat' dir='ltr'>art.</span> <span class='ocrx_word' id='word_1_102' title='bbox 864 782 900 807; x_wconf 88' lang='lat'>2.</span> <span class='ocrx_word' id='word_1_103' title='bbox 930 769 977 806; x_wconf 79' lang='lat' dir='ltr'>ad</span> <span class='ocrx_word' id='word_1_104' title='bbox 1005 782 1037 806; x_wconf 82' lang='lat' dir='ltr'>i.</span> <span class='ocrx_word' id='word_1_105' title='bbox 1063 797 1088 816; x_wconf 87' lang='lat'><strong>„</strong></span> <span class='ocrx_word' id='word_1_106' title='bbox 1109 767 1211 821; x_wconf 88' lang='lat' dir='ltr'>quod</span> 
     </span>
     <span class='ocr_line' id='line_1_15' title="bbox 95 822 1210 876; baseline -0.007 -8"><span class='ocrx_word' id='word_1_107' title='bbox 95 856 123 876; x_wconf 83' lang='lat'>‚‚</span> <span class='ocrx_word' id='word_1_108' title='bbox 151 828 346 867; x_wconf 77' lang='lat' dir='ltr'>derelictio</span> <span class='ocrx_word' id='word_1_109' title='bbox 376 826 444 866; x_wconf 78' lang='lat' dir='ltr'>illa</span> <span class='ocrx_word' id='word_1_110' title='bbox 471 838 548 865; x_wconf 90' lang='lat' dir='ltr'>non</span> <span class='ocrx_word' id='word_1_111' title='bbox 576 833 629 863; x_wconf 87' lang='lat' dir='ltr'>est</span> <span class='ocrx_word' id='word_1_112' title='bbox 668 823 866 862; x_wconf 83' lang='lat' dir='ltr'>referenda</span> <span class='ocrx_word' id='word_1_113' title='bbox 893 823 939 860; x_wconf 80' lang='lat' dir='ltr'>ad</span> <span class='ocrx_word' id='word_1_114' title='bbox 983 822 1210 861; x_wconf 86' lang='lat' dir='ltr'>solutionem</span> 
     </span>
     <span class='ocr_line' id='line_1_16' title="bbox 94 874 1212 935; baseline -0.005 -16"><span class='ocrx_word' id='word_1_115' title='bbox 94 910 122 930; x_wconf 90' lang='lat'>„</span> <span class='ocrx_word' id='word_1_116' title='bbox 152 883 304 921; x_wconf 88' lang='lat' dir='ltr'>unionis</span> <span class='ocrx_word' id='word_1_117' title='bbox 331 878 564 935; x_wconf 82' lang='lat' dir='ltr'>personalis,</span> <span class='ocrx_word' id='word_1_118' title='bbox 593 877 656 916; x_wconf 83' lang='lat' dir='ltr'>sed</span> <span class='ocrx_word' id='word_1_119' title='bbox 671 876 826 925; x_wconf 86' lang='lat' dir='ltr'>adhoc,</span> <span class='ocrx_word' id='word_1_120' title='bbox 856 876 956 928; x_wconf 90' lang='lat' dir='ltr'>quod</span> <span class='ocrx_word' id='word_1_121' title='bbox 971 874 1076 914; x_wconf 73' lang='lat' dir='ltr'>Deus</span> <span class='ocrx_word' id='word_1_122' title='bbox 1104 875 1212 913; x_wconf 81' lang='lat' dir='ltr'>Pater</span> 
     </span>
     <span class='ocr_line' id='line_1_17' title="bbox 96 928 1210 986; baseline -0.006 -12"><span class='ocrx_word' id='word_1_123' title='bbox 96 963 124 983; x_wconf 81' lang='lat'>,‚</span> <span class='ocrx_word' id='word_1_124' title='bbox 154 949 242 974; x_wconf 88' lang='lat' dir='ltr'>eum</span> <span class='ocrx_word' id='word_1_125' title='bbox 272 934 443 986; x_wconf 79' lang='lat' dir='ltr'>exposuit</span> <span class='ocrx_word' id='word_1_126' title='bbox 483 931 670 984; x_wconf 86' lang='lat' dir='ltr'>passioni:</span> <span class='ocrx_word' id='word_1_127' title='bbox 719 931 816 968; x_wconf 86' lang='lat' dir='ltr'>uude</span> <span class='ocrx_word' id='word_1_128' title='bbox 857 928 1124 981; x_wconf 83' lang='lat' dir='ltr'>derelinquere</span> <span class='ocrx_word' id='word_1_129' title='bbox 1153 930 1210 968; x_wconf 89' lang='lat' dir='ltr'>ibi</span> 
     </span>
     <span class='ocr_line' id='line_1_18' title="bbox 95 984 1211 1037; baseline -0.006 -10"><span class='ocrx_word' id='word_1_130' title='bbox 95 1015 122 1036; x_wconf 89' lang='lat'>„</span> <span class='ocrx_word' id='word_1_131' title='bbox 149 1001 226 1027; x_wconf 86' lang='lat' dir='ltr'>non</span> <span class='ocrx_word' id='word_1_132' title='bbox 255 995 308 1025; x_wconf 88' lang='lat' dir='ltr'>est</span> <span class='ocrx_word' id='word_1_133' title='bbox 335 984 463 1032; x_wconf 80' lang='lat' dir='ltr'>aliud,</span> <span class='ocrx_word' id='word_1_134' title='bbox 491 998 610 1037; x_wconf 84' lang='lat' dir='ltr'>quam</span> <span class='ocrx_word' id='word_1_135' title='bbox 642 997 715 1022; x_wconf 87' lang='lat' dir='ltr'>non</span> <span class='ocrx_word' id='word_1_136' title='bbox 733 992 925 1036; x_wconf 82' lang='lat' dir='ltr'>protegere</span> <span class='ocrx_word' id='word_1_137' title='bbox 944 997 966 1021; x_wconf 87' lang='lat' dir='ltr'>a</span> <span class='ocrx_word' id='word_1_138' title='bbox 983 996 1211 1035; x_wconf 86' lang='lat' dir='ltr'>persequen—</span> 
     </span>
     <span class='ocr_line' id='line_1_19' title="bbox 92 1036 1209 1088; baseline -0.004 -10"><span class='ocrx_word' id='word_1_139' title='bbox 92 1068 122 1088; x_wconf 87' lang='lat'>„</span> <span class='ocrx_word' id='word_1_140' title='bbox 150 1040 276 1078; x_wconf 85' lang='lat' dir='ltr'>tibus.</span> <span class='ocrx_word' id='word_1_141' title='bbox 317 1037 392 1077; x_wconf 83' lang='lat' dir='ltr'>Vel</span> <span class='ocrx_word' id='word_1_142' title='bbox 421 1038 540 1086; x_wconf 83' lang='lat' dir='ltr'>dicit,</span> <span class='ocrx_word' id='word_1_143' title='bbox 570 1052 609 1075; x_wconf 91' lang='lat' dir='ltr'>se</span> <span class='ocrx_word' id='word_1_144' title='bbox 646 1036 874 1074; x_wconf 84' lang='lat' dir='ltr'>derelictum</span> <span class='ocrx_word' id='word_1_145' title='bbox 892 1066 902 1083; x_wconf 91' lang='lat'>,</span> <span class='ocrx_word' id='word_1_146' title='bbox 945 1046 1132 1088; x_wconf 84' lang='lat' dir='ltr'>quantum</span> <span class='ocrx_word' id='word_1_147' title='bbox 1161 1036 1209 1074; x_wconf 87' lang='lat' dir='ltr'>ad</span> 
     </span>
     <span class='ocr_line' id='line_1_20' title="bbox 93 1090 1207 1142; baseline -0.004 -11"><span class='ocrx_word' id='word_1_148' title='bbox 93 1121 121 1140; x_wconf 85' lang='lat'>‚,</span> <span class='ocrx_word' id='word_1_149' title='bbox 150 1092 260 1131; x_wconf 83' lang='lat' dir='ltr'>illam</span> <span class='ocrx_word' id='word_1_150' title='bbox 287 1093 526 1131; x_wconf 75' lang='lat' dir='ltr'>orationem:</span> <span class='ocrx_word' id='word_1_151' title='bbox 563 1090 714 1138; x_wconf 67' lang='lat' dir='ltr'>Pater,</span> <span class='ocrx_word' id='word_1_152' title='bbox 743 1093 776 1127; x_wconf 85' lang='lat' dir='ltr'>si</span> <span class='ocrx_word' id='word_1_153' title='bbox 793 1090 892 1142; x_wconf 83' lang='lat' dir='ltr'>fieri</span> <span class='ocrx_word' id='word_1_154' title='bbox 921 1098 1068 1140; x_wconf 81' lang='lat' dir='ltr'>potest,</span> <span class='ocrx_word' id='word_1_155' title='bbox 1096 1096 1207 1127; x_wconf 82' lang='lat' dir='ltr'>tran-</span> 
     </span>
     <span class='ocr_line' id='line_1_21' title="bbox 93 1144 1209 1195; baseline -0.004 -10"><span class='ocrx_word' id='word_1_156' title='bbox 93 1173 121 1195; x_wconf 87' lang='lat'>„</span> <span class='ocrx_word' id='word_1_157' title='bbox 149 1154 238 1185; x_wconf 80' lang='lat' dir='ltr'>seat</span> <span class='ocrx_word' id='word_1_158' title='bbox 267 1158 296 1184; x_wconf 85' lang='lat' dir='ltr'><em>a</em></span> <span class='ocrx_word' id='word_1_159' title='bbox 325 1158 392 1183; x_wconf 85' lang='lat' dir='ltr'>me</span> <span class='ocrx_word' id='word_1_160' title='bbox 419 1145 531 1182; x_wconf 60' lang='lat' dir='ltr'>cdix</span> <span class='ocrx_word' id='word_1_161' title='bbox 573 1147 673 1193; x_wconf 83' lang='lat' dir='ltr'>iste,</span> <span class='ocrx_word' id='word_1_162' title='bbox 723 1152 761 1181; x_wconf 90' lang='lat' dir='ltr'>ut</span> <span class='ocrx_word' id='word_1_163' title='bbox 790 1144 882 1181; x_wconf 88' lang='lat' dir='ltr'>dicit</span> <span class='ocrx_word' id='word_1_164' title='bbox 913 1144 1140 1194; x_wconf 74' lang='lat' dir='ltr'>Augustinus</span> <span class='ocrx_word' id='word_1_165' title='bbox 1171 1157 1209 1181; x_wconf 87' lang='lat' dir='ltr'>e-</span> 
     </span>
     <span class='ocr_line' id='line_1_22' title="bbox 94 1195 1211 1253; baseline -0.004 -15"><span class='ocrx_word' id='word_1_166' title='bbox 94 1228 122 1249; x_wconf 85' lang='lat'>„</span> <span class='ocrx_word' id='word_1_167' title='bbox 151 1201 236 1253; x_wconf 80' lang='lat' dir='ltr'>pist.</span> <span class='ocrx_word' id='word_1_168' title='bbox 263 1198 408 1245; x_wconf 64' lang='lat' dir='ltr'>CXL„</span> <span class='ocrx_word' id='word_1_169' title='bbox 437 1211 523 1250; x_wconf 81' lang='lat' dir='ltr'>cap.</span> <span class='ocrx_word' id='word_1_170' title='bbox 544 1196 584 1235; x_wconf 89' lang='grc'>6.</span> <span class='ocrx_word' id='word_1_171' title='bbox 612 1196 662 1235; x_wconf 87' lang='lat' dir='ltr'>In</span> <span class='ocrx_word' id='word_1_172' title='bbox 690 1209 736 1235; x_wconf 88' lang='lat' dir='ltr'>eo</span> <span class='ocrx_word' id='word_1_173' title='bbox 765 1201 902 1247; x_wconf 80' lang='lat' dir='ltr'>quippe</span> <span class='ocrx_word' id='word_1_174' title='bbox 931 1195 1211 1247; x_wconf 79' lang='lat' dir='ltr'>derelinquitur</span> 
     </span>
     <span class='ocr_line' id='line_1_23' title="bbox 96 1249 1204 1303; baseline -0.001 -14"><span class='ocrx_word' id='word_1_175' title='bbox 96 1282 123 1301; x_wconf 85' lang='lat'>,‚</span> <span class='ocrx_word' id='word_1_176' title='bbox 152 1252 375 1303; x_wconf 81' lang='lat' dir='ltr'>deprecans</span> <span class='ocrx_word' id='word_1_177' title='bbox 393 1280 404 1299; x_wconf 82' lang='lat'>,</span> <span class='ocrx_word' id='word_1_178' title='bbox 433 1254 475 1288; x_wconf 90' lang='lat' dir='ltr'>in</span> <span class='ocrx_word' id='word_1_179' title='bbox 503 1263 578 1302; x_wconf 79' lang='lat' dir='ltr'>quo</span> <span class='ocrx_word' id='word_1_180' title='bbox 606 1263 688 1289; x_wconf 83' lang='lat' dir='ltr'>non</span> <span class='ocrx_word' id='word_1_181' title='bbox 707 1249 921 1288; x_wconf 70' lang='lat' dir='ltr'>exauditur</span> <span class='ocrx_word' id='word_1_182' title='bbox 936 1276 948 1288; x_wconf 90' lang='lat'><strong>.</strong></span> <span class='ocrx_word' id='word_1_183' title='bbox 970 1280 995 1298; x_wconf 86' lang='lat'>‚,</span> <span class='ocrx_word' id='word_1_184' title='bbox 1016 1249 1204 1288; x_wconf 83' lang='lat' dir='ltr'>Similiter</span> 
     </span>
     <span class='ocr_line' id='line_1_24' title="bbox 97 1303 1210 1356; baseline -0.002 -13"><span class='ocrx_word' id='word_1_185' title='bbox 97 1305 200 1343; x_wconf 85' lang='lat' dir='ltr'>hunc</span> <span class='ocrx_word' id='word_1_186' title='bbox 229 1303 358 1342; x_wconf 90' lang='lat' dir='ltr'>locum</span> <span class='ocrx_word' id='word_1_187' title='bbox 400 1303 641 1356; x_wconf 79' lang='lat' dir='ltr'>explicarunt</span> <span class='ocrx_word' id='word_1_188' title='bbox 670 1303 769 1341; x_wconf 85' lang='lat' dir='ltr'>bene</span> <span class='ocrx_word' id='word_1_189' title='bbox 799 1303 909 1342; x_wconf 88' lang='lat' dir='ltr'>multi</span> <span class='ocrx_word' id='word_1_190' title='bbox 951 1303 1020 1342; x_wconf 82' lang='lat' dir='ltr'>alii</span> <span class='ocrx_word' id='word_1_191' title='bbox 1049 1303 1178 1342; x_wconf 86' lang='lat' dir='ltr'>Patres</span> <span class='ocrx_word' id='word_1_192' title='bbox 1199 1333 1210 1352; x_wconf 91' lang='lat'>‚</span> 
     </span>
     <span class='ocr_line' id='line_1_25' title="bbox 94 1356 1210 1410; baseline -0.003 -13"><span class='ocrx_word' id='word_1_193' title='bbox 94 1359 191 1397; x_wconf 87' lang='lat' dir='ltr'>inter</span> <span class='ocrx_word' id='word_1_194' title='bbox 219 1370 312 1410; x_wconf 85' lang='lat' dir='ltr'>quos</span> <span class='ocrx_word' id='word_1_195' title='bbox 340 1356 505 1396; x_wconf 84' lang='lat' dir='ltr'>sufficiat</span> <span class='ocrx_word' id='word_1_196' title='bbox 541 1356 698 1396; x_wconf 82' lang='lat' dir='ltr'>laudare</span> <span class='ocrx_word' id='word_1_197' title='bbox 725 1357 766 1395; x_wconf 89' lang='lat' dir='ltr'>S.</span> <span class='ocrx_word' id='word_1_198' title='bbox 797 1356 964 1395; x_wconf 85' lang='lat' dir='ltr'>Leonem</span> <span class='ocrx_word' id='word_1_199' title='bbox 994 1370 1177 1408; x_wconf 80' lang='lat' dir='ltr'>maguum</span> <span class='ocrx_word' id='word_1_200' title='bbox 1198 1387 1210 1406; x_wconf 84' lang='lat'>‚</span> 
     </span>
     <span class='ocr_line' id='line_1_26' title="bbox 91 1409 1213 1463; baseline 0 -15"><span class='ocrx_word' id='word_1_201' title='bbox 91 1413 160 1463; x_wconf 90' lang='lat' dir='ltr'>qui</span> <span class='ocrx_word' id='word_1_202' title='bbox 190 1412 230 1448; x_wconf 89' lang='lat' dir='ltr'>in</span> <span class='ocrx_word' id='word_1_203' title='bbox 258 1409 384 1448; x_wconf 86' lang='lat' dir='ltr'>Serm.</span> <span class='ocrx_word' id='word_1_204' title='bbox 405 1409 532 1449; x_wconf 73' lang='lat' dir='ltr'><strong>XVII.</strong></span> <span class='ocrx_word' id='word_1_205' title='bbox 561 1411 607 1448; x_wconf 86' lang='lat' dir='ltr'>de</span> <span class='ocrx_word' id='word_1_206' title='bbox 636 1409 809 1448; x_wconf 74' lang='lat' dir='ltr'>passione</span> <span class='ocrx_word' id='word_1_207' title='bbox 827 1441 836 1458; x_wconf 95' lang='lat'>‚</span> <span class='ocrx_word' id='word_1_208' title='bbox 868 1421 1067 1463; x_wconf 78' lang='lat' dir='ltr'>postquam</span> <span class='ocrx_word' id='word_1_209' title='bbox 1096 1411 1213 1449; x_wconf 80' lang='lat' dir='ltr'>dixis-</span> 
     </span>
     <span class='ocr_line' id='line_1_27' title="bbox 93 1462 1213 1512; baseline -0.001 -10"><span class='ocrx_word' id='word_1_210' title='bbox 93 1473 174 1512; x_wconf 83' lang='lat' dir='ltr'>set,</span> <span class='ocrx_word' id='word_1_211' title='bbox 203 1467 244 1502; x_wconf 84' lang='lat' dir='ltr'>in</span> <span class='ocrx_word' id='word_1_212' title='bbox 272 1471 434 1501; x_wconf 83' lang='lat' dir='ltr'>tantam</span> <span class='ocrx_word' id='word_1_213' title='bbox 463 1467 662 1502; x_wconf 82' lang='lat' dir='ltr'>unitatem</span> <span class='ocrx_word' id='word_1_214' title='bbox 682 1462 761 1501; x_wconf 69' lang='lat' dir='ltr'>Dee·</span> <span class='ocrx_word' id='word_1_215' title='bbox 778 1493 789 1511; x_wconf 89' lang='lat'>,</span> <span class='ocrx_word' id='word_1_216' title='bbox 818 1464 868 1504; x_wconf 67' lang='lat'>&lt;9</span> <span class='ocrx_word' id='word_1_217' title='bbox 897 1462 1067 1502; x_wconf 76' lang='lat' dir='ltr'>hominis</span> <span class='ocrx_word' id='word_1_218' title='bbox 1095 1473 1213 1502; x_wconf 82' lang='lat' dir='ltr'>natu-</span> 
     </span>
     <span class='ocr_line' id='line_1_28' title="bbox 93 1517 1211 1569; baseline 0 -14"><span class='ocrx_word' id='word_1_219' title='bbox 93 1529 188 1555; x_wconf 84' lang='lat' dir='ltr'>ram</span> <span class='ocrx_word' id='word_1_220' title='bbox 216 1519 472 1565; x_wconf 69' lang='lat' dir='ltr'>convenisse,</span> <span class='ocrx_word' id='word_1_221' title='bbox 501 1525 543 1554; x_wconf 82' lang='lat' dir='ltr'>ut</span> <span class='ocrx_word' id='word_1_222' title='bbox 558 1529 633 1555; x_wconf 81' lang='lat' dir='ltr'>nec</span> <span class='ocrx_word' id='word_1_223' title='bbox 652 1517 838 1567; x_wconf 84' lang='lat' dir='ltr'>supplicio</span> <span class='ocrx_word' id='word_1_224' title='bbox 867 1521 1033 1569; x_wconf 74' lang='lat' dir='ltr'>potuerit</span> <span class='ocrx_word' id='word_1_225' title='bbox 1053 1517 1211 1566; x_wconf 82' lang='lat' dir='ltr'>dirimi,</span> 
     </span>
     <span class='ocr_line' id='line_1_29' title="bbox 91 1567 1213 1623; baseline 0 -14"><span class='ocrx_word' id='word_1_226' title='bbox 91 1582 165 1609; x_wconf 80' lang='lat' dir='ltr'>nec</span> <span class='ocrx_word' id='word_1_227' title='bbox 195 1578 326 1608; x_wconf 86' lang='lat' dir='ltr'>morte</span> <span class='ocrx_word' id='word_1_228' title='bbox 340 1567 543 1622; x_wconf 80' lang='lat' dir='ltr'>disjungi,</span> <span class='ocrx_word' id='word_1_229' title='bbox 571 1570 723 1609; x_wconf 78' lang='lat' dir='ltr'>subdit:</span> <span class='ocrx_word' id='word_1_230' title='bbox 753 1600 780 1619; x_wconf 84' lang='lat'>‚‚</span> <span class='ocrx_word' id='word_1_231' title='bbox 802 1571 889 1608; x_wconf 89' lang='lat' dir='ltr'>ldeo</span> <span class='ocrx_word' id='word_1_232' title='bbox 917 1584 1005 1623; x_wconf 85' lang='lat' dir='ltr'>ergo</span> <span class='ocrx_word' id='word_1_233' title='bbox 1020 1570 1127 1609; x_wconf 82' lang='lat' dir='ltr'>Jesus</span> <span class='ocrx_word' id='word_1_234' title='bbox 1148 1584 1213 1609; x_wconf 89' lang='lat' dir='ltr'>vo-</span> 
     </span>
     <span class='ocr_line' id='line_1_30' title="bbox 94 1621 1214 1674; baseline 0.002 -14"><span class='ocrx_word' id='word_1_235' title='bbox 94 1653 122 1672; x_wconf 91' lang='lat'>„</span> <span class='ocrx_word' id='word_1_236' title='bbox 149 1636 194 1661; x_wconf 90' lang='lat' dir='ltr'>ce</span> <span class='ocrx_word' id='word_1_237' title='bbox 222 1637 284 1661; x_wconf 83' lang='lat' dir='ltr'>ma</span> <span class='ocrx_word' id='word_1_238' title='bbox 312 1636 360 1662; x_wconf 77' lang='lat' dir='ltr'>na</span> <span class='ocrx_word' id='word_1_239' title='bbox 387 1621 580 1662; x_wconf 79' lang='lat' dir='ltr'>clamabat</span> <span class='ocrx_word' id='word_1_240' title='bbox 608 1624 760 1663; x_wconf 88' lang='lat' dir='ltr'>diceus:</span> <span class='ocrx_word' id='word_1_241' title='bbox 807 1623 944 1674; x_wconf 83' lang='lat' dir='ltr'>Quare</span> <span class='ocrx_word' id='word_1_242' title='bbox 973 1638 1038 1662; x_wconf 89' lang='lat' dir='ltr'>me</span> <span class='ocrx_word' id='word_1_243' title='bbox 1074 1623 1214 1662; x_wconf 78' lang='lat' dir='ltr'>dereli-</span> 
     </span>
     <span class='ocr_line' id='line_1_31' title="bbox 95 1676 1214 1730; baseline 0.004 -18"><span class='ocrx_word' id='word_1_244' title='bbox 95 1706 123 1726; x_wconf 86' lang='lat'>„</span> <span class='ocrx_word' id='word_1_245' title='bbox 152 1678 290 1727; x_wconf 74' lang='lat' dir='ltr'>quisti.</span> <span class='ocrx_word' id='word_1_246' title='bbox 334 1676 387 1715; x_wconf 90' lang='lat' dir='ltr'>Ut</span> <span class='ocrx_word' id='word_1_247' title='bbox 405 1685 538 1715; x_wconf 86' lang='lat' dir='ltr'>notum</span> <span class='ocrx_word' id='word_1_248' title='bbox 567 1676 746 1716; x_wconf 89' lang='lat' dir='ltr'>omnibus</span> <span class='ocrx_word' id='word_1_249' title='bbox 774 1677 940 1726; x_wconf 84' lang='lat' dir='ltr'>faceret,</span> <span class='ocrx_word' id='word_1_250' title='bbox 969 1691 1087 1729; x_wconf 80' lang='lat' dir='ltr'>quam</span> <span class='ocrx_word' id='word_1_251' title='bbox 1103 1691 1214 1730; x_wconf 86' lang='lat' dir='ltr'>opor-</span> 
     </span>
     <span class='ocr_line' id='line_1_32' title="bbox 95 1730 1214 1780; baseline 0.004 -14"><span class='ocrx_word' id='word_1_252' title='bbox 95 1759 123 1779; x_wconf 83' lang='lat'><strong>„</strong></span> <span class='ocrx_word' id='word_1_253' title='bbox 152 1730 292 1778; x_wconf 85' lang='lat' dir='ltr'>tuerit,</span> <span class='ocrx_word' id='word_1_254' title='bbox 323 1743 410 1767; x_wconf 87' lang='lat' dir='ltr'>eum</span> <span class='ocrx_word' id='word_1_255' title='bbox 428 1743 503 1768; x_wconf 88' lang='lat' dir='ltr'>non</span> <span class='ocrx_word' id='word_1_256' title='bbox 523 1731 604 1768; x_wconf 87' lang='lat' dir='ltr'>erui</span> <span class='ocrx_word' id='word_1_257' title='bbox 624 1760 634 1778; x_wconf 87' lang='lat'>,</span> <span class='ocrx_word' id='word_1_258' title='bbox 663 1743 738 1768; x_wconf 89' lang='lat' dir='ltr'>non</span> <span class='ocrx_word' id='word_1_259' title='bbox 761 1731 944 1780; x_wconf 80' lang='lat' dir='ltr'>defendi,</span> <span class='ocrx_word' id='word_1_260' title='bbox 972 1731 1036 1769; x_wconf 77' lang='lat' dir='ltr'>sed</span> <span class='ocrx_word' id='word_1_261' title='bbox 1050 1733 1214 1770; x_wconf 75' lang='lat' dir='ltr'>saevien-</span> 
     </span>
     <span class='ocr_line' id='line_1_33' title="bbox 97 1781 783 1836; baseline 0.001 -16"><span class='ocrx_word' id='word_1_262' title='bbox 97 1810 124 1832; x_wconf 83' lang='lat'>‚,</span> <span class='ocrx_word' id='word_1_263' title='bbox 153 1783 252 1820; x_wconf 86' lang='lat' dir='ltr'>tium</span> <span class='ocrx_word' id='word_1_264' title='bbox 281 1781 465 1821; x_wconf 82' lang='lat' dir='ltr'>manibus</span> <span class='ocrx_word' id='word_1_265' title='bbox 492 1782 707 1836; x_wconf 85' lang='lat' dir='ltr'>derelinqui</span> <span class='ocrx_word' id='word_1_266' title='bbox 725 1808 734 1822; x_wconf 86' lang='lat'><strong>.</strong></span> <span class='ocrx_word' id='word_1_267' title='bbox 758 1787 783 1805; x_wconf 89' lang='lat'><strong>“</strong></span> 
     </span>
    </p>

    <p class='ocr_par' dir='ltr' id='par_1_5' title="bbox 95 1834 1215 2051">
     <span class='ocr_line' id='line_1_34' title="bbox 150 1834 1214 1890; baseline 0 -16"><span class='ocrx_word' id='word_1_268' title='bbox 150 1834 245 1881; x_wconf 71' lang='lat'><strong>480.</strong></span> <span class='ocrx_word' id='word_1_269' title='bbox 274 1837 400 1888; x_wconf 87' lang='lat' dir='ltr'>Atque</span> <span class='ocrx_word' id='word_1_270' title='bbox 430 1834 501 1875; x_wconf 84' lang='lat' dir='ltr'>hac</span> <span class='ocrx_word' id='word_1_271' title='bbox 517 1836 648 1875; x_wconf 87' lang='lat' dir='ltr'>eadem</span> <span class='ocrx_word' id='word_1_272' title='bbox 679 1837 823 1875; x_wconf 80' lang='lat' dir='ltr'>ratione</span> <span class='ocrx_word' id='word_1_273' title='bbox 840 1835 1022 1889; x_wconf 82' lang='lat' dir='ltr'>explicari</span> <span class='ocrx_word' id='word_1_274' title='bbox 1041 1845 1214 1890; x_wconf 78' lang='lat' dir='ltr'>possunt,</span> 
     </span>
     <span class='ocr_line' id='line_1_35' title="bbox 96 1887 1214 1940; baseline 0.001 -15"><span class='ocrx_word' id='word_1_275' title='bbox 96 1887 131 1925; x_wconf 73' lang='grc' dir='ltr'><strong>ἃ</strong></span> <span class='ocrx_word' id='word_1_276' title='bbox 161 1888 300 1928; x_wconf 88' lang='lat' dir='ltr'>debent</span> <span class='ocrx_word' id='word_1_277' title='bbox 341 1887 491 1940; x_wconf 76' lang='lat' dir='ltr'>objecta</span> <span class='ocrx_word' id='word_1_278' title='bbox 518 1889 748 1928; x_wconf 84' lang='lat' dir='ltr'>Sanctorum</span> <span class='ocrx_word' id='word_1_279' title='bbox 777 1888 934 1928; x_wconf 67' lang='lat' dir='ltr'>Petrum</span> <span class='ocrx_word' id='word_1_280' title='bbox 977 1890 1214 1935; x_wconf 83' lang='lat' dir='ltr'>testimonia3</span> 
     </span>
     <span class='ocr_line' id='line_1_36' title="bbox 97 1941 1214 1995; baseline -0.002 -14"><span class='ocrx_word' id='word_1_281' title='bbox 97 1942 242 1981; x_wconf 86' lang='lat' dir='ltr'>scilicet</span> <span class='ocrx_word' id='word_1_282' title='bbox 271 1955 348 1981; x_wconf 89' lang='lat' dir='ltr'>non</span> <span class='ocrx_word' id='word_1_283' title='bbox 376 1943 423 1980; x_wconf 89' lang='lat' dir='ltr'>de</span> <span class='ocrx_word' id='word_1_284' title='bbox 450 1941 699 1982; x_wconf 75' lang='lat' dir='ltr'>dissolutione</span> <span class='ocrx_word' id='word_1_285' title='bbox 737 1943 888 1981; x_wconf 88' lang='lat' dir='ltr'>unionis</span> <span class='ocrx_word' id='word_1_286' title='bbox 929 1941 1180 1995; x_wconf 83' lang='lat' dir='ltr'>hypostaticae</span> <span class='ocrx_word' id='word_1_287' title='bbox 1201 1971 1214 1990; x_wconf 87' lang='lat'><strong>,</strong></span> 
     </span>
     <span class='ocr_line' id='line_1_37' title="bbox 95 1994 1215 2051; baseline 0.001 -18"><span class='ocrx_word' id='word_1_288' title='bbox 95 1995 158 2034; x_wconf 84' lang='lat' dir='ltr'>sed</span> <span class='ocrx_word' id='word_1_289' title='bbox 185 1995 234 2036; x_wconf 79' lang='lat' dir='ltr'>de</span> <span class='ocrx_word' id='word_1_290' title='bbox 261 1995 514 2035; x_wconf 72' lang='lat' dir='ltr'>subtractione</span> <span class='ocrx_word' id='word_1_291' title='bbox 542 1995 810 2051; x_wconf 72' lang='lat' dir='ltr'>protectionis,</span> <span class='ocrx_word' id='word_1_292' title='bbox 839 2003 881 2035; x_wconf 89' lang='lat' dir='ltr'>ut</span> <span class='ocrx_word' id='word_1_293' title='bbox 908 1995 1015 2034; x_wconf 85' lang='lat' dir='ltr'>Jesus</span> <span class='ocrx_word' id='word_1_294' title='bbox 1042 1994 1215 2035; x_wconf 85' lang='lat' dir='ltr'>Christus</span> 
     </span>
    </p>
   </div>
   <div class='ocr_carea' id='block_1_3' title="bbox 95 2164 1219 3316">
    <p class='ocr_par' dir='ltr' id='par_1_6' title="bbox 95 2164 1218 2439">
     <span class='ocr_line' id='line_1_38' title="bbox 142 2164 1218 2212; baseline -0.004 -12"><span class='ocrx_word' id='word_1_295' title='bbox 142 2171 190 2206; x_wconf 73' lang='grc' dir='ltr'>(α)</span> <span class='ocrx_word' id='word_1_296' title='bbox 220 2166 282 2201; x_wconf 80' lang='lat' dir='ltr'>Ille</span> <span class='ocrx_word' id='word_1_297' title='bbox 311 2167 449 2212; x_wconf 83' lang='lat' dir='ltr'>Leporii</span> <span class='ocrx_word' id='word_1_298' title='bbox 475 2168 616 2203; x_wconf 81' lang='lat' dir='ltr'>libellus</span> <span class='ocrx_word' id='word_1_299' title='bbox 641 2177 710 2202; x_wconf 85' lang='lat' dir='ltr'>non</span> <span class='ocrx_word' id='word_1_300' title='bbox 735 2166 848 2199; x_wconf 86' lang='lat' dir='ltr'>solum</span> <span class='ocrx_word' id='word_1_301' title='bbox 885 2165 952 2198; x_wconf 86' lang='lat' dir='ltr'>fuit</span> <span class='ocrx_word' id='word_1_302' title='bbox 979 2165 1022 2199; x_wconf 81' lang='lat' dir='ltr'>ab</span> <span class='ocrx_word' id='word_1_303' title='bbox 1048 2164 1218 2211; x_wconf 81' lang='lat' dir='ltr'>Augusti·</span> 
     </span>
     <span class='ocr_line' id='line_1_39' title="bbox 96 2210 1216 2258; baseline -0.002 -12"><span class='ocrx_word' id='word_1_304' title='bbox 96 2224 162 2252; x_wconf 84' lang='lat' dir='ltr'>no,</span> <span class='ocrx_word' id='word_1_305' title='bbox 187 2213 336 2257; x_wconf 83' lang='lat' dir='ltr'>aliisque</span> <span class='ocrx_word' id='word_1_306' title='bbox 360 2214 544 2258; x_wconf 87' lang='lat' dir='ltr'>Episcopis</span> <span class='ocrx_word' id='word_1_307' title='bbox 569 2213 698 2246; x_wconf 79' lang='lat' dir='ltr'>Al&#39;ricae</span> <span class='ocrx_word' id='word_1_308' title='bbox 724 2211 998 2255; x_wconf 82' lang='lat' dir='ltr'>comprobatus,</span> <span class='ocrx_word' id='word_1_309' title='bbox 1024 2210 1084 2243; x_wconf 85' lang='lat' dir='ltr'>sed</span> <span class='ocrx_word' id='word_1_310' title='bbox 1108 2211 1216 2244; x_wconf 81' lang='lat' dir='ltr'>etiam</span> 
     </span>
     <span class='ocr_line' id='line_1_40' title="bbox 97 2255 1218 2300; baseline -0.003 -8"><span class='ocrx_word' id='word_1_311' title='bbox 97 2270 116 2292; x_wconf 78' lang='lat' dir='ltr'>a</span> <span class='ocrx_word' id='word_1_312' title='bbox 144 2258 302 2291; x_wconf 80' lang='lat' dir='ltr'>Romano</span> <span class='ocrx_word' id='word_1_313' title='bbox 338 2258 504 2292; x_wconf 84' lang='lat' dir='ltr'>Pontifice</span> <span class='ocrx_word' id='word_1_314' title='bbox 540 2259 652 2291; x_wconf 77' lang='lat' dir='ltr'>Leone</span> <span class='ocrx_word' id='word_1_315' title='bbox 690 2258 821 2300; x_wconf 82' lang='lat' dir='ltr'>Magno</span> <span class='ocrx_word' id='word_1_316' title='bbox 860 2265 981 2290; x_wconf 79' lang='lat' dir='ltr'>contra</span> <span class='ocrx_word' id='word_1_317' title='bbox 1015 2255 1218 2290; x_wconf 83' lang='lat' dir='ltr'>Nestorium</span> 
     </span>
     <span class='ocr_line' id='line_1_41' title="bbox 98 2301 1216 2347; baseline -0.001 -10"><span class='ocrx_word' id='word_1_318' title='bbox 98 2303 294 2347; x_wconf 80' lang='lat' dir='ltr'>allegatus.</span> <span class='ocrx_word' id='word_1_319' title='bbox 320 2304 366 2338; x_wconf 81' lang='lat' dir='ltr'>Et</span> <span class='ocrx_word' id='word_1_320' title='bbox 391 2304 580 2337; x_wconf 81' lang='lat' dir='ltr'>Cassianus</span> <span class='ocrx_word' id='word_1_321' title='bbox 599 2303 678 2337; x_wconf 81' lang='lat' dir='ltr'>Lib.</span> <span class='ocrx_word' id='word_1_322' title='bbox 694 2304 719 2335; x_wconf 87' lang='lat'>1.</span> <span class='ocrx_word' id='word_1_323' title='bbox 746 2301 802 2336; x_wconf 83' lang='lat' dir='ltr'>De</span> <span class='ocrx_word' id='word_1_324' title='bbox 825 2302 998 2337; x_wconf 78' lang='lat' dir='ltr'>Incarnat.</span> <span class='ocrx_word' id='word_1_325' title='bbox 1019 2315 1047 2335; x_wconf 92' lang='lat' dir='ltr'>c.</span> <span class='ocrx_word' id='word_1_326' title='bbox 1068 2302 1100 2344; x_wconf 74' lang='grc'>4.</span> <span class='ocrx_word' id='word_1_327' title='bbox 1127 2302 1216 2336; x_wconf 78' lang='lat' dir='ltr'>hanc</span> 
     </span>
     <span class='ocr_line' id='line_1_42' title="bbox 95 2347 1218 2394; baseline 0 -13"><span class='ocrx_word' id='word_1_328' title='bbox 95 2347 255 2393; x_wconf 83' lang='lat' dir='ltr'>ejusdem</span> <span class='ocrx_word' id='word_1_329' title='bbox 287 2349 427 2394; x_wconf 86' lang='lat' dir='ltr'>Leporii</span> <span class='ocrx_word' id='word_1_330' title='bbox 460 2349 723 2384; x_wconf 79' lang='lat' dir='ltr'>Confessionem</span> <span class='ocrx_word' id='word_1_331' title='bbox 762 2356 863 2383; x_wconf 83' lang='lat' dir='ltr'>vocat</span> <span class='ocrx_word' id='word_1_332' title='bbox 898 2349 1154 2384; x_wconf 73' lang='lat' dir='ltr'>catholicorum</span> <span class='ocrx_word' id='word_1_333' title='bbox 1179 2363 1218 2382; x_wconf 85' lang='lat' dir='ltr'>o-</span> 
     </span>
     <span class='ocr_line' id='line_1_43' title="bbox 98 2395 375 2439; baseline 0.007 -12"><span class='ocrx_word' id='word_1_334' title='bbox 98 2398 222 2428; x_wconf 82' lang='lat' dir='ltr'>mnium</span> <span class='ocrx_word' id='word_1_335' title='bbox 238 2395 375 2439; x_wconf 79' lang='lat' dir='ltr'>fidem·</span> 
     </span>
    </p>

    <p class='ocr_par' dir='ltr' id='par_1_7' title="bbox 96 2439 1219 3274">
     <span class='ocr_line' id='line_1_44' title="bbox 147 2439 1214 2480; baseline -0.001 -6"><span class='ocrx_word' id='word_1_336' title='bbox 147 2442 195 2480; x_wconf 83' lang='lat' dir='ltr'>(b)</span> <span class='ocrx_word' id='word_1_337' title='bbox 219 2441 453 2476; x_wconf 85' lang='lat' dir='ltr'>Doctissimus</span> <span class='ocrx_word' id='word_1_338' title='bbox 488 2440 651 2476; x_wconf 85' lang='lat' dir='ltr'>Petavius</span> <span class='ocrx_word' id='word_1_339' title='bbox 677 2439 757 2475; x_wconf 86' lang='lat' dir='ltr'>Lib.</span> <span class='ocrx_word' id='word_1_340' title='bbox 785 2441 866 2475; x_wconf 83' lang='grc' dir='ltr'>ΧΗ.</span> <span class='ocrx_word' id='word_1_341' title='bbox 905 2439 959 2474; x_wconf 84' lang='lat' dir='ltr'>De</span> <span class='ocrx_word' id='word_1_342' title='bbox 983 2439 1157 2475; x_wconf 77' lang='lat' dir='ltr'>Incarnat.</span> <span class='ocrx_word' id='word_1_343' title='bbox 1184 2454 1214 2476; x_wconf 90' lang='lat' dir='ltr'>c.</span> 
     </span>
     <span class='ocr_line' id='line_1_45' title="bbox 98 2486 1217 2533; baseline -0.001 -12"><span class='ocrx_word' id='word_1_344' title='bbox 98 2498 112 2521; x_wconf 77' lang='grc' dir='ltr'><strong>ι</strong></span> <span class='ocrx_word' id='word_1_345' title='bbox 145 2509 154 2519; x_wconf 90' lang='grc'><strong>.</strong></span> <span class='ocrx_word' id='word_1_346' title='bbox 180 2486 243 2522; x_wconf 80' lang='lat' dir='ltr'>hos</span> <span class='ocrx_word' id='word_1_347' title='bbox 268 2487 425 2533; x_wconf 82' lang='lat' dir='ltr'>quinque</span> <span class='ocrx_word' id='word_1_348' title='bbox 460 2496 594 2522; x_wconf 82' lang='lat' dir='ltr'>veteres</span> <span class='ocrx_word' id='word_1_349' title='bbox 621 2489 816 2533; x_wconf 84' lang='lat' dir='ltr'>Scriptores</span> <span class='ocrx_word' id='word_1_350' title='bbox 845 2500 863 2521; x_wconf 78' lang='lat' dir='ltr'>a</span> <span class='ocrx_word' id='word_1_351' title='bbox 889 2499 924 2520; x_wconf 86' lang='lat' dir='ltr'>se</span> <span class='ocrx_word' id='word_1_352' title='bbox 950 2488 1116 2532; x_wconf 74' lang='lat' dir='ltr'>allegatos</span> <span class='ocrx_word' id='word_1_353' title='bbox 1143 2489 1217 2521; x_wconf 83' lang='lat' dir='ltr'>sine</span> 
     </span>
     <span class='ocr_line' id='line_1_46' title="bbox 96 2533 1216 2579; baseline 0.001 -14"><span class='ocrx_word' id='word_1_354' title='bbox 96 2534 170 2565; x_wconf 83' lang='lat' dir='ltr'>ula</span> <span class='ocrx_word' id='word_1_355' title='bbox 195 2534 434 2579; x_wconf 82' lang='lat' dir='ltr'>explicatione</span> <span class='ocrx_word' id='word_1_356' title='bbox 468 2533 622 2575; x_wconf 80' lang='lat' dir='ltr'>deserit,</span> <span class='ocrx_word' id='word_1_357' title='bbox 657 2546 726 2579; x_wconf 84' lang='lat' dir='ltr'>qua</span> <span class='ocrx_word' id='word_1_358' title='bbox 760 2535 893 2579; x_wconf 84' lang='lat' dir='ltr'>possint</span> <span class='ocrx_word' id='word_1_359' title='bbox 920 2545 1001 2567; x_wconf 86' lang='lat' dir='ltr'>cum</span> <span class='ocrx_word' id='word_1_360' title='bbox 1039 2535 1216 2568; x_wconf 87' lang='lat' dir='ltr'>communi</span> 
     </span>
     <span class='ocr_line' id='line_1_47' title="bbox 96 2577 1219 2625; baseline 0.002 -13"><span class='ocrx_word' id='word_1_361' title='bbox 96 2577 356 2625; x_wconf 79' lang='lat' dir='ltr'>Theologorum</span> <span class='ocrx_word' id='word_1_362' title='bbox 381 2581 555 2615; x_wconf 82' lang='lat' dir='ltr'>sententia</span> <span class='ocrx_word' id='word_1_363' title='bbox 591 2591 714 2615; x_wconf 84' lang='lat' dir='ltr'>eorum</span> <span class='ocrx_word' id='word_1_364' title='bbox 738 2579 833 2615; x_wconf 82' lang='lat' dir='ltr'>dicta</span> <span class='ocrx_word' id='word_1_365' title='bbox 866 2580 1073 2620; x_wconf 76' lang='lat' dir='ltr'>conciliari5</span> <span class='ocrx_word' id='word_1_366' title='bbox 1110 2581 1219 2614; x_wconf 89' lang='lat' dir='ltr'>immo</span> 
     </span>
     <span class='ocr_line' id='line_1_48' title="bbox 96 2627 1218 2670; baseline 0.001 -12"><span class='ocrx_word' id='word_1_367' title='bbox 96 2634 218 2670; x_wconf 80' lang='lat' dir='ltr'>aperte</span> <span class='ocrx_word' id='word_1_368' title='bbox 261 2627 386 2660; x_wconf 79' lang='lat' dir='ltr'>asserit</span> <span class='ocrx_word' id='word_1_369' title='bbox 411 2627 570 2661; x_wconf 81' lang='lat' dir='ltr'>eamdem</span> <span class='ocrx_word' id='word_1_370' title='bbox 596 2627 806 2662; x_wconf 78' lang='lat' dir='ltr'>sententiam</span> <span class='ocrx_word' id='word_1_371' title='bbox 830 2638 895 2660; x_wconf 85' lang='lat' dir='ltr'>non</span> <span class='ocrx_word' id='word_1_372' title='bbox 922 2630 1011 2660; x_wconf 81' lang='lat' dir='ltr'>satis</span> <span class='ocrx_word' id='word_1_373' title='bbox 1036 2639 1107 2660; x_wconf 81' lang='lat' dir='ltr'>cum</span> <span class='ocrx_word' id='word_1_374' title='bbox 1132 2628 1218 2660; x_wconf 84' lang='lat' dir='ltr'>Am-</span> 
     </span>
     <span class='ocr_line' id='line_1_49' title="bbox 101 2671 1218 2718; baseline 0.002 -14"><span class='ocrx_word' id='word_1_375' title='bbox 101 2671 242 2713; x_wconf 74' lang='lat' dir='ltr'>brosii,</span> <span class='ocrx_word' id='word_1_376' title='bbox 268 2676 310 2706; x_wconf 74' lang='lat'>(9⁶</span> <span class='ocrx_word' id='word_1_377' title='bbox 333 2675 479 2707; x_wconf 80' lang='lat' dir='ltr'>aliorum</span> <span class='ocrx_word' id='word_1_378' title='bbox 506 2675 618 2708; x_wconf 75' lang='lat' dir='ltr'>verbis</span> <span class='ocrx_word' id='word_1_379' title='bbox 643 2673 836 2707; x_wconf 76' lang='lat' dir='ltr'>cohaerere.</span> <span class='ocrx_word' id='word_1_380' title='bbox 862 2673 1096 2707; x_wconf 82' lang='lat' dir='ltr'>Doctissimus</span> <span class='ocrx_word' id='word_1_381' title='bbox 1121 2673 1218 2718; x_wconf 80' lang='lat' dir='ltr'>pari-</span> 
     </span>
     <span class='ocr_line' id='line_1_50' title="bbox 96 2719 1216 2754; baseline 0 -3"><span class='ocrx_word' id='word_1_382' title='bbox 96 2725 151 2750; x_wconf 81' lang='lat' dir='ltr'>ter</span> <span class='ocrx_word' id='word_1_383' title='bbox 175 2719 229 2752; x_wconf 71' lang='lat'>³0.</span> <span class='ocrx_word' id='word_1_384' title='bbox 250 2719 448 2754; x_wconf 81' lang='lat' dir='ltr'>Garnerius</span> <span class='ocrx_word' id='word_1_385' title='bbox 489 2721 525 2754; x_wconf 91' lang='lat' dir='ltr'>in</span> <span class='ocrx_word' id='word_1_386' title='bbox 551 2720 707 2754; x_wconf 81' lang='lat' dir='ltr'>Marium</span> <span class='ocrx_word' id='word_1_387' title='bbox 732 2721 967 2754; x_wconf 77' lang='lat' dir='ltr'>Mercatorem</span> <span class='ocrx_word' id='word_1_388' title='bbox 994 2719 1145 2753; x_wconf 82' lang='lat' dir='ltr'>Dissert.</span> <span class='ocrx_word' id='word_1_389' title='bbox 1172 2721 1216 2753; x_wconf 85' lang='grc'>11.</span> 
     </span>
     <span class='ocr_line' id='line_1_51' title="bbox 98 2760 1216 2811; baseline 0 -12"><span class='ocrx_word' id='word_1_390' title='bbox 98 2760 155 2796; x_wconf 77' lang='lat' dir='ltr'>De</span> <span class='ocrx_word' id='word_1_391' title='bbox 179 2764 341 2809; x_wconf 60' lang='lat' dir='ltr'>Sgrnodis</span> <span class='ocrx_word' id='word_1_392' title='bbox 384 2769 422 2800; x_wconf 83' lang='lat' dir='ltr'>in</span> <span class='ocrx_word' id='word_1_393' title='bbox 459 2778 563 2801; x_wconf 83' lang='lat' dir='ltr'>causa</span> <span class='ocrx_word' id='word_1_394' title='bbox 586 2765 766 2811; x_wconf 77' lang='lat' dir='ltr'>Pelagian-</span> <span class='ocrx_word' id='word_1_395' title='bbox 804 2776 882 2811; x_wconf 78' lang='lat' dir='ltr'>pag.</span> <span class='ocrx_word' id='word_1_396' title='bbox 912 2766 992 2799; x_wconf 82' lang='lat'><strong>230.</strong></span> <span class='ocrx_word' id='word_1_397' title='bbox 1029 2774 1216 2811; x_wconf 85' lang='lat' dir='ltr'>postquam</span> 
     </span>
     <span class='ocr_line' id='line_1_52' title="bbox 99 2810 1217 2859; baseline 0.004 -18"><span class='ocrx_word' id='word_1_398' title='bbox 99 2811 318 2852; x_wconf 81' lang='lat' dir='ltr'>monuisset,</span> <span class='ocrx_word' id='word_1_399' title='bbox 341 2821 441 2848; x_wconf 85' lang='lat' dir='ltr'>caute</span> <span class='ocrx_word' id='word_1_400' title='bbox 467 2810 654 2859; x_wconf 86' lang='lat' dir='ltr'>legendum</span> <span class='ocrx_word' id='word_1_401' title='bbox 681 2813 797 2847; x_wconf 88' lang='lat' dir='ltr'>locum</span> <span class='ocrx_word' id='word_1_402' title='bbox 821 2811 1001 2857; x_wconf 84' lang='lat' dir='ltr'>objectum</span> <span class='ocrx_word' id='word_1_403' title='bbox 1027 2824 1068 2845; x_wconf 83' lang='lat' dir='ltr'>ex</span> <span class='ocrx_word' id='word_1_404' title='bbox 1095 2812 1217 2846; x_wconf 87' lang='lat' dir='ltr'>libello</span> 
     </span>
     <span class='ocr_line' id='line_1_53' title="bbox 101 2854 1215 2905; baseline 0.002 -16"><span class='ocrx_word' id='word_1_405' title='bbox 101 2854 266 2898; x_wconf 66' lang='lat' dir='ltr'>vaorii,</span> <span class='ocrx_word' id='word_1_406' title='bbox 284 2856 408 2892; x_wconf 70' lang='lat' dir='ltr'>subdit</span> <span class='ocrx_word' id='word_1_407' title='bbox 421 2880 434 2900; x_wconf 88' lang='lat'>,</span> <span class='ocrx_word' id='word_1_408' title='bbox 456 2871 650 2905; x_wconf 73' lang='lat' dir='ltr'>quoinquam</span> <span class='ocrx_word' id='word_1_409' title='bbox 673 2861 827 2894; x_wconf 82' lang='lat' dir='ltr'>nonnulli</span> <span class='ocrx_word' id='word_1_410' title='bbox 851 2859 974 2893; x_wconf 77' lang='lat' dir='ltr'>Patres</span> <span class='ocrx_word' id='word_1_411' title='bbox 988 2862 1030 2892; x_wconf 66' lang='grc' dir='ltr'>(φ’</span> <span class='ocrx_word' id='word_1_412' title='bbox 1049 2867 1119 2892; x_wconf 83' lang='lat' dir='ltr'>tres</span> <span class='ocrx_word' id='word_1_413' title='bbox 1145 2861 1215 2903; x_wconf 84' lang='lat' dir='ltr'>qui-</span> 
     </span>
     <span class='ocr_line' id='line_1_54' title="bbox 101 2901 1219 2949; baseline 0.005 -17"><span class='ocrx_word' id='word_1_414' title='bbox 101 2901 177 2933; x_wconf 78' lang='lat' dir='ltr'>dem</span> <span class='ocrx_word' id='word_1_415' title='bbox 196 2907 309 2946; x_wconf 60' lang='lat' dir='ltr'>anagni</span> <span class='ocrx_word' id='word_1_416' title='bbox 345 2908 490 2940; x_wconf 80' lang='lat' dir='ltr'>nominis</span> <span class='ocrx_word' id='word_1_417' title='bbox 506 2926 520 2946; x_wconf 88' lang='lat'>,</span> <span class='ocrx_word' id='word_1_418' title='bbox 549 2908 706 2940; x_wconf 79' lang='lat' dir='ltr'>relictum</span> <span class='ocrx_word' id='word_1_419' title='bbox 730 2919 751 2940; x_wconf 82' lang='lat' dir='ltr'><em>a</em></span> <span class='ocrx_word' id='word_1_420' title='bbox 775 2908 960 2940; x_wconf 73' lang='lat' dir='ltr'>divinitate</span> <span class='ocrx_word' id='word_1_421' title='bbox 995 2917 1116 2949; x_wconf 86' lang='lat' dir='ltr'>corpus</span> <span class='ocrx_word' id='word_1_422' title='bbox 1153 2908 1219 2938; x_wconf 76' lang='lat' dir='ltr'>tri-</span> 
     </span>
     <span class='ocr_line' id='line_1_55' title="bbox 102 2948 1217 3024; baseline -0.002 -38"><span class='ocrx_word' id='word_1_423' title='bbox 102 2948 169 2979; x_wconf 58' lang='grc' dir='ltr'>(ΜΟ</span> <span class='ocrx_word' id='word_1_424' title='bbox 185 2960 292 3024; x_wconf 50' lang='lat' dir='ltr'>‚Aque</span> <span class='ocrx_word' id='word_1_425' title='bbox 311 2949 423 2995; x_wconf 79' lang='lat' dir='ltr'>jacirit</span> <span class='ocrx_word' id='word_1_426' title='bbox 449 2955 484 2984; x_wconf 85' lang='lat' dir='ltr'>in</span> <span class='ocrx_word' id='word_1_427' title='bbox 513 2955 692 2995; x_wconf 82' lang='lat' dir='ltr'>sepulcro,</span> <span class='ocrx_word' id='word_1_428' title='bbox 722 2956 854 2996; x_wconf 80' lang='lat' dir='ltr'>opinati</span> <span class='ocrx_word' id='word_1_429' title='bbox 873 2961 974 2992; x_wconf 81' lang='lat' dir='ltr'>sunt,</span> <span class='ocrx_word' id='word_1_430' title='bbox 997 2950 1217 2996; x_wconf 78' lang='lat' dir='ltr'>Epiphanius</span> 
     </span>
     <span class='ocr_line' id='line_1_56' title="bbox 101 2991 1218 3042; baseline 0.002 -14"><span class='ocrx_word' id='word_1_431' title='bbox 101 2992 193 3025; x_wconf 60' lang='lat' dir='ltr'>Har.</span> <span class='ocrx_word' id='word_1_432' title='bbox 243 2991 313 3035; x_wconf 82' lang='lat' dir='ltr'>X·,</span> <span class='ocrx_word' id='word_1_433' title='bbox 339 2994 516 3030; x_wconf 62' lang='lat' dir='ltr'><em>&amp;LXIX</em></span> <span class='ocrx_word' id='word_1_434' title='bbox 533 3019 544 3038; x_wconf 90' lang='lat'>,</span> <span class='ocrx_word' id='word_1_435' title='bbox 568 2998 732 3033; x_wconf 79' lang='lat' dir='ltr'>Hilarius</span> <span class='ocrx_word' id='word_1_436' title='bbox 757 3011 786 3033; x_wconf 90' lang='lat' dir='ltr'>c.</span> <span class='ocrx_word' id='word_1_437' title='bbox 804 2998 859 3042; x_wconf 74' lang='grc'>34.</span> <span class='ocrx_word' id='word_1_438' title='bbox 887 3004 923 3033; x_wconf 86' lang='lat' dir='ltr'>in</span> <span class='ocrx_word' id='word_1_439' title='bbox 948 2998 1076 3033; x_wconf 70' lang='lat' dir='ltr'>Manli.</span> <span class='ocrx_word' id='word_1_440' title='bbox 1092 3019 1103 3039; x_wconf 91' lang='lat'>,</span> <span class='ocrx_word' id='word_1_441' title='bbox 1132 2999 1218 3031; x_wconf 87' lang='lat' dir='ltr'>Am-</span> 
     </span>
     <span class='ocr_line' id='line_1_57' title="bbox 102 3039 1217 3090; baseline 0.004 -19"><span class='ocrx_word' id='word_1_442' title='bbox 102 3041 236 3072; x_wconf 76' lang='lat' dir='ltr'>brosius</span> <span class='ocrx_word' id='word_1_443' title='bbox 263 3043 298 3073; x_wconf 88' lang='lat' dir='ltr'>in</span> <span class='ocrx_word' id='word_1_444' title='bbox 325 3039 437 3074; x_wconf 83' lang='lat' dir='ltr'>Tract.</span> <span class='ocrx_word' id='word_1_445' title='bbox 463 3044 506 3076; x_wconf 79' lang='lat' dir='ltr'>de</span> <span class='ocrx_word' id='word_1_446' title='bbox 525 3043 694 3088; x_wconf 70' lang='lat' dir='ltr'>Symbola</span> <span class='ocrx_word' id='word_1_447' title='bbox 721 3057 751 3079; x_wconf 89' lang='lat' dir='ltr'>c.</span> <span class='ocrx_word' id='word_1_448' title='bbox 771 3045 823 3078; x_wconf 77' lang='lat'>16.</span> <span class='ocrx_word' id='word_1_449' title='bbox 849 3051 861 3086; x_wconf 92' lang='lat'>(</span> <span class='ocrx_word' id='word_1_450' title='bbox 885 3047 956 3090; x_wconf 83' lang='lat' dir='ltr'>Qui</span> <span class='ocrx_word' id='word_1_451' title='bbox 982 3055 1099 3079; x_wconf 83' lang='lat' dir='ltr'>tamen</span> <span class='ocrx_word' id='word_1_452' title='bbox 1126 3044 1217 3077; x_wconf 79' lang='lat' dir='ltr'>&#39;Pra-</span> 
     </span>
     <span class='ocr_line' id='line_1_58' title="bbox 102 3084 1219 3136; baseline 0.004 -17"><span class='ocrx_word' id='word_1_453' title='bbox 102 3094 217 3119; x_wconf 82' lang='lat' dir='ltr'>ctatus</span> <span class='ocrx_word' id='word_1_454' title='bbox 242 3084 459 3120; x_wconf 80' lang='lat' dir='ltr'>eruditorum</span> <span class='ocrx_word' id='word_1_455' title='bbox 483 3090 641 3133; x_wconf 87' lang='lat' dir='ltr'>opinione</span> <span class='ocrx_word' id='word_1_456' title='bbox 668 3091 889 3136; x_wconf 81' lang='lat' dir='ltr'>apocryphus</span> <span class='ocrx_word' id='word_1_457' title='bbox 915 3100 966 3126; x_wconf 88' lang='lat' dir='ltr'>est</span> <span class='ocrx_word' id='word_1_458' title='bbox 991 3097 1004 3132; x_wconf 91' lang='lat'>)</span> <span class='ocrx_word' id='word_1_459' title='bbox 1028 3092 1106 3125; x_wconf 91' lang='lat' dir='ltr'>Non</span> <span class='ocrx_word' id='word_1_460' title='bbox 1133 3101 1219 3133; x_wconf 78' lang='lat' dir='ltr'>pau-</span> 
     </span>
     <span class='ocr_line' id='line_1_59' title="bbox 103 3131 1218 3184; baseline 0.002 -19"><span class='ocrx_word' id='word_1_461' title='bbox 103 3132 134 3165; x_wconf 87' lang='lat' dir='ltr'>ci</span> <span class='ocrx_word' id='word_1_462' title='bbox 161 3131 219 3164; x_wconf 83' lang='lat' dir='ltr'>alii</span> <span class='ocrx_word' id='word_1_463' title='bbox 247 3131 413 3177; x_wconf 85' lang='lat' dir='ltr'>Theologi</span> <span class='ocrx_word' id='word_1_464' title='bbox 441 3133 644 3168; x_wconf 75' lang='lat' dir='ltr'>scholastici</span> <span class='ocrx_word' id='word_1_465' title='bbox 671 3145 831 3179; x_wconf 82' lang='lat' dir='ltr'>putantes</span> <span class='ocrx_word' id='word_1_466' title='bbox 853 3138 991 3184; x_wconf 82' lang='lat' dir='ltr'>objecta</span> <span class='ocrx_word' id='word_1_467' title='bbox 1016 3135 1218 3170; x_wconf 84' lang='lat' dir='ltr'>eorumdem</span> 
     </span>
     <span class='ocr_line' id='line_1_60' title="bbox 101 3177 1217 3225; baseline 0.004 -15"><span class='ocrx_word' id='word_1_468' title='bbox 101 3177 246 3212; x_wconf 66' lang='lat' dir='ltr'>Petrum</span> <span class='ocrx_word' id='word_1_469' title='bbox 271 3179 376 3212; x_wconf 73' lang='lat' dir='ltr'>verba</span> <span class='ocrx_word' id='word_1_470' title='bbox 402 3180 497 3213; x_wconf 83' lang='lat' dir='ltr'>nulla</span> <span class='ocrx_word' id='word_1_471' title='bbox 547 3192 622 3213; x_wconf 88' lang='lat' dir='ltr'>osse</span> <span class='ocrx_word' id='word_1_472' title='bbox 647 3183 780 3215; x_wconf 83' lang='lat' dir='ltr'>ratione</span> <span class='ocrx_word' id='word_1_473' title='bbox 804 3185 984 3225; x_wconf 86' lang='lat' dir='ltr'>emolliri,</span> <span class='ocrx_word' id='word_1_474' title='bbox 1019 3184 1063 3218; x_wconf 74' lang='lat' dir='ltr'>ab</span> <span class='ocrx_word' id='word_1_475' title='bbox 1090 3185 1131 3216; x_wconf 84' lang='lat' dir='ltr'>iis</span> <span class='ocrx_word' id='word_1_476' title='bbox 1155 3181 1217 3214; x_wconf 85' lang='lat' dir='ltr'>de-</span> 
     </span>
     <span class='ocr_line' id='line_1_61' title="bbox 98 3192 1039 3274; baseline 0.004 -16"><span class='ocrx_word' id='word_1_477' title='bbox 98 3224 171 3259; x_wconf 78' lang='lat' dir='ltr'>bita</span> <span class='ocrx_word' id='word_1_478' title='bbox 199 3226 392 3258; x_wconf 71' lang='lat' dir='ltr'>reverentia</span> <span class='ocrx_word' id='word_1_479' title='bbox 419 3192 669 3260; x_wconf 59' lang='lat' dir='ltr'>‹liscml&#39;endmn</span> <span class='ocrx_word' id='word_1_480' title='bbox 696 3238 770 3260; x_wconf 83' lang='lat' dir='ltr'>esse</span> <span class='ocrx_word' id='word_1_481' title='bbox 797 3232 1013 3274; x_wconf 84' lang='lat' dir='ltr'>scripserunt</span> <span class='ocrx_word' id='word_1_482' title='bbox 1030 3254 1039 3262; x_wconf 91' lang='lat'>.</span> 
     </span>
    </p>

    <p class='ocr_par' dir='ltr' id='par_1_8' title="bbox 145 3271 1216 3316">
     <span class='ocr_line' id='line_1_62' title="bbox 145 3271 1216 3316; baseline 0.005 -13"><span class='ocrx_word' id='word_1_483' title='bbox 145 3275 193 3310; x_wconf 82' lang='lat' dir='ltr'>(c)</span> <span class='ocrx_word' id='word_1_484' title='bbox 221 3271 458 3316; x_wconf 83' lang='lat' dir='ltr'>Epiphanium</span> <span class='ocrx_word' id='word_1_485' title='bbox 497 3277 599 3306; x_wconf 67' lang='lat' dir='ltr'>virum</span> <span class='ocrx_word' id='word_1_486' title='bbox 635 3273 873 3308; x_wconf 81' lang='lat' dir='ltr'>doctissimum</span> <span class='ocrx_word' id='word_1_487' title='bbox 915 3277 1043 3312; x_wconf 86' lang='lat' dir='ltr'>merito</span> <span class='ocrx_word' id='word_1_488' title='bbox 1077 3273 1216 3311; x_wconf 74' lang='lat' dir='ltr'>vocavit</span> 
     </span>
    </p>
   </div>
   <div class='ocr_carea' id='block_1_4' title="bbox 2249 55 2332 108">
    <p class='ocr_par' dir='ltr' id='par_1_9' title="bbox 2249 55 2332 108">
     <span class='ocr_line' id='line_1_63' title="bbox 2249 55 2332 108; baseline 0.036 -13"><span class='ocrx_word' id='word_1_489' title='bbox 2249 55 2332 108; x_wconf 76' lang='lat'>167</span> 
     </span>
    </p>
   </div>
   <div class='ocr_carea' id='block_1_5' title="bbox 1277 128 2399 874">
    <p class='ocr_par' dir='ltr' id='par_1_10' title="bbox 1277 128 2399 874">
     <span class='ocr_line' id='line_1_64' title="bbox 1284 128 2397 184; baseline 0.003 -16"><span class='ocrx_word' id='word_1_490' title='bbox 1284 131 1360 182; x_wconf 79' lang='lat' dir='ltr'>pati</span> <span class='ocrx_word' id='word_1_491' title='bbox 1379 161 1390 178; x_wconf 89' lang='lat'>,</span> <span class='ocrx_word' id='word_1_492' title='bbox 1421 128 1453 166; x_wconf 79' lang='grc'>8(</span> <span class='ocrx_word' id='word_1_493' title='bbox 1474 132 1570 169; x_wconf 86' lang='lat' dir='ltr'>mori</span> <span class='ocrx_word' id='word_1_494' title='bbox 1592 142 1740 183; x_wconf 80' lang='lat' dir='ltr'>posset.</span> <span class='ocrx_word' id='word_1_495' title='bbox 1770 128 2014 184; x_wconf 75' lang='lat' dir='ltr'>Epiphanius</span> <span class='ocrx_word' id='word_1_496' title='bbox 2033 129 2190 183; x_wconf 78' lang='lat' dir='ltr'>quidem</span> <span class='ocrx_word' id='word_1_497' title='bbox 2219 129 2397 184; x_wconf 75' lang='lat' dir='ltr'>aliquan-</span> 
     </span>
     <span class='ocr_line' id='line_1_65' title="bbox 1281 183 2399 235; baseline 0.003 -15"><span class='ocrx_word' id='word_1_498' title='bbox 1281 192 1318 220; x_wconf 85' lang='lat' dir='ltr'>to</span> <span class='ocrx_word' id='word_1_499' title='bbox 1345 184 1543 222; x_wconf 80' lang='lat' dir='ltr'>obscurius</span> <span class='ocrx_word' id='word_1_500' title='bbox 1572 183 1767 235; x_wconf 86' lang='lat' dir='ltr'>loquitur,</span> <span class='ocrx_word' id='word_1_501' title='bbox 1807 184 1890 235; x_wconf 72' lang='lat' dir='ltr'>ejus</span> <span class='ocrx_word' id='word_1_502' title='bbox 1919 196 2045 223; x_wconf 84' lang='lat' dir='ltr'>tamen</span> <span class='ocrx_word' id='word_1_503' title='bbox 2074 186 2246 222; x_wconf 81' lang='lat' dir='ltr'>doctrina</span> <span class='ocrx_word' id='word_1_504' title='bbox 2273 185 2399 224; x_wconf 90' lang='lat' dir='ltr'>ortho-</span> 
     </span>
     <span class='ocr_line' id='line_1_66' title="bbox 1281 235 2396 287; baseline 0.004 -15"><span class='ocrx_word' id='word_1_505' title='bbox 1281 235 1379 273; x_wconf 80' lang='lat' dir='ltr'>doxa</span> <span class='ocrx_word' id='word_1_506' title='bbox 1409 245 1460 273; x_wconf 82' lang='lat' dir='ltr'>est</span> <span class='ocrx_word' id='word_1_507' title='bbox 1491 237 1579 285; x_wconf 83' lang='lat' dir='ltr'>(c).</span> <span class='ocrx_word' id='word_1_508' title='bbox 1615 236 1770 274; x_wconf 75' lang='lat' dir='ltr'>Etenim</span> <span class='ocrx_word' id='word_1_509' title='bbox 1800 237 1832 273; x_wconf 76' lang='grc' dir='ltr'>ἅ</span> <span class='ocrx_word' id='word_1_510' title='bbox 1863 251 1906 275; x_wconf 80' lang='lat' dir='ltr'>ex</span> <span class='ocrx_word' id='word_1_511' title='bbox 1937 237 2020 287; x_wconf 85' lang='lat' dir='ltr'>ejus</span> <span class='ocrx_word' id='word_1_512' title='bbox 2048 247 2220 276; x_wconf 78' lang='lat' dir='ltr'>contextu</span> <span class='ocrx_word' id='word_1_513' title='bbox 2243 268 2254 287; x_wconf 89' lang='lat'>‚</span> <span class='ocrx_word' id='word_1_514' title='bbox 2284 238 2318 275; x_wconf 79' lang='lat' dir='ltr'>8t</span> <span class='ocrx_word' id='word_1_515' title='bbox 2348 250 2396 277; x_wconf 75' lang='lat' dir='ltr'>et</span> 
     </span>
     <span class='ocr_line' id='line_1_67' title="bbox 1282 287 2395 343; baseline 0.005 -19"><span class='ocrx_word' id='word_1_516' title='bbox 1282 288 1367 326; x_wconf 75' lang='lat' dir='ltr'>aliis</span> <span class='ocrx_word' id='word_1_517' title='bbox 1395 287 1567 338; x_wconf 75' lang='lat' dir='ltr'>ejusdem</span> <span class='ocrx_word' id='word_1_518' title='bbox 1596 288 1637 325; x_wconf 85' lang='lat' dir='ltr'>S.</span> <span class='ocrx_word' id='word_1_519' title='bbox 1659 288 1780 328; x_wconf 67' lang='lat' dir='ltr'>Patri!</span> <span class='ocrx_word' id='word_1_520' title='bbox 1808 291 1932 329; x_wconf 82' lang='lat' dir='ltr'>verbis</span> <span class='ocrx_word' id='word_1_521' title='bbox 1960 290 2108 343; x_wconf 85' lang='lat' dir='ltr'>liquido</span> <span class='ocrx_word' id='word_1_522' title='bbox 2135 299 2306 340; x_wconf 79' lang='lat' dir='ltr'>constat,</span> <span class='ocrx_word' id='word_1_523' title='bbox 2335 293 2395 330; x_wconf 84' lang='lat' dir='ltr'>ni·-</span> 
     </span>
     <span class='ocr_line' id='line_1_68' title="bbox 1282 339 2397 396; baseline 0.006 -20"><span class='ocrx_word' id='word_1_524' title='bbox 1282 339 1338 377; x_wconf 87' lang='lat' dir='ltr'>hil</span> <span class='ocrx_word' id='word_1_525' title='bbox 1369 339 1474 378; x_wconf 80' lang='lat' dir='ltr'>aliud</span> <span class='ocrx_word' id='word_1_526' title='bbox 1505 341 1668 379; x_wconf 82' lang='lat' dir='ltr'>voluisse</span> <span class='ocrx_word' id='word_1_527' title='bbox 1688 344 1924 394; x_wconf 79' lang='lat' dir='ltr'>exprimere,</span> <span class='ocrx_word' id='word_1_528' title='bbox 1952 358 2070 396; x_wconf 83' lang='lat' dir='ltr'>quam</span> <span class='ocrx_word' id='word_1_529' title='bbox 2100 345 2397 383; x_wconf 81' lang='lat' dir='ltr'>subtractionem</span> 
     </span>
     <span class='ocr_line' id='line_1_69' title="bbox 1280 392 2397 450; baseline 0.004 -20"><span class='ocrx_word' id='word_1_530' title='bbox 1280 392 1425 431; x_wconf 78' lang='lat' dir='ltr'>‹livinae</span> <span class='ocrx_word' id='word_1_531' title='bbox 1455 394 1700 446; x_wconf 86' lang='lat' dir='ltr'>protectionis</span> <span class='ocrx_word' id='word_1_532' title='bbox 1728 411 1749 432; x_wconf 80' lang='lat' dir='ltr'>a</span> <span class='ocrx_word' id='word_1_533' title='bbox 1777 397 1916 434; x_wconf 82' lang='lat' dir='ltr'>Christi</span> <span class='ocrx_word' id='word_1_534' title='bbox 1947 397 2182 435; x_wconf 77' lang='lat' dir='ltr'>humanitate</span> <span class='ocrx_word' id='word_1_535' title='bbox 2200 426 2212 444; x_wconf 89' lang='lat'>‚</span> <span class='ocrx_word' id='word_1_536' title='bbox 2260 407 2300 434; x_wconf 87' lang='lat' dir='ltr'>ut</span> <span class='ocrx_word' id='word_1_537' title='bbox 2328 413 2397 450; x_wconf 81' lang='lat' dir='ltr'>pa-</span> 
     </span>
     <span class='ocr_line' id='line_1_70' title="bbox 1280 445 2397 502; baseline 0.005 -20"><span class='ocrx_word' id='word_1_538' title='bbox 1280 447 1335 494; x_wconf 91' lang='lat' dir='ltr'>ti,</span> <span class='ocrx_word' id='word_1_539' title='bbox 1366 445 1400 482; x_wconf 85' lang='lat'>&amp;</span> <span class='ocrx_word' id='word_1_540' title='bbox 1429 449 1527 485; x_wconf 89' lang='lat' dir='ltr'>mori</span> <span class='ocrx_word' id='word_1_541' title='bbox 1609 458 1677 486; x_wconf 83' lang='lat' dir='ltr'>sset</span> <span class='ocrx_word' id='word_1_542' title='bbox 1695 474 1705 485; x_wconf 88' lang='lat'>.</span> <span class='ocrx_word' id='word_1_543' title='bbox 1749 447 1895 487; x_wconf 82' lang='lat' dir='ltr'>Ibidem</span> <span class='ocrx_word' id='word_1_544' title='bbox 1924 452 2027 488; x_wconf 82' lang='lat' dir='ltr'>euim</span> <span class='ocrx_word' id='word_1_545' title='bbox 2058 449 2173 502; x_wconf 82' lang='lat' dir='ltr'>paulo</span> <span class='ocrx_word' id='word_1_546' title='bbox 2202 458 2311 488; x_wconf 74' lang='lat' dir='ltr'>antea</span> <span class='ocrx_word' id='word_1_547' title='bbox 2338 451 2397 488; x_wconf 90' lang='lat' dir='ltr'>di-</span> 
     </span>
     <span class='ocr_line' id='line_1_71' title="bbox 1280 462 2397 554; baseline 0.004 -18"><span class='ocrx_word' id='word_1_548' title='bbox 1280 508 1411 548; x_wconf 80' lang='lat' dir='ltr'>xerat,</span> <span class='ocrx_word' id='word_1_549' title='bbox 1433 530 1459 548; x_wconf 83' lang='lat'><strong>„</strong></span> <span class='ocrx_word' id='word_1_550' title='bbox 1481 514 1525 539; x_wconf 86' lang='lat' dir='ltr'>ex</span> <span class='ocrx_word' id='word_1_551' title='bbox 1557 462 1720 540; x_wconf 57' lang='lat' dir='ltr'>ligurini,</span> <span class='ocrx_word' id='word_1_552' title='bbox 1750 515 1932 554; x_wconf 76' lang='lat' dir='ltr'>persona,</span> <span class='ocrx_word' id='word_1_553' title='bbox 1962 514 2077 553; x_wconf 71' lang='lat' dir='ltr'>usque</span> <span class='ocrx_word' id='word_1_554' title='bbox 2108 502 2283 541; x_wconf 74' lang='lat' dir='ltr'>humano</span> <span class='ocrx_word' id='word_1_555' title='bbox 2311 515 2397 540; x_wconf 87' lang='lat' dir='ltr'>mo·</span> 
     </span>
     <span class='ocr_line' id='line_1_72' title="bbox 1281 551 2398 603; baseline 0.005 -13"><span class='ocrx_word' id='word_1_556' title='bbox 1281 583 1306 601; x_wconf 91' lang='lat'>„</span> <span class='ocrx_word' id='word_1_557' title='bbox 1336 567 1379 590; x_wconf 82' lang='lat' dir='ltr'>re</span> <span class='ocrx_word' id='word_1_558' title='bbox 1397 584 1407 601; x_wconf 78' lang='lat'>‚</span> <span class='ocrx_word' id='word_1_559' title='bbox 1435 555 1486 594; x_wconf 62' lang='grc' dir='ltr'>ζ’)</span> <span class='ocrx_word' id='word_1_560' title='bbox 1513 551 1666 603; x_wconf 72' lang='lat' dir='ltr'>affectu</span> <span class='ocrx_word' id='word_1_561' title='bbox 1696 569 1784 593; x_wconf 81' lang='lat' dir='ltr'>usur</span> <span class='ocrx_word' id='word_1_562' title='bbox 1814 565 1917 593; x_wconf 81' lang='lat' dir='ltr'>atum</span> <span class='ocrx_word' id='word_1_563' title='bbox 1948 555 2047 593; x_wconf 87' lang='lat' dir='ltr'>huuc</span> <span class='ocrx_word' id='word_1_564' title='bbox 2076 571 2152 594; x_wconf 73' lang='lat' dir='ltr'>esse</span> <span class='ocrx_word' id='word_1_565' title='bbox 2182 569 2398 596; x_wconf 75' lang='lat' dir='ltr'>sermonem</span> 
     </span>
     <span class='ocr_line' id='line_1_73' title="bbox 1281 571 2396 662; baseline 0.004 -18"><span class='ocrx_word' id='word_1_566' title='bbox 1281 636 1307 654; x_wconf 89' lang='lat'>„</span> <span class='ocrx_word' id='word_1_567' title='bbox 1336 606 1468 654; x_wconf 84' lang='lat' dir='ltr'>Deus,</span> <span class='ocrx_word' id='word_1_568' title='bbox 1497 605 1608 645; x_wconf 76' lang='lat' dir='ltr'>Deus</span> <span class='ocrx_word' id='word_1_569' title='bbox 1638 622 1750 646; x_wconf 83' lang='lat' dir='ltr'>meus</span> <span class='ocrx_word' id='word_1_570' title='bbox 1780 571 1851 647; x_wconf 57' lang='lat' dir='ltr'>gc.</span> <span class='ocrx_word' id='word_1_571' title='bbox 1872 613 1898 630; x_wconf 69' lang='lat'>‘⁴</span> <span class='ocrx_word' id='word_1_572' title='bbox 1916 623 1923 645; x_wconf 89' lang='grc'>;</span> <span class='ocrx_word' id='word_1_573' title='bbox 1944 608 2087 647; x_wconf 81' lang='lat' dir='ltr'>scilicet</span> <span class='ocrx_word' id='word_1_574' title='bbox 2116 623 2187 646; x_wconf 82' lang='lat' dir='ltr'>nou</span> <span class='ocrx_word' id='word_1_575' title='bbox 2215 611 2326 662; x_wconf 81' lang='lat' dir='ltr'>quasi</span> <span class='ocrx_word' id='word_1_576' title='bbox 2355 624 2396 648; x_wconf 74' lang='lat' dir='ltr'>a·</span> 
     </span>
     <span class='ocr_line' id='line_1_74' title="bbox 1279 659 2394 716; baseline 0.004 -20"><span class='ocrx_word' id='word_1_577' title='bbox 1279 659 1399 698; x_wconf 85' lang='lat' dir='ltr'>besset</span> <span class='ocrx_word' id='word_1_578' title='bbox 1436 661 1640 710; x_wconf 81' lang='lat' dir='ltr'>diviuitas,</span> <span class='ocrx_word' id='word_1_579' title='bbox 1679 672 1717 699; x_wconf 87' lang='lat' dir='ltr'>ut</span> <span class='ocrx_word' id='word_1_580' title='bbox 1747 661 2066 714; x_wconf 76' lang='lat' dir='ltr'>blasphemabant</span> <span class='ocrx_word' id='word_1_581' title='bbox 2099 663 2255 709; x_wconf 71' lang='lat' dir='ltr'>Ariani,</span> <span class='ocrx_word' id='word_1_582' title='bbox 2296 676 2394 716; x_wconf 72' lang='lat' dir='ltr'>quos</span> 
     </span>
     <span class='ocr_line' id='line_1_75' title="bbox 1280 712 2392 770; baseline 0.004 -20"><span class='ocrx_word' id='word_1_583' title='bbox 1280 713 1335 750; x_wconf 79' lang='lat' dir='ltr'>ibi</span> <span class='ocrx_word' id='word_1_584' title='bbox 1367 712 1533 762; x_wconf 80' lang='lat' dir='ltr'>refellit,</span> <span class='ocrx_word' id='word_1_585' title='bbox 1570 716 1634 753; x_wconf 81' lang='lat' dir='ltr'>sed</span> <span class='ocrx_word' id='word_1_586' title='bbox 1664 714 1834 753; x_wconf 74' lang='lat' dir='ltr'>hunuano</span> <span class='ocrx_word' id='word_1_587' title='bbox 1863 730 1993 762; x_wconf 85' lang='lat' dir='ltr'>ruore,</span> <span class='ocrx_word' id='word_1_588' title='bbox 2036 725 2147 770; x_wconf 86' lang='lat' dir='ltr'>atque</span> <span class='ocrx_word' id='word_1_589' title='bbox 2177 714 2316 755; x_wconf 76' lang='lat' dir='ltr'>affectu</span> <span class='ocrx_word' id='word_1_590' title='bbox 2344 729 2392 754; x_wconf 77' lang='lat' dir='ltr'>ex</span> 
     </span>
     <span class='ocr_line' id='line_1_76' title="bbox 1278 763 2397 813; baseline 0.004 -10"><span class='ocrx_word' id='word_1_591' title='bbox 1278 763 1513 804; x_wconf 72' lang='lat' dir='ltr'>humanitate</span> <span class='ocrx_word' id='word_1_592' title='bbox 1541 778 1647 813; x_wconf 86' lang='lat' dir='ltr'>orto;</span> <span class='ocrx_word' id='word_1_593' title='bbox 1678 770 1777 806; x_wconf 86' lang='lat' dir='ltr'>uude</span> <span class='ocrx_word' id='word_1_594' title='bbox 1807 771 1919 806; x_wconf 75' lang='lat' dir='ltr'>etiam</span> <span class='ocrx_word' id='word_1_595' title='bbox 1943 771 1992 807; x_wconf 72' lang='lat' dir='ltr'>ita</span> <span class='ocrx_word' id='word_1_596' title='bbox 2008 769 2221 808; x_wconf 82' lang='lat' dir='ltr'>concludit:</span> <span class='ocrx_word' id='word_1_597' title='bbox 2253 768 2397 808; x_wconf 73' lang='lat' dir='ltr'>Restat</span> 
     </span>
     <span class='ocr_line' id='line_1_77' title="bbox 1277 820 2397 874; baseline 0.004 -18"><span class='ocrx_word' id='word_1_598' title='bbox 1277 823 1421 872; x_wconf 77' lang='lat' dir='ltr'>igitur,</span> <span class='ocrx_word' id='word_1_599' title='bbox 1459 830 1499 857; x_wconf 83' lang='lat' dir='ltr'>ut</span> <span class='ocrx_word' id='word_1_600' title='bbox 1528 834 1580 858; x_wconf 80' lang='lat' dir='ltr'>ex</span> <span class='ocrx_word' id='word_1_601' title='bbox 1610 820 1802 859; x_wconf 77' lang='lat' dir='ltr'>liumanoe</span> <span class='ocrx_word' id='word_1_602' title='bbox 1831 832 1989 859; x_wconf 75' lang='lat' dir='ltr'>nizturae</span> <span class='ocrx_word' id='word_1_603' title='bbox 2017 835 2208 872; x_wconf 77' lang='lat' dir='ltr'>persona,</span> <span class='ocrx_word' id='word_1_604' title='bbox 2252 824 2301 863; x_wconf 70' lang='grc'>(9·</span> <span class='ocrx_word' id='word_1_605' title='bbox 2330 820 2397 874; x_wconf 83' lang='lat' dir='ltr'>af-</span> 
     </span>
    </p>
   </div>
   <div class='ocr_carea' id='block_1_6' title="bbox 1266 873 2333 925">
    <p class='ocr_par' dir='ltr' id='par_1_11' title="bbox 1266 873 2333 925">
     <span class='ocr_line' id='line_1_78' title="bbox 1266 873 2333 925; baseline 0.004 -15"><span class='ocrx_word' id='word_1_606' title='bbox 1266 874 1386 925; x_wconf 72' lang='lat' dir='ltr'>jectu</span> <span class='ocrx_word' id='word_1_607' title='bbox 1414 873 1587 925; x_wconf 56' lang='lat' dir='ltr'>quozlam</span> <span class='ocrx_word' id='word_1_608' title='bbox 1618 874 1795 912; x_wconf 71' lang='lat' dir='ltr'>humano</span> <span class='ocrx_word' id='word_1_609' title='bbox 1825 873 1974 913; x_wconf 69' lang='lat' dir='ltr'>elicium</span> <span class='ocrx_word' id='word_1_610' title='bbox 2005 876 2098 914; x_wconf 63' lang='lat' dir='ltr'>illul</span> <span class='ocrx_word' id='word_1_611' title='bbox 2126 875 2333 914; x_wconf 65' lang='lat' dir='ltr'>rideatur.</span> 
     </span>
    </p>
   </div>
   <div class='ocr_carea' id='block_1_7' title="bbox 1277 927 2404 2045">
    <p class='ocr_par' dir='ltr' id='par_1_12' title="bbox 1277 927 2401 1563">
     <span class='ocr_line' id='line_1_79' title="bbox 1332 927 2398 981; baseline 0.004 -17"><span class='ocrx_word' id='word_1_612' title='bbox 1332 927 1426 973; x_wconf 75' lang='grc'>481.</span> <span class='ocrx_word' id='word_1_613' title='bbox 1457 928 1564 967; x_wconf 88' lang='lat' dir='ltr'>Hanc</span> <span class='ocrx_word' id='word_1_614' title='bbox 1594 939 1757 966; x_wconf 82' lang='lat' dir='ltr'>nostram</span> <span class='ocrx_word' id='word_1_615' title='bbox 1802 929 2007 966; x_wconf 86' lang='lat' dir='ltr'>verborum</span> <span class='ocrx_word' id='word_1_616' title='bbox 2037 929 2246 981; x_wconf 79' lang='lat' dir='ltr'>Epiphanii</span> <span class='ocrx_word' id='word_1_617' title='bbox 2281 931 2398 968; x_wconf 83' lang='lat' dir='ltr'>inter-</span> 
     </span>
     <span class='ocr_line' id='line_1_80' title="bbox 1277 982 2398 1035; baseline 0.004 -17"><span class='ocrx_word' id='word_1_618' title='bbox 1277 983 1524 1033; x_wconf 73' lang='lat' dir='ltr'>pretationem</span> <span class='ocrx_word' id='word_1_619' title='bbox 1556 995 1754 1034; x_wconf 77' lang='lat' dir='ltr'>possumus</span> <span class='ocrx_word' id='word_1_620' title='bbox 1784 995 1828 1019; x_wconf 86' lang='lat' dir='ltr'>ex</span> <span class='ocrx_word' id='word_1_621' title='bbox 1849 982 2042 1020; x_wconf 84' lang='lat' dir='ltr'>similibus</span> <span class='ocrx_word' id='word_1_622' title='bbox 2063 982 2177 1035; x_wconf 78' lang='lat' dir='ltr'>plane</span> <span class='ocrx_word' id='word_1_623' title='bbox 2206 982 2335 1022; x_wconf 83' lang='lat' dir='ltr'>verbis</span> <span class='ocrx_word' id='word_1_624' title='bbox 2354 982 2398 1022; x_wconf 78' lang='lat' dir='ltr'>S·</span> 
     </span>
     <span class='ocr_line' id='line_1_81' title="bbox 1279 1034 2398 1087; baseline 0.004 -16"><span class='ocrx_word' id='word_1_625' title='bbox 1279 1034 1470 1073; x_wconf 76' lang='lat' dir='ltr'>Ambrosii</span> <span class='ocrx_word' id='word_1_626' title='bbox 1502 1034 1717 1084; x_wconf 81' lang='lat' dir='ltr'>illustrare,</span> <span class='ocrx_word' id='word_1_627' title='bbox 1759 1036 1827 1087; x_wconf 85' lang='lat' dir='ltr'>qui</span> <span class='ocrx_word' id='word_1_628' title='bbox 1859 1037 1897 1074; x_wconf 94' lang='lat' dir='ltr'>iu</span> <span class='ocrx_word' id='word_1_629' title='bbox 1927 1034 2069 1074; x_wconf 73' lang='lat' dir='ltr'>Psalm.</span> <span class='ocrx_word' id='word_1_630' title='bbox 2090 1034 2233 1075; x_wconf 82' lang='lat' dir='ltr'><strong>XLIII.</strong></span> <span class='ocrx_word' id='word_1_631' title='bbox 2263 1043 2300 1075; x_wconf 77' lang='grc' dir='ltr'>η’.</span> <span class='ocrx_word' id='word_1_632' title='bbox 2332 1036 2398 1076; x_wconf 78' lang='lat'>51.</span> 
     </span>
     <span class='ocr_line' id='line_1_82' title="bbox 1279 1086 2398 1141; baseline 0.003 -16"><span class='ocrx_word' id='word_1_633' title='bbox 1279 1115 1305 1136; x_wconf 83' lang='lat'>‚,</span> <span class='ocrx_word' id='word_1_634' title='bbox 1336 1086 1436 1126; x_wconf 86' lang='lat' dir='ltr'>Illud</span> <span class='ocrx_word' id='word_1_635' title='bbox 1454 1118 1464 1136; x_wconf 89' lang='lat'><strong>‚</strong></span> <span class='ocrx_word' id='word_1_636' title='bbox 1496 1091 1620 1141; x_wconf 90' lang='lat' dir='ltr'>inquit</span> <span class='ocrx_word' id='word_1_637' title='bbox 1639 1119 1648 1134; x_wconf 85' lang='lat'>‚</span> <span class='ocrx_word' id='word_1_638' title='bbox 1679 1090 1780 1141; x_wconf 75' lang='lat' dir='ltr'>quod</span> <span class='ocrx_word' id='word_1_639' title='bbox 1800 1089 2007 1127; x_wconf 81' lang='lat' dir='ltr'>secuudum</span> <span class='ocrx_word' id='word_1_640' title='bbox 2027 1089 2220 1128; x_wconf 87' lang='lat' dir='ltr'>homiuem</span> <span class='ocrx_word' id='word_1_641' title='bbox 2250 1090 2398 1128; x_wconf 79' lang='lat' dir='ltr'>dictum</span> 
     </span>
     <span class='ocr_line' id='line_1_83' title="bbox 1278 1141 2401 1190; baseline 0.003 -12"><span class='ocrx_word' id='word_1_642' title='bbox 1278 1169 1304 1190; x_wconf 84' lang='lat'>‚‚</span> <span class='ocrx_word' id='word_1_643' title='bbox 1336 1150 1415 1190; x_wconf 88' lang='lat' dir='ltr'>est,</span> <span class='ocrx_word' id='word_1_644' title='bbox 1458 1141 1492 1178; x_wconf 78' lang='grc'>8(</span> <span class='ocrx_word' id='word_1_645' title='bbox 1523 1142 1690 1180; x_wconf 86' lang='lat' dir='ltr'>hominis</span> <span class='ocrx_word' id='word_1_646' title='bbox 1721 1141 1901 1179; x_wconf 81' lang='lat' dir='ltr'>affectum</span> <span class='ocrx_word' id='word_1_647' title='bbox 1920 1172 1930 1190; x_wconf 85' lang='lat'>‚</span> <span class='ocrx_word' id='word_1_648' title='bbox 1973 1141 2064 1180; x_wconf 86' lang='lat' dir='ltr'>huic</span> <span class='ocrx_word' id='word_1_649' title='bbox 2100 1145 2291 1181; x_wconf 73' lang='lat' dir='ltr'>sententiae</span> <span class='ocrx_word' id='word_1_650' title='bbox 2320 1155 2401 1181; x_wconf 72' lang='lat' dir='ltr'>non</span> 
     </span>
     <span class='ocr_line' id='line_1_84' title="bbox 1280 1194 2400 1247; baseline 0.002 -15"><span class='ocrx_word' id='word_1_651' title='bbox 1280 1223 1306 1243; x_wconf 84' lang='lat'>‚,</span> <span class='ocrx_word' id='word_1_652' title='bbox 1336 1204 1554 1247; x_wconf 83' lang='lat' dir='ltr'>repugnat,</span> <span class='ocrx_word' id='word_1_653' title='bbox 1595 1197 1687 1247; x_wconf 85' lang='lat' dir='ltr'>quia</span> <span class='ocrx_word' id='word_1_654' title='bbox 1728 1195 1826 1233; x_wconf 83' lang='lat' dir='ltr'>dixit</span> <span class='ocrx_word' id='word_1_655' title='bbox 1856 1194 2068 1233; x_wconf 86' lang='lat' dir='ltr'>Dominus:</span> <span class='ocrx_word' id='word_1_656' title='bbox 2112 1194 2250 1242; x_wconf 77' lang='lat' dir='ltr'>Deus,</span> <span class='ocrx_word' id='word_1_657' title='bbox 2287 1194 2400 1234; x_wconf 86' lang='lat' dir='ltr'>Deus</span> 
     </span>
     <span class='ocr_line' id='line_1_85' title="bbox 1280 1246 2399 1300; baseline -0.002 -15"><span class='ocrx_word' id='word_1_658' title='bbox 1280 1277 1306 1296; x_wconf 88' lang='lat'>,‚</span> <span class='ocrx_word' id='word_1_659' title='bbox 1337 1261 1450 1286; x_wconf 83' lang='lat' dir='ltr'>meus</span> <span class='ocrx_word' id='word_1_660' title='bbox 1471 1279 1481 1296; x_wconf 90' lang='lat'>,</span> <span class='ocrx_word' id='word_1_661' title='bbox 1510 1252 1661 1300; x_wconf 78' lang='lat' dir='ltr'>respice</span> <span class='ocrx_word' id='word_1_662' title='bbox 1690 1252 1731 1286; x_wconf 81' lang='lat' dir='ltr'>in</span> <span class='ocrx_word' id='word_1_663' title='bbox 1763 1262 1854 1295; x_wconf 87' lang='lat' dir='ltr'>me,</span> <span class='ocrx_word' id='word_1_664' title='bbox 1885 1261 2008 1298; x_wconf 74' lang='lat' dir='ltr'>quare</span> <span class='ocrx_word' id='word_1_665' title='bbox 2038 1261 2103 1286; x_wconf 82' lang='lat' dir='ltr'>me</span> <span class='ocrx_word' id='word_1_666' title='bbox 2118 1247 2357 1299; x_wconf 75' lang='lat' dir='ltr'>dereliquisti</span> <span class='ocrx_word' id='word_1_667' title='bbox 2375 1246 2399 1283; x_wconf 74' lang='lat'>,³</span> 
     </span>
     <span class='ocr_line' id='line_1_86' title="bbox 1281 1300 2399 1355; baseline -0.002 -15"><span class='ocrx_word' id='word_1_668' title='bbox 1281 1330 1307 1349; x_wconf 85' lang='lat'>‚‚</span> <span class='ocrx_word' id='word_1_669' title='bbox 1338 1300 1422 1340; x_wconf 73' lang='lat' dir='ltr'>Non</span> <span class='ocrx_word' id='word_1_670' title='bbox 1451 1303 1550 1355; x_wconf 90' lang='lat' dir='ltr'>quod</span> <span class='ocrx_word' id='word_1_671' title='bbox 1580 1301 1785 1340; x_wconf 85' lang='lat' dir='ltr'>derelictus</span> <span class='ocrx_word' id='word_1_672' title='bbox 1805 1303 1849 1340; x_wconf 87' lang='lat' dir='ltr'>sit</span> <span class='ocrx_word' id='word_1_673' title='bbox 1866 1301 2055 1340; x_wconf 83' lang='lat' dir='ltr'>Dominus</span> <span class='ocrx_word' id='word_1_674' title='bbox 2073 1333 2083 1350; x_wconf 89' lang='lat'>‚</span> <span class='ocrx_word' id='word_1_675' title='bbox 2114 1305 2182 1354; x_wconf 87' lang='lat' dir='ltr'>qui</span> <span class='ocrx_word' id='word_1_676' title='bbox 2211 1301 2307 1340; x_wconf 74' lang='lat' dir='ltr'>alibi</span> <span class='ocrx_word' id='word_1_677' title='bbox 2327 1300 2399 1340; x_wconf 83' lang='lat' dir='ltr'>ait:</span> 
     </span>
     <span class='ocr_line' id='line_1_87' title="bbox 1282 1354 2401 1406; baseline 0 -14"><span class='ocrx_word' id='word_1_678' title='bbox 1282 1385 1307 1403; x_wconf 85' lang='grc'>,,</span> <span class='ocrx_word' id='word_1_679' title='bbox 1342 1355 1545 1405; x_wconf 78' lang='lat' dir='ltr'>Quoniam</span> <span class='ocrx_word' id='word_1_680' title='bbox 1575 1357 1679 1394; x_wconf 84' lang='lat' dir='ltr'>solus</span> <span class='ocrx_word' id='word_1_681' title='bbox 1707 1369 1790 1393; x_wconf 81' lang='lat' dir='ltr'>non</span> <span class='ocrx_word' id='word_1_682' title='bbox 1818 1368 1932 1403; x_wconf 86' lang='lat' dir='ltr'>sum,</span> <span class='ocrx_word' id='word_1_683' title='bbox 1961 1359 2055 1406; x_wconf 81' lang='lat' dir='ltr'>quia</span> <span class='ocrx_word' id='word_1_684' title='bbox 2085 1354 2209 1393; x_wconf 68' lang='lat' dir='ltr'>Pater</span> <span class='ocrx_word' id='word_1_685' title='bbox 2234 1366 2401 1393; x_wconf 82' lang='lat' dir='ltr'>mecum</span> 
     </span>
     <span class='ocr_line' id='line_1_88' title="bbox 1282 1407 2399 1462; baseline -0.003 -15"><span class='ocrx_word' id='word_1_686' title='bbox 1282 1436 1308 1456; x_wconf 90' lang='lat'><strong>„</strong></span> <span class='ocrx_word' id='word_1_687' title='bbox 1336 1418 1425 1453; x_wconf 70' lang='grc' dir='ltr'><em>εει,-</em></span> <span class='ocrx_word' id='word_1_688' title='bbox 1463 1409 1528 1447; x_wconf 88' lang='lat' dir='ltr'>sed</span> <span class='ocrx_word' id='word_1_689' title='bbox 1557 1411 1650 1462; x_wconf 85' lang='lat' dir='ltr'>quia</span> <span class='ocrx_word' id='word_1_690' title='bbox 1678 1407 1895 1447; x_wconf 77' lang='lat' dir='ltr'>secundum</span> <span class='ocrx_word' id='word_1_691' title='bbox 1926 1420 2094 1446; x_wconf 76' lang='lat' dir='ltr'>carnem</span> <span class='ocrx_word' id='word_1_692' title='bbox 2123 1408 2318 1455; x_wconf 84' lang='lat' dir='ltr'>hominis,</span> <span class='ocrx_word' id='word_1_693' title='bbox 2347 1408 2399 1449; x_wconf 67' lang='lat' dir='ltr'>(J</span> 
     </span>
     <span class='ocr_line' id='line_1_89' title="bbox 1282 1460 2400 1515; baseline 0 -16"><span class='ocrx_word' id='word_1_694' title='bbox 1282 1490 1309 1509; x_wconf 84' lang='lat'>„</span> <span class='ocrx_word' id='word_1_695' title='bbox 1338 1460 1531 1511; x_wconf 81' lang='lat' dir='ltr'>affectum</span> <span class='ocrx_word' id='word_1_696' title='bbox 1549 1491 1560 1509; x_wconf 86' lang='lat'>,</span> <span class='ocrx_word' id='word_1_697' title='bbox 1596 1464 1667 1515; x_wconf 89' lang='lat' dir='ltr'>qui</span> <span class='ocrx_word' id='word_1_698' title='bbox 1698 1464 1736 1501; x_wconf 89' lang='lat' dir='ltr'>in</span> <span class='ocrx_word' id='word_1_699' title='bbox 1767 1463 1974 1501; x_wconf 86' lang='lat' dir='ltr'>certamine</span> <span class='ocrx_word' id='word_1_700' title='bbox 2003 1463 2111 1513; x_wconf 79' lang='lat' dir='ltr'>gravi</span> <span class='ocrx_word' id='word_1_701' title='bbox 2139 1471 2189 1499; x_wconf 79' lang='lat' dir='ltr'>est</span> <span class='ocrx_word' id='word_1_702' title='bbox 2219 1462 2400 1501; x_wconf 77' lang='lat' dir='ltr'>coustitu-</span> 
     </span>
     <span class='ocr_line' id='line_1_90' title="bbox 1282 1514 2174 1563; baseline -0.001 -10"><span class='ocrx_word' id='word_1_703' title='bbox 1282 1543 1308 1562; x_wconf 84' lang='lat'>‚‚</span> <span class='ocrx_word' id='word_1_704' title='bbox 1339 1525 1395 1553; x_wconf 87' lang='lat' dir='ltr'>tus</span> <span class='ocrx_word' id='word_1_705' title='bbox 1412 1545 1424 1563; x_wconf 84' lang='lat'>,</span> <span class='ocrx_word' id='word_1_706' title='bbox 1452 1514 1659 1554; x_wconf 76' lang='lat' dir='ltr'>derelictus</span> <span class='ocrx_word' id='word_1_707' title='bbox 1689 1515 1838 1554; x_wconf 75' lang='lat' dir='ltr'>videtur</span> <span class='ocrx_word' id='word_1_708' title='bbox 1865 1529 1894 1553; x_wconf 84' lang='lat' dir='ltr'><strong><em>a</em></strong></span> <span class='ocrx_word' id='word_1_709' title='bbox 1923 1514 2126 1552; x_wconf 78' lang='lat' dir='ltr'>Domino.</span> <span class='ocrx_word' id='word_1_710' title='bbox 2148 1517 2174 1536; x_wconf 88' lang='lat'><strong>“</strong></span> 
     </span>
    </p>

    <p class='ocr_par' dir='ltr' id='par_1_13' title="bbox 1283 1567 2404 2045">
     <span class='ocr_line' id='line_1_91' title="bbox 1337 1567 2404 1620; baseline -0.001 -13"><span class='ocrx_word' id='word_1_711' title='bbox 1337 1569 1430 1615; x_wconf 68' lang='lat'><strong>482.</strong></span> <span class='ocrx_word' id='word_1_712' title='bbox 1461 1569 1606 1607; x_wconf 87' lang='lat' dir='ltr'>Verum</span> <span class='ocrx_word' id='word_1_713' title='bbox 1635 1569 1883 1607; x_wconf 85' lang='lat' dir='ltr'>orthodoxam</span> <span class='ocrx_word' id='word_1_714' title='bbox 1903 1567 1945 1606; x_wconf 88' lang='lat' dir='ltr'>S.</span> <span class='ocrx_word' id='word_1_715' title='bbox 1965 1568 2182 1620; x_wconf 82' lang='lat' dir='ltr'>Epiphauii</span> <span class='ocrx_word' id='word_1_716' title='bbox 2214 1575 2404 1616; x_wconf 80' lang='lat' dir='ltr'>mentem,</span> 
     </span>
     <span class='ocr_line' id='line_1_92' title="bbox 1283 1619 2400 1674; baseline -0.002 -14"><span class='ocrx_word' id='word_1_717' title='bbox 1283 1619 1317 1656; x_wconf 72' lang='grc' dir='ltr'>ἃ</span> <span class='ocrx_word' id='word_1_718' title='bbox 1346 1623 1556 1661; x_wconf 86' lang='lat' dir='ltr'>doctrinam</span> <span class='ocrx_word' id='word_1_719' title='bbox 1586 1622 1702 1661; x_wconf 80' lang='lat' dir='ltr'>facile</span> <span class='ocrx_word' id='word_1_720' title='bbox 1738 1635 1937 1674; x_wconf 84' lang='lat' dir='ltr'>possumus</span> <span class='ocrx_word' id='word_1_721' title='bbox 1966 1633 2012 1657; x_wconf 87' lang='lat' dir='ltr'>ex</span> <span class='ocrx_word' id='word_1_722' title='bbox 2041 1621 2127 1658; x_wconf 85' lang='lat' dir='ltr'>aliis</span> <span class='ocrx_word' id='word_1_723' title='bbox 2155 1620 2327 1670; x_wconf 81' lang='lat' dir='ltr'>ejusdem</span> <span class='ocrx_word' id='word_1_724' title='bbox 2355 1620 2400 1658; x_wconf 79' lang='lat' dir='ltr'>S.</span> 
     </span>
     <span class='ocr_line' id='line_1_93' title="bbox 1284 1670 2403 1727; baseline -0.003 -15"><span class='ocrx_word' id='word_1_725' title='bbox 1284 1672 1403 1714; x_wconf 82' lang='lat' dir='ltr'>l’atris</span> <span class='ocrx_word' id='word_1_726' title='bbox 1433 1674 1524 1715; x_wconf 92' lang='lat' dir='ltr'>locis</span> <span class='ocrx_word' id='word_1_727' title='bbox 1554 1675 1761 1727; x_wconf 81' lang='lat' dir='ltr'>colligere.</span> <span class='ocrx_word' id='word_1_728' title='bbox 1803 1672 1874 1712; x_wconf 88' lang='lat' dir='ltr'>llle</span> <span class='ocrx_word' id='word_1_729' title='bbox 1901 1673 2162 1722; x_wconf 81' lang='lat' dir='ltr'>apertissimus</span> <span class='ocrx_word' id='word_1_730' title='bbox 2202 1681 2252 1709; x_wconf 83' lang='lat' dir='ltr'>est</span> <span class='ocrx_word' id='word_1_731' title='bbox 2280 1673 2321 1709; x_wconf 87' lang='lat' dir='ltr'>in</span> <span class='ocrx_word' id='word_1_732' title='bbox 2350 1670 2403 1709; x_wconf 85' lang='grc' dir='ltr'>Α·</span> 
     </span>
     <span class='ocr_line' id='line_1_94' title="bbox 1283 1723 2402 1778; baseline -0.004 -12"><span class='ocrx_word' id='word_1_733' title='bbox 1283 1728 1600 1778; x_wconf 76' lang='lat' dir='ltr'>naceplzaloeosi,</span> <span class='ocrx_word' id='word_1_734' title='bbox 1629 1742 1695 1765; x_wconf 88' lang='lat' dir='ltr'>seu</span> <span class='ocrx_word' id='word_1_735' title='bbox 1716 1726 1885 1765; x_wconf 78' lang='lat' dir='ltr'>Panarii</span> <span class='ocrx_word' id='word_1_736' title='bbox 1905 1723 2092 1775; x_wconf 82' lang='lat' dir='ltr'>Epitome</span> <span class='ocrx_word' id='word_1_737' title='bbox 2122 1723 2183 1774; x_wconf 70' lang='lat' dir='ltr'>(il)</span> <span class='ocrx_word' id='word_1_738' title='bbox 2214 1737 2402 1777; x_wconf 54' lang='lat' dir='ltr'>num-9„</span> 
     </span>
     <span class='ocr_line' id='line_1_95' title="bbox 1286 1778 2404 1826; baseline -0.003 -8"><span class='ocrx_word' id='word_1_739' title='bbox 1286 1782 1355 1820; x_wconf 89' lang='lat' dir='ltr'>ubi</span> <span class='ocrx_word' id='word_1_740' title='bbox 1384 1782 1431 1818; x_wconf 91' lang='lat' dir='ltr'>de</span> <span class='ocrx_word' id='word_1_741' title='bbox 1477 1782 1610 1818; x_wconf 78' lang='lat' dir='ltr'>anima</span> <span class='ocrx_word' id='word_1_742' title='bbox 1637 1779 1778 1818; x_wconf 85' lang='lat' dir='ltr'>Christi</span> <span class='ocrx_word' id='word_1_743' title='bbox 1807 1780 1852 1817; x_wconf 77' lang='lat' dir='ltr'>ad</span> <span class='ocrx_word' id='word_1_744' title='bbox 1884 1779 2022 1816; x_wconf 87' lang='lat' dir='ltr'>inferos</span> <span class='ocrx_word' id='word_1_745' title='bbox 2061 1778 2340 1826; x_wconf 80' lang='lat' dir='ltr'>descendente,</span> <span class='ocrx_word' id='word_1_746' title='bbox 2369 1778 2404 1814; x_wconf 84' lang='lat'>&amp;</span> 
     </span>
     <span class='ocr_line' id='line_1_96' title="bbox 1284 1830 2403 1886; baseline -0.001 -16"><span class='ocrx_word' id='word_1_747' title='bbox 1284 1834 1332 1871; x_wconf 90' lang='lat' dir='ltr'>de</span> <span class='ocrx_word' id='word_1_748' title='bbox 1360 1846 1518 1884; x_wconf 86' lang='lat' dir='ltr'>corpore</span> <span class='ocrx_word' id='word_1_749' title='bbox 1546 1834 1588 1872; x_wconf 87' lang='lat' dir='ltr'>in</span> <span class='ocrx_word' id='word_1_750' title='bbox 1634 1832 1813 1886; x_wconf 81' lang='lat' dir='ltr'>sepulcro</span> <span class='ocrx_word' id='word_1_751' title='bbox 1853 1831 2000 1884; x_wconf 84' lang='lat' dir='ltr'>jacente</span> <span class='ocrx_word' id='word_1_752' title='bbox 2044 1830 2227 1883; x_wconf 83' lang='lat' dir='ltr'>loquens.</span> <span class='ocrx_word' id='word_1_753' title='bbox 2255 1859 2282 1879; x_wconf 82' lang='lat'>,‚</span> <span class='ocrx_word' id='word_1_754' title='bbox 2302 1832 2403 1879; x_wconf 79' lang='lat' dir='ltr'>Quae</span> 
     </span>
     <span class='ocr_line' id='line_1_97' title="bbox 1288 1884 2404 1939; baseline 0 -16"><span class='ocrx_word' id='word_1_755' title='bbox 1288 1915 1314 1935; x_wconf 89' lang='lat'>„</span> <span class='ocrx_word' id='word_1_756' title='bbox 1342 1887 1501 1938; x_wconf 85' lang='lat' dir='ltr'>quidem</span> <span class='ocrx_word' id='word_1_757' title='bbox 1531 1887 1662 1925; x_wconf 78' lang='lat' dir='ltr'>anima.</span> <span class='ocrx_word' id='word_1_758' title='bbox 1681 1916 1694 1935; x_wconf 85' lang='lat'>,</span> <span class='ocrx_word' id='word_1_759' title='bbox 1735 1887 1888 1939; x_wconf 85' lang='lat' dir='ltr'>inquit,</span> <span class='ocrx_word' id='word_1_760' title='bbox 1932 1886 2093 1924; x_wconf 85' lang='lat' dir='ltr'>minime</span> <span class='ocrx_word' id='word_1_761' title='bbox 2129 1884 2233 1936; x_wconf 85' lang='lat' dir='ltr'>apud</span> <span class='ocrx_word' id='word_1_762' title='bbox 2261 1885 2404 1923; x_wconf 81' lang='lat' dir='ltr'>inferos</span> 
     </span>
     <span class='ocr_line' id='line_1_98' title="bbox 1286 1938 2404 1992; baseline -0.002 -14"><span class='ocrx_word' id='word_1_763' title='bbox 1286 1969 1312 1990; x_wconf 89' lang='lat'>,‚</span> <span class='ocrx_word' id='word_1_764' title='bbox 1342 1938 1475 1978; x_wconf 84' lang='lat' dir='ltr'>relicta</span> <span class='ocrx_word' id='word_1_765' title='bbox 1512 1941 1612 1988; x_wconf 82' lang='lat' dir='ltr'>fuit,</span> <span class='ocrx_word' id='word_1_766' title='bbox 1653 1953 1779 1992; x_wconf 87' lang='lat' dir='ltr'>neque</span> <span class='ocrx_word' id='word_1_767' title='bbox 1821 1951 1910 1977; x_wconf 85' lang='lat' dir='ltr'>caro</span> <span class='ocrx_word' id='word_1_768' title='bbox 1949 1939 2230 1989; x_wconf 85' lang='lat' dir='ltr'>corruptionem</span> <span class='ocrx_word' id='word_1_769' title='bbox 2272 1938 2404 1986; x_wconf 82' lang='lat' dir='ltr'>vidit,</span> 
     </span>
     <span class='ocr_line' id='line_1_99' title="bbox 1283 1991 2403 2045; baseline -0.002 -14"><span class='ocrx_word' id='word_1_770' title='bbox 1283 2020 1311 2043; x_wconf 80' lang='lat'>,‚</span> <span class='ocrx_word' id='word_1_771' title='bbox 1340 2007 1458 2045; x_wconf 83' lang='lat' dir='ltr'>quam</span> <span class='ocrx_word' id='word_1_772' title='bbox 1480 1993 1700 2042; x_wconf 85' lang='lat' dir='ltr'>Divinitas,</span> <span class='ocrx_word' id='word_1_773' title='bbox 1729 2003 1820 2043; x_wconf 82' lang='lat' dir='ltr'>quoe</span> <span class='ocrx_word' id='word_1_774' title='bbox 1847 2004 1941 2029; x_wconf 89' lang='lat' dir='ltr'>cum</span> <span class='ocrx_word' id='word_1_775' title='bbox 1967 1991 2038 2029; x_wconf 73' lang='lat' dir='ltr'>illa</span> <span class='ocrx_word' id='word_1_776' title='bbox 2058 1992 2276 2043; x_wconf 81' lang='lat' dir='ltr'>conjuncta</span> <span class='ocrx_word' id='word_1_777' title='bbox 2296 2003 2403 2029; x_wconf 83' lang='lat' dir='ltr'>sem-</span> 
     </span>
    </p>
   </div>
   <div class='ocr_carea' id='block_1_8' title="bbox 2232 2055 2353 2094">
    <p class='ocr_par' dir='ltr' id='par_1_14' title="bbox 2232 2055 2353 2094">
     <span class='ocr_line' id='line_1_100' title="bbox 2232 2055 2353 2094; baseline -0.008 0"><span class='ocrx_word' id='word_1_778' title='bbox 2232 2072 2263 2094; x_wconf 54' lang='grc' dir='ltr'>θ’</span> <span class='ocrx_word' id='word_1_779' title='bbox 2282 2055 2353 2093; x_wconf 64' lang='lat' dir='ltr'>per</span> 
     </span>
    </p>
   </div>
   <div class='ocr_carea' id='block_1_9' title="bbox 1282 2160 2407 3319">
    <p class='ocr_par' dir='ltr' id='par_1_15' title="bbox 1283 2160 2407 2717">
     <span class='ocr_line' id='line_1_101' title="bbox 1288 2160 2406 2207; baseline -0.002 -9"><span class='ocrx_word' id='word_1_780' title='bbox 1288 2160 1471 2198; x_wconf 77' lang='lat' dir='ltr'>Facundus</span> <span class='ocrx_word' id='word_1_781' title='bbox 1499 2163 1680 2198; x_wconf 85' lang='lat' dir='ltr'>Hermian.</span> <span class='ocrx_word' id='word_1_782' title='bbox 1707 2164 1785 2198; x_wconf 79' lang='lat' dir='ltr'>Lib.</span> <span class='ocrx_word' id='word_1_783' title='bbox 1805 2164 1864 2198; x_wconf 87' lang='lat' dir='ltr'>Vl.</span> <span class='ocrx_word' id='word_1_784' title='bbox 1889 2175 1920 2197; x_wconf 90' lang='lat' dir='ltr'>c.</span> <span class='ocrx_word' id='word_1_785' title='bbox 1942 2173 1974 2197; x_wconf 78' lang='lat'>2.</span> <span class='ocrx_word' id='word_1_786' title='bbox 2001 2164 2239 2207; x_wconf 80' lang='lat' dir='ltr'>Hieronymus</span> <span class='ocrx_word' id='word_1_787' title='bbox 2265 2171 2406 2207; x_wconf 75' lang='lat' dir='ltr'>quoque</span> 
     </span>
     <span class='ocr_line' id='line_1_102' title="bbox 1289 2209 2404 2255; baseline -0.001 -12"><span class='ocrx_word' id='word_1_788' title='bbox 1289 2212 1403 2255; x_wconf 84' lang='lat' dir='ltr'>ipsum</span> <span class='ocrx_word' id='word_1_789' title='bbox 1437 2210 1556 2244; x_wconf 79' lang='lat' dir='ltr'>laudat</span> <span class='ocrx_word' id='word_1_790' title='bbox 1582 2209 1637 2245; x_wconf 87' lang='lat' dir='ltr'>De</span> <span class='ocrx_word' id='word_1_791' title='bbox 1666 2212 1840 2255; x_wconf 83' lang='lat' dir='ltr'>Scriptor.</span> <span class='ocrx_word' id='word_1_792' title='bbox 1868 2211 1969 2245; x_wconf 83' lang='lat' dir='ltr'>Eccl.</span> <span class='ocrx_word' id='word_1_793' title='bbox 1995 2222 2026 2245; x_wconf 87' lang='lat' dir='ltr'>c.</span> <span class='ocrx_word' id='word_1_794' title='bbox 2055 2209 2159 2252; x_wconf 77' lang='lat'><strong>¹¹4·;</strong></span> <span class='ocrx_word' id='word_1_795' title='bbox 2196 2209 2255 2254; x_wconf 86' lang='lat' dir='ltr'>qui</span> <span class='ocrx_word' id='word_1_796' title='bbox 2294 2210 2404 2243; x_wconf 80' lang='lat' dir='ltr'>etiarn</span> 
     </span>
     <span class='ocr_line' id='line_1_103' title="bbox 1290 2253 2407 2301; baseline 0 -11"><span class='ocrx_word' id='word_1_797' title='bbox 1290 2258 1324 2290; x_wconf 85' lang='lat' dir='ltr'>in</span> <span class='ocrx_word' id='word_1_798' title='bbox 1351 2258 1453 2300; x_wconf 84' lang='lat' dir='ltr'>Apol.</span> <span class='ocrx_word' id='word_1_799' title='bbox 1482 2259 1506 2293; x_wconf 87' lang='grc'>1.</span> <span class='ocrx_word' id='word_1_800' title='bbox 1534 2255 1612 2290; x_wconf 78' lang='lat' dir='ltr'>adv.</span> <span class='ocrx_word' id='word_1_801' title='bbox 1640 2258 1818 2291; x_wconf 81' lang='lat' dir='ltr'>Ruffinum</span> <span class='ocrx_word' id='word_1_802' title='bbox 1838 2278 1849 2298; x_wconf 85' lang='lat'>,</span> <span class='ocrx_word' id='word_1_803' title='bbox 1873 2255 2035 2292; x_wconf 87' lang='lat' dir='ltr'>eumdem</span> <span class='ocrx_word' id='word_1_804' title='bbox 2060 2253 2320 2296; x_wconf 59' lang='lat' dir='ltr'>rrrrsiyxo&#39;r&#39;rov</span> <span class='ocrx_word' id='word_1_805' title='bbox 2344 2267 2407 2301; x_wconf 82' lang='lat' dir='ltr'>ap-</span> 
     </span>
     <span class='ocr_line' id='line_1_104' title="bbox 1284 2303 2404 2350; baseline 0 -15"><span class='ocrx_word' id='word_1_806' title='bbox 1284 2303 1413 2348; x_wconf 72' lang='lat' dir='ltr'>pellat,</span> <span class='ocrx_word' id='word_1_807' title='bbox 1439 2304 1519 2349; x_wconf 74' lang='lat' dir='ltr'>quia</span> <span class='ocrx_word' id='word_1_808' title='bbox 1540 2303 1750 2338; x_wconf 80' lang='lat' dir='ltr'>Hebraicam</span> <span class='ocrx_word' id='word_1_809' title='bbox 1766 2326 1777 2343; x_wconf 91' lang='lat'>‚</span> <span class='ocrx_word' id='word_1_810' title='bbox 1803 2305 1987 2349; x_wconf 77' lang='lat' dir='ltr'>Syriacam</span> <span class='ocrx_word' id='word_1_811' title='bbox 2003 2327 2014 2345; x_wconf 93' lang='lat'><em>‚</em></span> <span class='ocrx_word' id='word_1_812' title='bbox 2040 2303 2249 2350; x_wconf 80' lang='lat' dir='ltr'>AEgyptiam</span> <span class='ocrx_word' id='word_1_813' title='bbox 2267 2326 2277 2346; x_wconf 92' lang='lat'>,</span> <span class='ocrx_word' id='word_1_814' title='bbox 2302 2305 2404 2337; x_wconf 77' lang='lat' dir='ltr'>Grae-</span> 
     </span>
     <span class='ocr_line' id='line_1_105' title="bbox 1285 2350 2404 2396; baseline 0 -14"><span class='ocrx_word' id='word_1_815' title='bbox 1285 2361 1387 2390; x_wconf 85' lang='lat' dir='ltr'>carn,</span> <span class='ocrx_word' id='word_1_816' title='bbox 1423 2353 1455 2382; x_wconf 73' lang='grc' dir='ltr'>δε</span> <span class='ocrx_word' id='word_1_817' title='bbox 1483 2351 1644 2384; x_wconf 81' lang='lat' dir='ltr'>Latinam</span> <span class='ocrx_word' id='word_1_818' title='bbox 1670 2350 1807 2395; x_wconf 81' lang='lat' dir='ltr'>linguas</span> <span class='ocrx_word' id='word_1_819' title='bbox 1845 2350 2018 2385; x_wconf 81' lang='lat' dir='ltr'>callebat.</span> <span class='ocrx_word' id='word_1_820' title='bbox 2062 2350 2126 2385; x_wconf 88' lang='lat' dir='ltr'>Sed</span> <span class='ocrx_word' id='word_1_821' title='bbox 2152 2351 2228 2396; x_wconf 87' lang='lat' dir='ltr'>ejus</span> <span class='ocrx_word' id='word_1_822' title='bbox 2267 2350 2404 2395; x_wconf 78' lang='lat' dir='ltr'>stylum</span> 
     </span>
     <span class='ocr_line' id='line_1_106' title="bbox 1285 2397 2403 2442; baseline -0.002 -13"><span class='ocrx_word' id='word_1_823' title='bbox 1285 2406 1348 2429; x_wconf 84' lang='lat' dir='ltr'>nec</span> <span class='ocrx_word' id='word_1_824' title='bbox 1376 2397 1572 2440; x_wconf 78' lang='lat' dir='ltr'>elegantem</span> <span class='ocrx_word' id='word_1_825' title='bbox 1599 2408 1699 2437; x_wconf 85' lang='lat' dir='ltr'>esse,</span> <span class='ocrx_word' id='word_1_826' title='bbox 1733 2408 1794 2430; x_wconf 88' lang='lat' dir='ltr'>nec</span> <span class='ocrx_word' id='word_1_827' title='bbox 1828 2407 1964 2442; x_wconf 85' lang='lat' dir='ltr'>semper</span> <span class='ocrx_word' id='word_1_828' title='bbox 2000 2399 2160 2437; x_wconf 72' lang='lat' dir='ltr'>clarum,</span> <span class='ocrx_word' id='word_1_829' title='bbox 2199 2405 2371 2430; x_wconf 70' lang='lat' dir='ltr'>testantur</span> <span class='ocrx_word' id='word_1_830' title='bbox 2391 2416 2403 2435; x_wconf 87' lang='lat'>,</span> 
     </span>
     <span class='ocr_line' id='line_1_107' title="bbox 1285 2441 2400 2486; baseline 0.001 -14"><span class='ocrx_word' id='word_1_831' title='bbox 1285 2451 1455 2486; x_wconf 84' lang='lat' dir='ltr'>quotquot</span> <span class='ocrx_word' id='word_1_832' title='bbox 1482 2443 1515 2475; x_wconf 90' lang='lat' dir='ltr'>in</span> <span class='ocrx_word' id='word_1_833' title='bbox 1542 2441 1617 2486; x_wconf 79' lang='lat' dir='ltr'>ejus</span> <span class='ocrx_word' id='word_1_834' title='bbox 1643 2443 1789 2476; x_wconf 84' lang='lat' dir='ltr'>lectione</span> <span class='ocrx_word' id='word_1_835' title='bbox 1827 2443 1959 2476; x_wconf 81' lang='lat' dir='ltr'>versati</span> <span class='ocrx_word' id='word_1_836' title='bbox 1997 2452 2100 2477; x_wconf 87' lang='lat' dir='ltr'>sunt.</span> <span class='ocrx_word' id='word_1_837' title='bbox 2139 2443 2279 2476; x_wconf 78' lang='lat' dir='ltr'>Photius</span> <span class='ocrx_word' id='word_1_838' title='bbox 2306 2449 2400 2474; x_wconf 83' lang='lat' dir='ltr'>certe</span> 
     </span>
     <span class='ocr_line' id='line_1_108' title="bbox 1284 2486 2407 2531; baseline -0.002 -10"><span class='ocrx_word' id='word_1_839' title='bbox 1284 2486 1370 2521; x_wconf 81' lang='lat' dir='ltr'>Cotl.</span> <span class='ocrx_word' id='word_1_840' title='bbox 1395 2488 1543 2521; x_wconf 81' lang='lat' dir='ltr'>Cxxll.</span> <span class='ocrx_word' id='word_1_841' title='bbox 1577 2487 1641 2522; x_wconf 90' lang='lat' dir='ltr'>hoc</span> <span class='ocrx_word' id='word_1_842' title='bbox 1666 2486 1708 2520; x_wconf 83' lang='lat' dir='ltr'>de</span> <span class='ocrx_word' id='word_1_843' title='bbox 1744 2500 1785 2521; x_wconf 86' lang='lat' dir='ltr'>eo</span> <span class='ocrx_word' id='word_1_844' title='bbox 1807 2486 2005 2531; x_wconf 76' lang='lat' dir='ltr'>juridicium</span> <span class='ocrx_word' id='word_1_845' title='bbox 2032 2489 2139 2521; x_wconf 82' lang='lat' dir='ltr'>tulit:</span> <span class='ocrx_word' id='word_1_846' title='bbox 2184 2487 2342 2531; x_wconf 82' lang='lat' dir='ltr'>Infirmus</span> <span class='ocrx_word' id='word_1_847' title='bbox 2368 2495 2407 2522; x_wconf 74' lang='lat' dir='ltr'>uc</span> 
     </span>
     <span class='ocr_line' id='line_1_109' title="bbox 1283 2533 2404 2578; baseline 0 -11"><span class='ocrx_word' id='word_1_848' title='bbox 1283 2537 1460 2578; x_wconf 77' lang='lat' dir='ltr'>plurimum</span> <span class='ocrx_word' id='word_1_849' title='bbox 1484 2542 1540 2567; x_wconf 79' lang='lat' dir='ltr'>est</span> <span class='ocrx_word' id='word_1_850' title='bbox 1565 2538 1600 2566; x_wconf 79' lang='lat' dir='ltr'>in</span> <span class='ocrx_word' id='word_1_851' title='bbox 1626 2533 1851 2574; x_wconf 78' lang='lat' dir='ltr'>conflictibus</span> <span class='ocrx_word' id='word_1_852' title='bbox 1886 2534 2050 2567; x_wconf 72' lang='lat' dir='ltr'>adversus</span> <span class='ocrx_word' id='word_1_853' title='bbox 2090 2538 2214 2576; x_wconf 75' lang='lat' dir='ltr'>impius</span> <span class='ocrx_word' id='word_1_854' title='bbox 2255 2534 2404 2567; x_wconf 66' lang='lat' dir='ltr'>lraereses</span> 
     </span>
     <span class='ocr_line' id='line_1_110' title="bbox 1286 2579 2406 2624; baseline 0.001 -11"><span class='ocrx_word' id='word_1_855' title='bbox 1286 2584 1476 2624; x_wconf 75' lang='lat' dir='ltr'>susceptis.</span> <span class='ocrx_word' id='word_1_856' title='bbox 1511 2579 1579 2613; x_wconf 81' lang='lat' dir='ltr'>Est</span> <span class='ocrx_word' id='word_1_857' title='bbox 1602 2588 1711 2613; x_wconf 69' lang='lat' dir='ltr'>alitem</span> <span class='ocrx_word' id='word_1_858' title='bbox 1731 2600 1742 2619; x_wconf 88' lang='lat'>,</span> <span class='ocrx_word' id='word_1_859' title='bbox 1783 2580 1838 2612; x_wconf 77' lang='lat' dir='ltr'>ubi</span> <span class='ocrx_word' id='word_1_860' title='bbox 1855 2579 2007 2622; x_wconf 83' lang='lat' dir='ltr'>fortiter</span> <span class='ocrx_word' id='word_1_861' title='bbox 2030 2583 2233 2624; x_wconf 75' lang='lat' dir='ltr'>aggreditur</span> <span class='ocrx_word' id='word_1_862' title='bbox 2254 2602 2264 2620; x_wconf 91' lang='lat'><em>,</em></span> <span class='ocrx_word' id='word_1_863' title='bbox 2305 2588 2406 2624; x_wconf 78' lang='lat' dir='ltr'>atque</span> 
     </span>
     <span class='ocr_line' id='line_1_111' title="bbox 1286 2626 2402 2671; baseline -0.001 -11"><span class='ocrx_word' id='word_1_864' title='bbox 1286 2628 1388 2660; x_wconf 68' lang='lat' dir='ltr'>irruit</span> <span class='ocrx_word' id='word_1_865' title='bbox 1408 2647 1418 2666; x_wconf 90' lang='lat'>‚</span> <span class='ocrx_word' id='word_1_866' title='bbox 1443 2631 1589 2671; x_wconf 69' lang='lat' dir='ltr'>quamvls</span> <span class='ocrx_word' id='word_1_867' title='bbox 1616 2638 1720 2670; x_wconf 85' lang='lat' dir='ltr'>neque</span> <span class='ocrx_word' id='word_1_868' title='bbox 1746 2626 1917 2660; x_wconf 72' lang='lat' dir='ltr'>verborum</span> <span class='ocrx_word' id='word_1_869' title='bbox 1941 2630 2052 2669; x_wconf 81' lang='lat' dir='ltr'>ipsius</span> <span class='ocrx_word' id='word_1_870' title='bbox 2073 2648 2084 2667; x_wconf 91' lang='lat'><em>‚</em></span> <span class='ocrx_word' id='word_1_871' title='bbox 2117 2638 2219 2671; x_wconf 72' lang='lat' dir='ltr'>neque</span> <span class='ocrx_word' id='word_1_872' title='bbox 2245 2635 2402 2660; x_wconf 81' lang='lat' dir='ltr'>constru-</span> 
     </span>
     <span class='ocr_line' id='line_1_112' title="bbox 1285 2674 2374 2717; baseline -0.001 -11"><span class='ocrx_word' id='word_1_873' title='bbox 1285 2676 1414 2706; x_wconf 81' lang='lat' dir='ltr'>ctionis</span> <span class='ocrx_word' id='word_1_874' title='bbox 1438 2677 1635 2717; x_wconf 76' lang='lat' dir='ltr'>proprietas</span> <span class='ocrx_word' id='word_1_875' title='bbox 1661 2674 1731 2705; x_wconf 78' lang='lat' dir='ltr'>ulla</span> <span class='ocrx_word' id='word_1_876' title='bbox 1757 2685 1800 2705; x_wconf 73' lang='lat' dir='ltr'>ex</span> <span class='ocrx_word' id='word_1_877' title='bbox 1822 2681 1920 2715; x_wconf 84' lang='lat' dir='ltr'>parte</span> <span class='ocrx_word' id='word_1_878' title='bbox 1944 2677 2161 2716; x_wconf 73' lang='lat' dir='ltr'>prestantior</span> <span class='ocrx_word' id='word_1_879' title='bbox 2187 2676 2374 2716; x_wconf 79' lang='lat' dir='ltr'>efficiatur.</span> 
     </span>
    </p>

    <p class='ocr_par' dir='ltr' id='par_1_16' title="bbox 1282 2717 2402 3319">
     <span class='ocr_line' id='line_1_113' title="bbox 1330 2717 2399 2763; baseline 0.001 -12"><span class='ocrx_word' id='word_1_880' title='bbox 1330 2720 1381 2758; x_wconf 43' lang='lat' dir='ltr'>(dx</span> <span class='ocrx_word' id='word_1_881' title='bbox 1414 2719 1567 2754; x_wconf 84' lang='lat' dir='ltr'>Fuerunt</span> <span class='ocrx_word' id='word_1_882' title='bbox 1593 2717 1764 2763; x_wconf 82' lang='lat' dir='ltr'>quidam,</span> <span class='ocrx_word' id='word_1_883' title='bbox 1800 2719 1859 2762; x_wconf 85' lang='lat' dir='ltr'>qui</span> <span class='ocrx_word' id='word_1_884' title='bbox 1886 2718 1976 2752; x_wconf 80' lang='lat' dir='ltr'>hanc</span> <span class='ocrx_word' id='word_1_885' title='bbox 2002 2718 2320 2762; x_wconf 72' lang='lat' dir='ltr'>Anucephalaeosim</span> <span class='ocrx_word' id='word_1_886' title='bbox 2349 2718 2399 2752; x_wconf 76' lang='lat' dir='ltr'>F,-</span> 
     </span>
     <span class='ocr_line' id='line_1_114' title="bbox 1283 2762 2401 2811; baseline 0 -13"><span class='ocrx_word' id='word_1_887' title='bbox 1283 2766 1450 2811; x_wconf 79' lang='lat' dir='ltr'>piphanio</span> <span class='ocrx_word' id='word_1_888' title='bbox 1469 2762 1739 2809; x_wconf 81' lang='lat' dir='ltr'>abjudicarent,</span> <span class='ocrx_word' id='word_1_889' title='bbox 1774 2765 1856 2808; x_wconf 76' lang='lat' dir='ltr'>quia</span> <span class='ocrx_word' id='word_1_890' title='bbox 1884 2765 1918 2797; x_wconf 90' lang='lat' dir='ltr'>in</span> <span class='ocrx_word' id='word_1_891' title='bbox 1956 2765 2016 2798; x_wconf 76' lang='lat' dir='ltr'>illa</span> <span class='ocrx_word' id='word_1_892' title='bbox 2045 2766 2224 2800; x_wconf 82' lang='lat' dir='ltr'>invenitur</span> <span class='ocrx_word' id='word_1_893' title='bbox 2249 2764 2401 2811; x_wconf 81' lang='lat' dir='ltr'>Symbo-</span> 
     </span>
     <span class='ocr_line' id='line_1_115' title="bbox 1284 2810 2397 2857; baseline 0 -13"><span class='ocrx_word' id='word_1_894' title='bbox 1284 2813 1381 2852; x_wconf 87' lang='lat' dir='ltr'>lum,</span> <span class='ocrx_word' id='word_1_895' title='bbox 1419 2812 1453 2844; x_wconf 93' lang='lat' dir='ltr'>in</span> <span class='ocrx_word' id='word_1_896' title='bbox 1481 2811 1639 2845; x_wconf 88' lang='lat' dir='ltr'>Concilio</span> <span class='ocrx_word' id='word_1_897' title='bbox 1665 2810 2052 2856; x_wconf 72' lang='lat' dir='ltr'>Constantinopolitano</span> <span class='ocrx_word' id='word_1_898' title='bbox 2089 2822 2180 2847; x_wconf 85' lang='lat' dir='ltr'>anno</span> <span class='ocrx_word' id='word_1_899' title='bbox 2205 2812 2283 2848; x_wconf 83' lang='lat'>381.</span> <span class='ocrx_word' id='word_1_900' title='bbox 2319 2820 2397 2857; x_wconf 84' lang='lat' dir='ltr'>post</span> 
     </span>
     <span class='ocr_line' id='line_1_116' title="bbox 1285 2857 2401 2902; baseline 0 -12"><span class='ocrx_word' id='word_1_901' title='bbox 1285 2857 1376 2891; x_wconf 78' lang='lat' dir='ltr'>hanc</span> <span class='ocrx_word' id='word_1_902' title='bbox 1404 2857 1724 2902; x_wconf 72' lang='lat' dir='ltr'>Anacephalaeosirn</span> <span class='ocrx_word' id='word_1_903' title='bbox 1763 2857 1960 2892; x_wconf 82' lang='lat' dir='ltr'>consectum</span> <span class='ocrx_word' id='word_1_904' title='bbox 1981 2880 1988 2888; x_wconf 94' lang='lat'>.</span> <span class='ocrx_word' id='word_1_905' title='bbox 2027 2857 2092 2891; x_wconf 76' lang='lat' dir='ltr'>Sed</span> <span class='ocrx_word' id='word_1_906' title='bbox 2118 2860 2221 2894; x_wconf 76' lang='lat' dir='ltr'>Rem.</span> <span class='ocrx_word' id='word_1_907' title='bbox 2256 2859 2401 2893; x_wconf 77' lang='lat' dir='ltr'>Ceillier</span> 
     </span>
     <span class='ocr_line' id='line_1_117' title="bbox 1288 2902 2399 2950; baseline 0 -13"><span class='ocrx_word' id='word_1_908' title='bbox 1288 2904 1389 2937; x_wconf 89' lang='lat' dir='ltr'>Tom.</span> <span class='ocrx_word' id='word_1_909' title='bbox 1416 2905 1510 2938; x_wconf 85' lang='lat' dir='ltr'>Vlll.</span> <span class='ocrx_word' id='word_1_910' title='bbox 1537 2915 1570 2948; x_wconf 88' lang='lat' dir='ltr'>p.</span> <span class='ocrx_word' id='word_1_911' title='bbox 1600 2913 1680 2947; x_wconf 85' lang='lat'><strong>707.</strong></span> <span class='ocrx_word' id='word_1_912' title='bbox 1718 2902 1906 2943; x_wconf 82' lang='lat' dir='ltr'>observat,</span> <span class='ocrx_word' id='word_1_913' title='bbox 1940 2904 2050 2948; x_wconf 75' lang='lat' dir='ltr'>ipsam</span> <span class='ocrx_word' id='word_1_914' title='bbox 2075 2903 2399 2950; x_wconf 76' lang='lat' dir='ltr'>Anacephalaeosim</span> 
     </span>
     <span class='ocr_line' id='line_1_118' title="bbox 1285 2947 2402 3028; baseline 0.001 -45"><span class='ocrx_word' id='word_1_915' title='bbox 1285 2951 1375 2983; x_wconf 85' lang='lat' dir='ltr'>nihil</span> <span class='ocrx_word' id='word_1_916' title='bbox 1401 2962 1474 2985; x_wconf 88' lang='lat' dir='ltr'>esse</span> <span class='ocrx_word' id='word_1_917' title='bbox 1500 2947 1617 2989; x_wconf 87' lang='lat' dir='ltr'>aliud,</span> <span class='ocrx_word' id='word_1_918' title='bbox 1653 2960 1758 2993; x_wconf 85' lang='lat' dir='ltr'>quam</span> <span class='ocrx_word' id='word_1_919' title='bbox 1794 2950 1976 3028; x_wconf 40' lang='lat' dir='ltr'>epistolam</span> <span class='ocrx_word' id='word_1_920' title='bbox 2013 2948 2057 2983; x_wconf 74' lang='lat' dir='ltr'>ad</span> <span class='ocrx_word' id='word_1_921' title='bbox 2084 2951 2226 2985; x_wconf 78' lang='lat' dir='ltr'>Paulum</span> <span class='ocrx_word' id='word_1_922' title='bbox 2252 2952 2284 2984; x_wconf 61' lang='grc' dir='ltr'>ἃ</span> <span class='ocrx_word' id='word_1_923' title='bbox 2309 2953 2402 2986; x_wconf 77' lang='lat' dir='ltr'>Aca-</span> 
     </span>
     <span class='ocr_line' id='line_1_119' title="bbox 1286 2994 2402 3042; baseline 0 -12"><span class='ocrx_word' id='word_1_924' title='bbox 1286 2998 1405 3038; x_wconf 60' lang='lat' dir='ltr'>cium,</span> <span class='ocrx_word' id='word_1_925' title='bbox 1430 2996 1645 3041; x_wconf 66' lang='lat' dir='ltr'>praetnissam</span> <span class='ocrx_word' id='word_1_926' title='bbox 1674 2996 1780 3041; x_wconf 85' lang='lat' dir='ltr'>ipsius</span> <span class='ocrx_word' id='word_1_927' title='bbox 1829 2999 1974 3036; x_wconf 68' lang='lat' dir='ltr'>anario,</span> <span class='ocrx_word' id='word_1_928' title='bbox 1999 2994 2091 3042; x_wconf 86' lang='lat' dir='ltr'>quod</span> <span class='ocrx_word' id='word_1_929' title='bbox 2116 3007 2202 3042; x_wconf 84' lang='lat' dir='ltr'>opus</span> <span class='ocrx_word' id='word_1_930' title='bbox 2230 3006 2305 3042; x_wconf 86' lang='lat' dir='ltr'>post</span> <span class='ocrx_word' id='word_1_931' title='bbox 2326 2998 2402 3032; x_wconf 81' lang='lat' dir='ltr'>An·</span> 
     </span>
     <span class='ocr_line' id='line_1_120' title="bbox 1285 3039 2402 3089; baseline 0.001 -14"><span class='ocrx_word' id='word_1_932' title='bbox 1285 3051 1458 3082; x_wconf 74' lang='lat' dir='ltr'>corutum,</span> <span class='ocrx_word' id='word_1_933' title='bbox 1487 3039 1690 3076; x_wconf 79' lang='lat' dir='ltr'>eor-uuidern</span> <span class='ocrx_word' id='word_1_934' title='bbox 1718 3041 1840 3081; x_wconf 76' lang='lat' dir='ltr'>Pauli,</span> <span class='ocrx_word' id='word_1_935' title='bbox 1867 3045 1899 3074; x_wconf 74' lang='grc' dir='ltr'>δε</span> <span class='ocrx_word' id='word_1_936' title='bbox 1924 3043 2041 3077; x_wconf 81' lang='lat' dir='ltr'>Aeacii</span> <span class='ocrx_word' id='word_1_937' title='bbox 2066 3043 2229 3089; x_wconf 83' lang='lat' dir='ltr'>precihus</span> <span class='ocrx_word' id='word_1_938' title='bbox 2255 3045 2402 3078; x_wconf 73' lang='lat' dir='ltr'>Sanctus</span> 
     </span>
     <span class='ocr_line' id='line_1_121' title="bbox 1285 3086 2400 3134; baseline 0.001 -13"><span class='ocrx_word' id='word_1_939' title='bbox 1285 3088 1503 3133; x_wconf 77' lang='lat' dir='ltr'>Epiphanius</span> <span class='ocrx_word' id='word_1_940' title='bbox 1529 3086 1777 3128; x_wconf 81' lang='lat' dir='ltr'>elucubravit,</span> <span class='ocrx_word' id='word_1_941' title='bbox 1814 3098 1871 3121; x_wconf 81' lang='lat' dir='ltr'>eas</span> <span class='ocrx_word' id='word_1_942' title='bbox 1898 3087 2044 3123; x_wconf 77' lang='lat' dir='ltr'>haereses</span> <span class='ocrx_word' id='word_1_943' title='bbox 2069 3090 2278 3131; x_wconf 74' lang='lat' dir='ltr'>confutans,</span> <span class='ocrx_word' id='word_1_944' title='bbox 2313 3100 2400 3134; x_wconf 75' lang='lat' dir='ltr'>qua·</span> 
     </span>
     <span class='ocr_line' id='line_1_122' title="bbox 1286 3131 2396 3180; baseline -0.003 -13"><span class='ocrx_word' id='word_1_945' title='bbox 1286 3146 1366 3167; x_wconf 83' lang='lat' dir='ltr'>rum</span> <span class='ocrx_word' id='word_1_946' title='bbox 1392 3136 1426 3167; x_wconf 88' lang='lat' dir='ltr'>in</span> <span class='ocrx_word' id='word_1_947' title='bbox 1451 3133 1624 3167; x_wconf 70' lang='lat' dir='ltr'>Ancon-ato</span> <span class='ocrx_word' id='word_1_948' title='bbox 1652 3134 1760 3167; x_wconf 75' lang='lat' dir='ltr'>solam</span> <span class='ocrx_word' id='word_1_949' title='bbox 1793 3135 2006 3169; x_wconf 86' lang='lat' dir='ltr'>mentionem</span> <span class='ocrx_word' id='word_1_950' title='bbox 2032 3135 2181 3170; x_wconf 73' lang='lat' dir='ltr'>fecerat.</span> <span class='ocrx_word' id='word_1_951' title='bbox 2219 3131 2396 3180; x_wconf 79' lang='lat' dir='ltr'>Quidquid</span> 
     </span>
     <span class='ocr_line' id='line_1_123' title="bbox 1285 3179 2396 3225; baseline 0 -13"><span class='ocrx_word' id='word_1_952' title='bbox 1285 3191 1368 3214; x_wconf 87' lang='lat' dir='ltr'>vero</span> <span class='ocrx_word' id='word_1_953' title='bbox 1392 3181 1467 3220; x_wconf 90' lang='lat' dir='ltr'>sit,</span> <span class='ocrx_word' id='word_1_954' title='bbox 1504 3189 1584 3214; x_wconf 89' lang='lat' dir='ltr'>cum</span> <span class='ocrx_word' id='word_1_955' title='bbox 1609 3179 1826 3225; x_wconf 83' lang='lat' dir='ltr'>Epiphanius</span> <span class='ocrx_word' id='word_1_956' title='bbox 1867 3179 1912 3214; x_wconf 77' lang='lat' dir='ltr'>ad</span> <span class='ocrx_word' id='word_1_957' title='bbox 1949 3190 2145 3216; x_wconf 81' lang='lat' dir='ltr'>extremam</span> <span class='ocrx_word' id='word_1_958' title='bbox 2184 3186 2396 3216; x_wconf 64' lang='lat' dir='ltr'>senectuti-m</span> 
     </span>
     <span class='ocr_line' id='line_1_124' title="bbox 1282 3226 2397 3273; baseline 0 -13"><span class='ocrx_word' id='word_1_959' title='bbox 1282 3227 1510 3273; x_wconf 83' lang='lat' dir='ltr'>pervenerit,</span> <span class='ocrx_word' id='word_1_960' title='bbox 1548 3229 1581 3259; x_wconf 85' lang='lat'>&amp;</span> <span class='ocrx_word' id='word_1_961' title='bbox 1606 3238 1724 3260; x_wconf 84' lang='lat' dir='ltr'>versus</span> <span class='ocrx_word' id='word_1_962' title='bbox 1758 3226 1861 3260; x_wconf 82' lang='lat' dir='ltr'>finem</span> <span class='ocrx_word' id='word_1_963' title='bbox 1890 3227 1975 3261; x_wconf 66' lang='lat' dir='ltr'>Stet.</span> <span class='ocrx_word' id='word_1_964' title='bbox 2005 3228 2066 3262; x_wconf 85' lang='lat' dir='ltr'>lv.</span> <span class='ocrx_word' id='word_1_965' title='bbox 2090 3230 2248 3268; x_wconf 81' lang='lat' dir='ltr'>obierit,</span> <span class='ocrx_word' id='word_1_966' title='bbox 2282 3226 2397 3271; x_wconf 74' lang='lat' dir='ltr'>potuit</span> 
     </span>
     <span class='ocr_line' id='line_1_125' title="bbox 1283 3269 2069 3319; baseline 0 -12"><span class='ocrx_word' id='word_1_967' title='bbox 1283 3274 1355 3308; x_wconf 81' lang='lat' dir='ltr'>suis</span> <span class='ocrx_word' id='word_1_968' title='bbox 1378 3272 1542 3318; x_wconf 81' lang='lat' dir='ltr'>operibus</span> <span class='ocrx_word' id='word_1_969' title='bbox 1564 3273 1774 3319; x_wconf 78' lang='lat' dir='ltr'>Symbolum</span> <span class='ocrx_word' id='word_1_970' title='bbox 1800 3271 1888 3307; x_wconf 87' lang='lat' dir='ltr'>illud</span> <span class='ocrx_word' id='word_1_971' title='bbox 1913 3269 2040 3310; x_wconf 74' lang='lat' dir='ltr'>addere</span> <span class='ocrx_word' id='word_1_972' title='bbox 2060 3296 2069 3307; x_wconf 86' lang='lat'><strong>.</strong></span> 
     </span>
    </p>
   </div>
  </div>
 </body>
</html>
