2583 3685
834 19 913 66 DE
948 19 1204 65 HAERESI
1239 14 1609 62 MONOTHEL.

83 110 220 152 Unum
249 103 388 148 horam
414 109 596 144 coruscat
626 102 859 151 miraculis,
888 101 998 139 aliud
1013 113 1192 139 succum-

78 166 133 205 bit
160 167 315 218 injuriis
331 176 347 206 ;
374 159 423 200 (9⁹
451 161 549 195 sicut
581 155 751 195 Verbum
781 155 832 194 ab
860 156 1093 206 aequalitate
1121 166 1194 203 pa·

80 229 209 259 ternae
234 216 375 268 glorioe
401 224 482 250 non
510 214 671 248 recessit
687 241 697 260 ,
726 215 785 248 ita
804 223 901 248 caro
915 217 1109 248 naturam
1124 219 1193 244 no-

78 276 150 313 stri
176 271 332 322 generis
360 279 442 303 non
470 264 621 315 reliquit
639 291 650 302 .

135 322 232 368 654.
262 320 357 358 Haec
385 319 513 357 Sancti
530 319 666 357 Leonis
693 318 812 355 verba
842 318 892 354 ita
919 316 1064 353 ratione
1091 311 1194 350 theo-

78 377 202 429 logica
227 368 435 413 confirmat
458 372 617 410 Sanctus
647 370 814 409 Thomas
845 370 883 409 5.
926 368 1025 406 Part.
1054 372 1190 424 quast·

83 442 146 483 19.
175 436 246 466 art.
280 440 314 466 ι.
363 453 388 475 ,«,
417 424 459 464 Si
488 439 579 463 vero
606 434 696 462 esset
741 438 813 461 una
842 431 989 460 tantum
1015 420 1193 469 {operatio

77 511 109 532 „
134 482 374 527 divinitatis,
404 478 438 516 ἃ
467 477 712 516 humanitatis
740 479 782 515 in
810 475 979 520 Christo,
1007 478 1193 522 oporteret

76 561 108 586 3,
131 535 290 583 dicere,
336 533 399 572 vel
426 531 529 585 quod
559 531 729 568 humana
768 537 906 567 natura
934 539 1007 563 non
1039 522 1193 561 haberet

44 601 46 603 ’
74 616 106 639 „
133 589 333 642 propriam
363 586 527 624 sormam
544 614 556 632 ,
585 584 812 622 &virtutem
833 606 874 620 ...
901 592 948 616 ex
964 591 1040 630 quo
1059 591 1193 629 seque-

138 651 241 680 retur
257 671 269 690 ,
297 639 399 692 quod
428 640 467 677 in
485 636 636 676 Christo
664 644 754 674 esset
780 643 924 680 tamum
952 631 1084 669 divina
1103 644 1191 682 ope-

80 671 108 693 „
135 695 231 733 ratio
242 720 257 743 -,
285 690 347 731 vet
376 699 563 745 oporteret
589 691 738 736 dicere,
765 686 867 739 quod
891 698 941 723 ex
961 686 1092 722 divina
1114 686 1191 722 vir-

78 721 113 798 Z’,
142 757 247 796 tute,
293 745 329 783 ἃ
357 743 528 784 humana
555 751 648 781 esset
674 739 841 780 conflata
869 740 909 777 in
937 738 1085 776 Christo
1115 752 1192 776 una

79 831 107 852 „
135 802 282 840 vir-tus.
312 799 490 847 Quorum
510 805 714 847 utrumque
731 802 785 832 est
799 791 1060 845 impossibile.
1091 791 1191 830 Nam

76 882 107 905 „
136 867 206 906 per
232 853 407 906 primum
437 851 572 889 horum
601 849 758 900 pmiitur
786 854 922 884 natura
952 844 1122 883 humana
1150 846 1192 883 in

78 934 106 957 „
132 907 285 947 Christo
313 918 391 945 esse
416 902 665 954 impet-fectu
694 915 762 953 per
781 899 987 938 secundum
1017 911 1106 937 vero
1124 911 1192 949 -po-

79 987 108 1010 >³
135 963 240 1000 nitur
266 956 438 998 confusio
464 963 710 993 nat-uratum.
740 954 788 991 Et
814 953 899 991 ideo
919 950 1193 990 rationabiliter

76 1043 105 1064 „
133 1016 174 1052 in
199 1013 314 1051 Sexta
340 1007 493 1062 Synodo
519 1006 606 1046 haec
648 1008 778 1060 opinio
819 1015 871 1044 est
911 1006 1165 1043 condemnata
1181 1018 1192 1050 ;

75 1094 105 1116 „
132 1067 173 1104 in
200 1062 312 1116 cujus
338 1062 650 1101 determinatione
678 1061 842 1098 dicitur:
878 1058 996 1097 Duas
1024 1067 1193 1096 natura-

76 1147 105 1168 „
134 1118 191 1157 les
216 1119 466 1168 operationes
493 1113 680 1161 indivise,
721 1111 1091 1160 inconvertibiliter,
1130 1114 1193 1148 rin-

75 1201 106 1222 „
133 1169 302 1223 confuse
321 1199 333 1218 ,
371 1165 718 1218 inseparabiliter,
763 1170 806 1204 in
847 1165 988 1204 eodem
1015 1165 1194 1203 Domino

77 1254 107 1274 „
135 1224 227 1264 Jesu
243 1222 400 1262 Christo
420 1233 509 1260 vero
526 1219 616 1259 Deo
633 1229 766 1258 nostro
792 1218 1091 1272 glorificamus,
1120 1217 1192 1256 hoc

77 1307 106 1326 „
134 1287 188 1317 est
213 1277 387 1316 divina-m
408 1274 677 1328 operationem
693 1303 705 1322 ‚
753 1272 788 1309 &
815 1272 1026 1312 humanam
1056 1285 1190 1325 opera.—

77 1359 107 1379 „
128 1332 304 1369 tionem.
333 1331 361 1352 ‘⁴

124 1384 226 1423 ⁴655.
254 1382 348 1434 Obj.
380 1397 417 1422 ι.
443 1390 578 1422 contra.
594 1382 628 1421 1.
654 1380 957 1434 Propositionem
975 1407 986 1419 .
1016 1381 1056 1420 S.
1079 1380 1196 1420 Atha-

74 1437 208 1476 nasius
237 1437 278 1475 in
305 1435 399 1475 Lib.
441 1435 490 1474 de
519 1437 692 1476 salutari
731 1436 901 1474 adventu
933 1435 1074 1474 Christi
1111 1434 1195 1472 haec

74 1489 219 1529 habet:
262 1519 294 1539 „
321 1487 394 1528 ille
422 1490 484 1528 vir
512 1499 618 1529 natus
648 1497 701 1528 est
743 1503 787 1527 ex
817 1489 1006 1538 muliere,
1049 1490 1118 1541 qui
1148 1501 1194 1526 ex

76 1571 105 1592 „
133 1543 261 1595 prima
288 1543 482 1581 creatione
509 1542 584 1581 sibi
613 1543 779 1582 sormam
798 1542 966 1581 hominis
986 1543 1130 1589 erexit,
1161 1541 1195 1577 8<

76 1596 313 1646 „excitavit
338 1596 382 1635 in
410 1597 617 1634 ostensione
645 1596 798 1643 carnis,
844 1596 909 1634 sed
937 1599 1023 1634 sine
1065 1596 1196 1633 νοίιιη-

75 1678 107 1699 „
134 1648 280 1687 tatibus
307 1648 566 1697 carnalibus,
613 1648 646 1685 St
671 1649 754 1687 sine
783 1648 962 1687 humanis
1004 1650 1194 1701 cogitatio·

78 1731 107 1750 ‚,
131 1700 252 1741 nibus
274 1703 318 1740 iu
343 1702 515 1753 imagine
538 1703 744 1747 novitatis5
795 1700 989 1739 Voluntas
1018 1707 1127 1739 enim
1156 1715 1193 1740 e-

78 1783 107 1803 „
134 1764 205 1792 rat
233 1755 357 1793 soiius
385 1753 628 1793 divinitatis.
671 1757 697 1775 “
728 1754 810 1792 Hoc
834 1753 969 1794 Sancti
998 1754 1196 1795 Athanasii

73 1808 323 1857 testimonio,
370 1807 474 1848 velut
499 1807 742 1857 decretorio,
788 1807 1029 1861 triumphant
1057 1808 1196 1847 Mono-

127 1914 226 1954 656.
256 1914 476 1969 Respond„
516 1916 591 1955 duo
617 1917 659 1955 in
687 1915 837 1968 objecto
870 1915 1087 1955 testimonio
1116 1928 1196 1953 esse

76 1966 374 2022 distinguenda.
418 1969 622 2018 Primum,
669 1983 746 2022 quo
773 1971 976 2016 innuitur,
1019 1967 1197 2006 Verbum

74 2021 258 2061 ‘divinum
288 2022 362 2062 sibi
390 2019 560 2062 induisse
579 2023 743 2063 formam
763 2021 930 2060 hominis
949 2025 1035 2061 sine
1064 2022 1198 2060 rolan-

75 2073 246 2123 tatilms,
275 2073 392 2114 facile
413 2074 632 2128 explicatur
655 2075 707 2113 de
736 2073 957 2114 carnalibus
984 2074 1197 2113 voluntati-

74 2125 149 2166 Bus
170 2125 443 2180 culpabilibus
457 2157 470 2177 ,
493 2137 709 2180 quasfcerte
723 2128 901 2164 Verbum
929 2128 1105 2163 divinum
1127 2139 1196 2162 nec

70 2182 308 2233 assumpsit,
332 2195 411 2218 nec
438 2192 631 2218 assitmere
661 2180 780 2230 pot-uit
798 2203 811 2216 .
858 2177 1036 2217 Alterum
1053 2207 1063 2225 ,
1093 2178 1195 2230 quod

76 2233 258 2272 voluntas
273 2231 406 2283 fuerit
435 2231 555 2268 solius
582 2230 816 2270 Divinicatis
831 2260 842 2279 ‚
888 2229 1001 2268 debet
1031 2230 1195 2282 intelligi

77 2296 156 2322 non
185 2283 232 2322 de
258 2292 396 2322 namra
424 2283 595 2323 humana
617 2283 790 2332 Christi,
834 2297 927 2336 quae
957 2283 1073 2321 fuerit
1106 2297 1194 2322 ‘suae

75 2336 282 2376 voluntatis
310 2349 444 2390 expers
459 2366 471 2385 ,
498 2337 565 2376 sed
592 2336 639 2375 de
658 2338 742 2390 ipso
759 2350 874 2388 opere
891 2337 1166 2377 incarnationis
1183 2367 1194 2386 ,

76 2390 180 2443 quod
207 2405 230 2428 a
257 2389 337 2429 sola
365 2389 555 2431 voluntate
582 2390 716 2430 diviua
746 2389 922 2429 effectum
951 2391 1053 2439 fuit,
1076 2399 1195 2444 vprout

78 2442 339 2496 explicuimus
362 2457 483 2498 supra
509 2457 619 2484 uum·
649 2443 715 2482 61.
754 2444 840 2491 Qua
869 2446 1112 2494 responsione
1139 2453 1196 2482 et-

79 2498 159 2535 iam
189 2497 376 2550 explicati
405 2507 562 2551 possunt
590 2496 735 2536 similia
764 2497 882 2537 verba
908 2496 1114 2536 Clementis
1144 2500 1196 2536 A·

78 2549 294 2589 lexandrini
322 2550 412 2590 Lib.
442 2550 511 2590 VI.
540 2549 793 2589 Sitomatum
821 2550 1004 2589 dicentis:
1048 2549 1087 2587 V
1084 2551 1196 2588 olun-

75 2612 140 2642 tas
167 2612 259 2641 erat
286 2604 405 2643 solius
433 2603 677 2652 divinitatis,
706 2614 747 2643 ut
768 2618 912 2656 nempe
929 2603 1102 2642 Verbum
1125 2603 1193 2642 fie-

73 2665 133 2696 ret
159 2669 276 2703 σαι-ος
317 2672 446 2711 neque
469 2659 578 2698 enim
607 2658 819 2698 incarnatio
846 2672 869 2696 a
897 2656 1092 2698 voluntate
1122 2657 1194 2696 hu·

73 2722 190 2749 mana
218 2711 436 2763 pendebat.

129 2763 223 2816 657.
252 2764 347 2817 Obj.
374 2765 541 2804 secundo
569 2765 686 2805 verba
715 2766 756 2805 S.
785 2766 961 2819 Gregorii
991 2765 1192 2803 Ntaianze-

75 2812 147 2863 οἳ,
185 2816 256 2868 qu'i
282 2820 325 2861 in
353 2817 461 2858 Orat.v
489 2819 540 2858 Π.
568 2819 616 2858 de
647 2818 748 2858 Filio
777 2819 848 2859 Dei
879 2820 1028 2872 inquit:
1082 2816 1192 2857 Velle

76 2870 187 2906 enim
211 2869 317 2908 illius
338 2875 387 2910 -in
408 2872 527 2915 nulla
555 2885 599 2911 re
628 2882 715 2912 erat
733 2872 820 2914 Deo
840 2876 1109 2922 contrarium,
1138 2881 1196 2911 to-

78 2928 166 2959 tum
193 2920 425 2974 deificatum
440 2951 451 2964 .

126 2972 229 3012 658.
257 2973 469 3028 Respondi„
497 2980 621 3031 potius
648 2995 695 3020 ex
724 2982 771 3020 iis
799 2981 925 3020 ver-bis
945 2979 1096 3032 colligi,
1125 2979 1196 3017 du-

79 3025 222 3078 plicem
252 3028 434 3069 fuissein
455 3031 609 3071 Christo
627 3034 884 3084 voluntatem,
913 3049 1030 3087 quam
1054 3046 1195 3079 unam3

78 3079 256 3141 ‘'9¹0⁰‘ss
285 3082 390 3127 enfin
418 3083 613 3136 deffleata
639 3097 740 3126 certe
769 3103 843 3128 nou
873 3098 925 3127 est
945 3088 1118 3127 voluntas
1138 3087 1196 3124 di-

75 3145 198 3184 vina,
226 3148 315 3188 quae
345 3135 452 3174 nulla
481 3150 632 3189 prorsus
660 3142 802 3181 ratione
829 3143 959 3182 vocari
980 3150 1097 3194 potest
1117 3140 1196 3178 ‹lei-

73 3184 243 3239 ficata:
272 3198 326 3228 est
356 3203 443 3242 ergo
471 3189 645 3230 voluntas
673 3191 869 3243 humana,
899 3209 987 3249 quae
1017 3207 1196 3233 consensu

81 3237 274 3294 deificata
302 3243 378 3281 dici
409 3251 526 3296 potest
544 3273 555 3290 ‚
583 3254 769 3297 quatenus
797 3249 870 3289 fuit
898 3249 1080 3289 aDiviuo
1100 3247 1196 3287 Ver-

179 3294 424 3352 Gazzaniga
456 3295 587 3338 leeol.
618 3297 732 3339 Tom.
762 3299 812 3341 V.

2243 21 2321 70 ¹95

1260 99 1310 136 bo
1338 106 1554 148 assumpta.
1590 95 1698 133 Certe
1726 93 1878 146 quaudo
1908 93 2007 132 idom
2037 92 2198 132 Sanctus
2226 94 2371 145 Grego-

1262 154 1340 189 rius
1370 153 1408 188 in
1441 151 1547 201 epist.
1579 151 1704 200 pruna
1732 150 1777 185 ad
1807 147 2036 186 cledonium
2068 148 2187 194 dixit,
2232 146 2372 185 liuma-

1261 218 1361 241 nam
1392 214 1585 240 naturam
1615 215 1700 239 esse
1720 200 1976 252 deificatam,
2007 204 2372 248 eamdernnaturam

1262 256 1471 294 humanam
1502 257 1537 292 iu
1552 253 1701 292 Christo
1730 268 1803 292 non
1836 257 2004 302 «negavitz
2036 257 2119 307 pari
2142 269 2228 303 ergo
2259 257 2372 292 ratio-

1262 323 1309 346 ne
1339 308 1409 346 ἃς.
1439 308 1530 346 Vid.
1559 320 1663 357 supr.
1691 320 1801 344 num.
1832 308 1922 351 408.

1314 361 1408 413 650.
1437 360 1530 411 Obj.
1560 361 1667 397 tertio
1696 369 1825 397 contra
1866 361 2039 398 eaindem
2078 363 2244 412 primam
2285 375 2372 413 pro-

1262 416 1372 468 posit.
1403 427 1447 451 ex
1476 415 1645 452 ratione.
1694 411 1878 450 Voluntas
1909 424 1960 450 est
1991 416 2159 465 primum
2192 427 2371 462 movens,

1261 469 1294 505 ἃ
1327 471 1517 520 imperans
1547 468 1584 504 iu
1615 479 1843 517 unoquoque
1876 467 2044 512 volente-3
2075 468 2135 506 sed
2170 468 2372 506 inChristo

1261 524 1431 574 primum
1464 533 1642 566 movens,
1742 520 1938 569 imperans
1970 521 2039 557 l'uit
2070 521 2245 560 voluntas
2273 522 2370 560 diui·

1261 589 1335 620 na;
1377 575 1503 612 omnia
1533 574 1637 611 enim
1670 571 1838 610 humana
1869 573 2118 612 movebantur
2162 576 2207 613 ad
2239 584 2372 613 nutum

1259 628 1461 667 voluntatis
1481 628 1622 665 divinae
1641 640 1650 671 ;
1680 625 2003 678 quemadmodum
2027 637 2189 666 uestrum
2211 641 2373 681 corpus,

1259 683 1360 734 quod
1391 683 1685 720 instrumentum
1728 689 1778 715 est
1809 680 1974 726 animae,
2023 682 2192 725 eundem
2231 684 2373 721 animae

1258 736 1451 774 voluntat-e
1481 742 1674 772 movetur:
1698 733 1781 771 sola.
1811 746 1898 784 ergo
1928 732 2010 772 hacc
2041 734 2212 774 voluntas
2242 737 2375 774 divina

1260 791 1332 827 fuit
1361 790 1402 827 in
1431 789 1608 825 Christo,

1314 842 1406 881 660.
1439 841 1647 892 Respondet
1677 840 1717 877 S.
1739 839 1907 877 Thomas
1937 851 2070 892 (praest.
2108 843 2166 881 18.
2210 855 2280 881 art.
2312 857 2342 881 r.
2361 875 2373 882 .

1261 908 1306 933 ex
1337 908 1412 947 quo
1440 895 1572 933 omnia
1603 896 1639 932 in
1659 893 1808 931 Christo
1837 906 2076 933 moverentur
2092 899 2136 935 ad
2154 906 2289 935 nutum
2310 911 2376 934 -vo-

1260 948 1412 987 luntatis
1440 949 1583 987 divinae
1602 978 1612 995 ‚
1644 960 1714 985 nou
1745 949 1874 999 sequi,
1906 962 1989 984 eain
2019 948 2136 987 solam
2168 954 2281 989 luisse
2311 964 2375 988 vo-

1260 1002 1466 1047 luntatem3
1514 1015 1599 1039 nam
1643 1002 1756 1038 etiam
1803 1003 1876 1052 piac
1909 1000 2120 1041 voluntates
2150 1004 2375 1042 Sanctorum

1261 1065 1459 1095 moventur
1488 1054 1699 1094 secundum
1729 1053 1960 1092 voluntatem
1985 1055 2061 1094 Dei
2093 1085 2116 1104 „
2146 1060 2212 1109 qui
2244 1071 2377 1110 opera-

1318 1120 1378 1148 tur
1407 1111 1446 1147 in
1472 1111 1530 1146 >eis
1559 1106 1658 1146 velle
1677 1136 1687 1154 ,
1731 1106 1765 1142 8(
1795 1107 2007 1157 perficere3
2053 1120 2091 1147 ut
2119 1111 2258 1149 dicitur
2289 1110 2377 1149 i'hi-

1317 1162 1415 1215 lipp.
1446 1163 1494 1200 ll.
1542 1162 1647 1199 Licet
1677 1161 1782 1197 enim
1814 1160 1989 1198 voluntas
2032 1176 2110 1201 non
2139 1165 2250 1214 possit
2282 1166 2376 1203 intc-

1261 1247 1287 1266 „
1318 1218 1395 1255 rius
1425 1216 1568 1255 mov-eri
1597 1214 1646 1252 ab
1676 1211 1809 1264 aliqua
1837 1223 2033 1262 ereatura,
2065 1217 2219 1254 interius
2249 1227 2377 1256 tamen

1263 1300 1289 1320 ‚‚
1321 1280 1492 1308 movetur
1521 1285 1543 1307 a
1573 1268 1681 1314 Deo,
1727 1276 1764 1303 ut
1795 1266 1832 1303 in
1863 1267 1891 1303 l.
1923 1266 2197 1307 Para-dicum·
2229 1280 2280 1308 est
2309 1285 2377 1323 qu.

1325 1325 1413 1364 105.
1435 1332 1505 1361 art.
1527 1322 1566 1368 4.
1598 1321 1644 1359 Et
1672 1320 1724 1358 sic
1755 1320 1868 1358 ctiam
1885 1319 2054 1359 Christus
2084 1323 2292 1362 secundum
2315 1339 2379 1362 vo-

1319 1378 1504 1417 luntatem
1532 1375 1744 1418 humanam
1765 1372 1994 1425 sequebatur
2017 1373 2249 1415 voluntatem
2277 1378 2376 1416 divi·

1470 1434 1497 1453 ίί

1261 1140 1288 1159 5>

1262 1194 1287 1212 52

1263 1355 1289 1374 77

1262 1408 1289 1428 5³

1265 1462 1289 1481 „
1322 1446 1440 1470 nam..

1315 1485 1407 1525 66ι.
1439 1486 1529 1524 Inst.
1571 1486 1698 1538 primo
1742 1498 1818 1522 una
1859 1497 1947 1522 cum
1986 1484 2133 1538 Pyrrho
2170 1487 2208 1523 in
2238 1485 2377 1525 collat.

1263 1554 1351 1578 cum
1383 1539 1584 1578 Maximo.
1631 1536 1874 1588 Impossibile
1911 1548 1968 1576 est
1998 1543 2039 1575 ιή
2081 1553 2163 1576 una
2207 1553 2380 1591 persona.

1263 1593 1364 1632 (luas
1392 1598 1522 1633 inesse
1537 1593 1777 1639 voluntates,
1807 1591 1954 1641 absque
1969 1598 2274 1631 contrarietate.
2304 1593 2382 1630 Ne-

1263 1662 1326 1685 mo
1355 1656 1481 1686 autem
1510 1648 1674 1694 dixerit,
1705 1647 1743 1683 in
1764 1644 2020 1682 JesuChristo
2049 1645 2165 1681 fuisse
2196 1645 2293 1681 lia-uc
2315 1658 2378 1682 vo·

1264 1701 1452 1740 luntaturn
1483 1702 1813 1741 contrarietatem;
1842 1697 2012 1746 adeoque
2029 1696 2098 1734 8<c.
2129 1697 2210 1734 Hoc
2239 1706 2317 1735 erat
2340 1709 2383 1735 u-

1264 1769 1358 1793 num
1389 1768 1432 1792 ex
1471 1753 1680 1805 praecipuis
1709 1748 2055 1788 Monothelitarum
2095 1749 2382 1800 fundamentis,

1263 1820 1341 1860 quo
1370 1809 1483 1844 etiarn
1513 1802 1718 1842 Heraclius
1748 1803 1786 1840 in
1815 1815 1882 1839 sua
1902 1800 2065 1841 Ectlzesi
2083 1833 2093 1849 ,
2124 1802 2262 1841 Paulus
2281 1805 2382 1841 Con-

1264 1857 1615 1911 stantinopolitanus
1645 1858 1685 1895 in
1713 1855 1849 1893 lit-teris
1878 1856 1925 1893 ad
1955 1856 2200 1894 Theodorum
2223 1856 2378 1895 l'ontifi—

1264 1927 1348 1951 cem
1365 1942 1376 1960 ,
1406 1926 1450 1950 ac
1472 1910 1796 1964 pertinacissimus
1811 1908 2007 1947 Macarius
2023 1910 2278 1949 Antiochenus
2295 1911 2380 1950 Act.

1264 1965 1370 2004 Vlll..
1401 1965 1548 2010 Svnodi
1577 1963 1646 2001 Vl.
1677 1965 1734 2000 usi
1754 1971 1874 1999 sunt.

1319 2019 1411 2057 662.
1430 2012 1651 2068 'Respondet
1679 2015 1840 2052 Sanctus
1856 2014 2188 2069 Thomasquaest.
2217 2017 2277 2056 18.
2307 2027 2376 2057 art-

1264 2072 1330 2119 6.,
1361 2069 1546 2120 majorem
1575 2065 1870 2122 propositionem
1902 2069 2018 2107 fuisse
2053 2084 2076 2107 a
2105 2069 2280 2110 Patribus
2308 2072 2379 2110 VI.

1264 2124 1410 2176 Synodi
1440 2124 1594 2161 omnino
1624 2131 1824 2173 negatam3
1854 2122 1894 2159 in
1924 2121 2112 2174 Symbolo
2142 2126 2245 2163 enim
2275 2125 2382 2163 dixe-

1265 2186 1375 2214 runt:
1405 2175 1684 2214 Proedicanzus
1712 2174 1815 2212 duas
1835 2176 2046 2214 naturales
2066 2178 2286 2216 voluntates
2301 2192 2381 2216 non

1263 2233 1512 2278 contrarias,
1556 2230 1680 2281 juxta
1709 2227 1812 2278 quod
1839 2232 1951 2279 impii
1993 2242 2180 2269 asserunt
2209 2231 2381 2271 hoeretici

1261 2284 1349 2324 <9¹6-
1387 2283 1434 2321 Et
1463 2283 1619 2336 quidem
1648 2284 1681 2320 si
1711 2282 1914 2334 loquamur
1942 2283 1989 2321 de
2017 2283 2212 2323 voluntate
2236 2285 2382 2325 Christi

1262 2337 1462 2384 rationali,
1510 2336 1593 2376 haec
1623 2345 1700 2374 erat
1729 2335 1915 2374 voluntati
1943 2334 2086 2376 diviuae
2116 2341 2298 2387 omnino,
2346 2339 2381 2376 <St

1263 2392 1534 2441 perfectissime
1575 2388 1776 2441 subjecta,
1826 2388 1999 2429 utnulla
2041 2393 2139 2430 inter
2180 2403 2379 2444 utramque

1264 2443 1357 2494 fingi
1388 2446 1501 2495 possit
1530 2445 1744 2496 oppositio·

1318 2496 1411 2535 665.
1442 2526 1467 2544 ,,
1496 2497 1606 2535 Licet
1634 2505 1759 2534 autern
1779 2526 1789 2544 ,
1820 2498 1944 2549 inquit
1973 2497 2205 2547 Angelicus,
2242 2499 2380 2538 volun·

1266 2582 1292 2601 „
1321 2559 1376 2587 tas
1405 2549 1615 2596 naturalis,
1654 2549 1686 2584 ἃ
1716 2549 1891 2587 voluntas
1919 2550 2170 2588 sensualitatis
2201 2554 2237 2589 in
2265 2552 2379 2591 Chri-

1267 2633 1294 2654 „
1322 2613 1377 2641 sto
1405 2602 1552 2655 aliquid
1582 2601 1688 2641 aliud
1717 2602 1900 2650 voluerit,
1929 2617 2047 2654 quam
2079 2604 2252 2643 voluntas
2281 2606 2380 2644 divi-

1319 2671 1372 2695 na
1389 2685 1400 2704 ,
1431 2656 1464 2692 ἃ
1496 2655 1669 2695 voluutas
1697 2657 1856 2694 rationis
1885 2657 2032 2708 ipsius5
2063 2669 2285 2697 nontamen
2306 2660 2380 2698 suit

1265 2742 1292 2760 „
1323 2711 1455 2762 aliqua
1483 2711 1727 2748 contrarietas
1747 2710 2011 2748 voluntatum.
2042 2710 2171 2749 l’rimo
2199 2713 2378 2764 quidem,

1268 2795 1294 2814 ,³
1324 2766 1417 2816 quia
1447 2776 1568 2816 neque
1599 2763 1769 2801 voluntas
1798 2764 2019 2814 inituram,
2058 2778 2178 2817 neque
2206 2765 2380 2805 voluntas

1268 2848 1296 2867 „
1324 2817 1598 2856 sensualitatis
1627 2815 1852 2869 repudiabat
1893 2815 2004 2854 illam
2049 2819 2256 2867 rationem,
2301 2834 2380 2872 qua

1266 2902 1292 2920 „
1321 2871 1452 2909 divina
1480 2870 1679 2918 voluntas,
1727 2869 1760 2906 ἃ
1791 2869 1965 2907 voluntas
2007 2871 2160 2910 rationis
2197 2872 2378 2912 humauae

1265 2955 1292 2974 „
1319 2925 1360 2962 in
1385 2923 1535 2964 Christo
1565 2925 1776 2975 passionem
1806 2922 2019 2962 volebat
2056 2924 2259 2975 Secundo,
2288 2929 2380 2979 quia

1266 3008 1293 3027 „
1323 2991 1448 3030 neque
1477 2976 1654 3015 voluntas
1682 2977 1838 3024 divina,
1867 2991 1993 3030 neque
2021 2979 2193 3018 voluntas
2222 2982 2380 3019 rationis

1266 3062 1292 3080 „
1322 3033 1362 3068 in
1393 3031 1543 3069 Christo
1573 3030 1880 3083 impediebatur,
1925 3039 1989 3069 aut
2012 3032 2280 3080 retardabatur
2308 3045 2378 3085 per

1266 3115 1292 3133 „
1323 3083 1553 3122 voluntatem
1583 3083 1828 3132 naturalem,
1875 3093 1940 3123 aut
1969 3098 2035 3137 per
2077 3089 2266 3139 appetitus
2295 3102 2376 3125 sen⁶

1267 3169 1292 3187 ,‚
1321 3137 1528 3175 sualitatis.
1577 3136 1764 3175 Similiter
1794 3139 1907 3176 etiam
1937 3151 2007 3177 nec
2036 3153 2056 3177 e
2097 3142 2284 3180 contrario
2311 3151 2375 3175 vo⁴

1266 3222 1291 3240 „
1321 3189 1445 3229 luntas
1474 3191 1603 3230 divina
1621 3221 1632 3239 ,
1673 3191 1734 3228 vel
1766 3191 1936 3231 voluntas
1965 3194 2121 3232 rationis
2163 3195 2201 3232 in
2229 3193 2375 3229 Christo

1264 3275 1291 3295 „
1320 3243 1558 3297 refugiebat,
1588 3254 1652 3284 aut
1680 3244 1894 3286 retardabat
1920 3255 2067 3287 motum
2083 3246 2282 3288 voluntatis
2302 3257 2370 3282 na-

1721 3299 1771 3338 25
2206 3327 2231 3337 ..
2262 3305 2317 3334 ιιι-

1266 2689 1293 2708 ,Ἰ
