<?xml version="1.0" encoding="UTF-8"?>
<!DOCTYPE html PUBLIC "-//W3C//DTD XHTML 1.0 Transitional//EN"
    "http://www.w3.org/TR/xhtml1/DTD/xhtml1-transitional.dtd">
<html xmlns="http://www.w3.org/1999/xhtml" xml:lang="en" lang="en">
 <head>
  <title>
</title>
<meta http-equiv="Content-Type" content="text/html;charset=utf-8" />
  <meta name='ocr-system' content='tesseract 3.04.00' />
  <meta name='ocr-capabilities' content='ocr_page ocr_carea ocr_par ocr_line ocrx_word'/>
</head>
<body>
  <div class='ocr_page' id='page_1' title='image "./fratrispetrimari04gazzuoft_0116.png"; bbox 0 0 2583 3685; ppageno 0'>
   <div class='ocr_carea' id='block_1_1' title="bbox 181 105 1282 229">
    <p class='ocr_par' dir='ltr' id='par_1_1' title="bbox 178 105 1282 229">
     <span class='ocr_line' id='line_1_1' title="bbox 235 117 297 145; baseline -0.016 0"><span class='ocrx_word' id='word_1_1' title='bbox 235 117 297 145; x_wconf 64' lang='grc' dir='ltr'>πο</span> 
     </span>
     <span class='ocr_line' id='line_1_2' title="bbox 181 105 1282 229; baseline -0.013 -9.038"><span class='ocrx_word' id='word_1_2' title='bbox 181 105 405 220; x_wconf 40' lang='lat' dir='ltr'>Genesi-111.</span> <span class='ocrx_word' id='word_1_3' title='bbox 436 192 473 229; x_wconf 91' lang='lat'>7.</span> <span class='ocrx_word' id='word_1_4' title='bbox 502 176 639 214; x_wconf 86' lang='lat' dir='ltr'>dicitur</span> <span class='ocrx_word' id='word_1_5' title='bbox 667 173 713 212; x_wconf 86' lang='lat' dir='ltr'>de</span> <span class='ocrx_word' id='word_1_6' title='bbox 734 172 908 223; x_wconf 85' lang='lat' dir='ltr'>Adamo,</span> <span class='ocrx_word' id='word_1_7' title='bbox 937 174 1069 214; x_wconf 83' lang='lat' dir='ltr'>&amp;Eva</span> <span class='ocrx_word' id='word_1_8' title='bbox 1096 185 1176 228; x_wconf 77' lang='lat' dir='ltr'>post</span> <span class='ocrx_word' id='word_1_9' title='bbox 1196 191 1282 228; x_wconf 75' lang='lat' dir='ltr'>pec-</span> 
     </span>
    </p>
   </div>
   <div class='ocr_carea' id='block_1_2' title="bbox 164 229 1284 2774">
    <p class='ocr_par' dir='ltr' id='par_1_2' title="bbox 165 229 1284 1660">
     <span class='ocr_line' id='line_1_3' title="bbox 182 229 1282 279; baseline -0.005 -7"><span class='ocrx_word' id='word_1_10' title='bbox 182 245 339 272; x_wconf 75' lang='lat' dir='ltr'>catum:</span> <span class='ocrx_word' id='word_1_11' title='bbox 386 230 573 278; x_wconf 50' lang='lat' dir='ltr'>‘Cumque</span> <span class='ocrx_word' id='word_1_12' title='bbox 602 231 891 279; x_wconf 70' lang='lat' dir='ltr'><em>cognovissent,</em></span> <span class='ocrx_word' id='word_1_13' title='bbox 937 241 978 265; x_wconf 84' lang='lat' dir='ltr'>se</span> <span class='ocrx_word' id='word_1_14' title='bbox 1008 241 1093 266; x_wconf 85' lang='lat' dir='ltr'>esse</span> <span class='ocrx_word' id='word_1_15' title='bbox 1128 229 1250 267; x_wconf 40' lang='lat' dir='ltr'>auitos</span> <span class='ocrx_word' id='word_1_16' title='bbox 1271 259 1282 277; x_wconf 91' lang='lat'>,</span> 
     </span>
     <span class='ocr_line' id='line_1_4' title="bbox 180 280 1283 332; baseline -0.004 -9"><span class='ocrx_word' id='word_1_17' title='bbox 180 292 415 323; x_wconf 72' lang='lat' dir='ltr'>consuerunt</span> <span class='ocrx_word' id='word_1_18' title='bbox 432 280 542 332; x_wconf 76' lang='lat' dir='ltr'>folia</span> <span class='ocrx_word' id='word_1_19' title='bbox 559 280 697 332; x_wconf 81' lang='lat' dir='ltr'>ficus,</span> <span class='ocrx_word' id='word_1_20' title='bbox 745 280 1001 332; x_wconf 69' lang='lat' dir='ltr'>&amp;jecerunt</span> <span class='ocrx_word' id='word_1_21' title='bbox 1044 281 1113 318; x_wconf 77' lang='lat' dir='ltr'>sibi</span> <span class='ocrx_word' id='word_1_22' title='bbox 1140 287 1283 331; x_wconf 77' lang='lat' dir='ltr'>perizo-</span> 
     </span>
     <span class='ocr_line' id='line_1_5' title="bbox 180 333 1284 385; baseline -0.002 -10"><span class='ocrx_word' id='word_1_23' title='bbox 180 348 295 375; x_wconf 69' lang='lat' dir='ltr'>mum.</span> <span class='ocrx_word' id='word_1_24' title='bbox 313 362 323 373; x_wconf 93' lang='lat'>.</span> <span class='ocrx_word' id='word_1_25' title='bbox 381 335 420 371; x_wconf 84' lang='lat' dir='ltr'>ld</span> <span class='ocrx_word' id='word_1_26' title='bbox 451 335 550 371; x_wconf 85' lang='lat' dir='ltr'>enim</span> <span class='ocrx_word' id='word_1_27' title='bbox 580 334 626 371; x_wconf 89' lang='lat' dir='ltr'>de</span> <span class='ocrx_word' id='word_1_28' title='bbox 654 333 804 371; x_wconf 86' lang='lat' dir='ltr'>ficubus</span> <span class='ocrx_word' id='word_1_29' title='bbox 832 336 962 371; x_wconf 85' lang='lat' dir='ltr'>nostris</span> <span class='ocrx_word' id='word_1_30' title='bbox 991 335 1055 372; x_wconf 80' lang='lat' dir='ltr'>vix</span> <span class='ocrx_word' id='word_1_31' title='bbox 1085 344 1199 385; x_wconf 85' lang='lat' dir='ltr'>potest</span> <span class='ocrx_word' id='word_1_32' title='bbox 1228 337 1284 373; x_wconf 90' lang='lat' dir='ltr'>in-</span> 
     </span>
     <span class='ocr_line' id='line_1_6' title="bbox 172 386 1282 439; baseline -0.001 -13"><span class='ocrx_word' id='word_1_33' title='bbox 172 390 296 439; x_wconf 66' lang='lat' dir='ltr'>ntelligi</span> <span class='ocrx_word' id='word_1_34' title='bbox 317 418 326 436; x_wconf 89' lang='lat'>,</span> <span class='ocrx_word' id='word_1_35' title='bbox 367 400 534 438; x_wconf 83' lang='lat' dir='ltr'>quarum</span> <span class='ocrx_word' id='word_1_36' title='bbox 564 386 655 424; x_wconf 75' lang='lat' dir='ltr'>folia</span> <span class='ocrx_word' id='word_1_37' title='bbox 686 387 718 422; x_wconf 79' lang='grc'>8(</span> <span class='ocrx_word' id='word_1_38' title='bbox 749 400 891 438; x_wconf 82' lang='lat' dir='ltr'>parva,</span> <span class='ocrx_word' id='word_1_39' title='bbox 936 386 969 422; x_wconf 79' lang='grc'>8(</span> <span class='ocrx_word' id='word_1_40' title='bbox 999 401 1128 438; x_wconf 80' lang='lat' dir='ltr'>aspera</span> <span class='ocrx_word' id='word_1_41' title='bbox 1157 390 1282 425; x_wconf 85' lang='lat' dir='ltr'>minus</span> 
     </span>
     <span class='ocr_line' id='line_1_7' title="bbox 176 439 1283 491; baseline 0.001 -13"><span class='ocrx_word' id='word_1_42' title='bbox 176 443 312 478; x_wconf 73' lang='lat' dir='ltr'>idonea</span> <span class='ocrx_word' id='word_1_43' title='bbox 341 441 539 487; x_wconf 87' lang='lat' dir='ltr'>videntur,</span> <span class='ocrx_word' id='word_1_44' title='bbox 570 449 607 477; x_wconf 90' lang='lat' dir='ltr'>nt</span> <span class='ocrx_word' id='word_1_45' title='bbox 638 453 703 491; x_wconf 88' lang='lat' dir='ltr'>pro</span> <span class='ocrx_word' id='word_1_46' title='bbox 733 441 954 478; x_wconf 81' lang='lat' dir='ltr'>vestimento</span> <span class='ocrx_word' id='word_1_47' title='bbox 975 439 1195 478; x_wconf 82' lang='lat' dir='ltr'>hominibus</span> <span class='ocrx_word' id='word_1_48' title='bbox 1223 443 1283 479; x_wconf 86' lang='lat' dir='ltr'>in-</span> 
     </span>
     <span class='ocr_line' id='line_1_8' title="bbox 177 492 1283 545; baseline 0.001 -14"><span class='ocrx_word' id='word_1_49' title='bbox 177 495 385 531; x_wconf 81' lang='lat' dir='ltr'>servirent.</span> <span class='ocrx_word' id='word_1_50' title='bbox 426 492 538 531; x_wconf 60' lang='lat' dir='ltr'>Mira</span> <span class='ocrx_word' id='word_1_51' title='bbox 579 502 704 530; x_wconf 86' lang='lat' dir='ltr'>autem</span> <span class='ocrx_word' id='word_1_52' title='bbox 748 508 769 530; x_wconf 81' lang='lat' dir='ltr'>a</span> <span class='ocrx_word' id='word_1_53' title='bbox 800 492 922 531; x_wconf 80' lang='lat' dir='ltr'>Plinio</span> <span class='ocrx_word' id='word_1_54' title='bbox 963 492 1050 530; x_wconf 87' lang='lat' dir='ltr'>Lib.</span> <span class='ocrx_word' id='word_1_55' title='bbox 1072 493 1159 530; x_wconf 80' lang='grc' dir='ltr'>ΧΠ.</span> <span class='ocrx_word' id='word_1_56' title='bbox 1196 508 1283 545; x_wconf 82' lang='lat' dir='ltr'>cap·</span> 
     </span>
     <span class='ocr_line' id='line_1_9' title="bbox 179 545 1281 598; baseline 0 -14"><span class='ocrx_word' id='word_1_57' title='bbox 179 548 217 584; x_wconf 82' lang='grc'>5.</span> <span class='ocrx_word' id='word_1_58' title='bbox 235 577 245 593; x_wconf 85' lang='grc'><em>,</em></span> <span class='ocrx_word' id='word_1_59' title='bbox 275 562 296 584; x_wconf 89' lang='lat' dir='ltr'>a</span> <span class='ocrx_word' id='word_1_60' title='bbox 324 545 453 583; x_wconf 79' lang='lat' dir='ltr'>Solino</span> <span class='ocrx_word' id='word_1_61' title='bbox 482 545 528 582; x_wconf 65' lang='lat' dir='ltr'>tle</span> <span class='ocrx_word' id='word_1_62' title='bbox 557 545 674 583; x_wconf 59' lang='lat' dir='ltr'>Indici</span> <span class='ocrx_word' id='word_1_63' title='bbox 703 561 786 598; x_wconf 76' lang='lat' dir='ltr'>cap.</span> <span class='ocrx_word' id='word_1_64' title='bbox 811 547 872 583; x_wconf 83' lang='lat'>55.</span> <span class='ocrx_word' id='word_1_65' title='bbox 890 576 900 593; x_wconf 92' lang='lat'>,</span> <span class='ocrx_word' id='word_1_66' title='bbox 930 561 951 583; x_wconf 87' lang='lat' dir='ltr'>a</span> <span class='ocrx_word' id='word_1_67' title='bbox 980 545 1163 582; x_wconf 74' lang='lat' dir='ltr'>Strabone</span> <span class='ocrx_word' id='word_1_68' title='bbox 1192 547 1281 584; x_wconf 76' lang='lat' dir='ltr'>Lib.</span> 
     </span>
     <span class='ocr_line' id='line_1_10' title="bbox 174 598 1280 650; baseline -0.001 -13"><span class='ocrx_word' id='word_1_69' title='bbox 174 598 269 637; x_wconf 80' lang='lat' dir='ltr'>XV.</span> <span class='ocrx_word' id='word_1_70' title='bbox 299 599 346 636; x_wconf 77' lang='lat' dir='ltr'>&lt;Ie</span> <span class='ocrx_word' id='word_1_71' title='bbox 375 598 457 635; x_wconf 71' lang='lat' dir='ltr'>Situ</span> <span class='ocrx_word' id='word_1_72' title='bbox 489 598 630 648; x_wconf 63' lang='lat' dir='ltr'>Orbis,</span> <span class='ocrx_word' id='word_1_73' title='bbox 678 599 712 635; x_wconf 86' lang='grc'>8(</span> <span class='ocrx_word' id='word_1_74' title='bbox 742 615 763 636; x_wconf 86' lang='lat' dir='ltr'>a</span> <span class='ocrx_word' id='word_1_75' title='bbox 792 598 1052 650; x_wconf 71' lang='lat' dir='ltr'>Theophrasto</span> <span class='ocrx_word' id='word_1_76' title='bbox 1096 598 1182 636; x_wconf 78' lang='lat' dir='ltr'>Lib.</span> <span class='ocrx_word' id='word_1_77' title='bbox 1213 599 1280 636; x_wconf 89' lang='lat' dir='ltr'>IV.</span> 
     </span>
     <span class='ocr_line' id='line_1_11' title="bbox 174 651 1280 703; baseline -0.002 -14"><span class='ocrx_word' id='word_1_78' title='bbox 174 653 226 689; x_wconf 72' lang='lat' dir='ltr'>de</span> <span class='ocrx_word' id='word_1_79' title='bbox 255 651 409 689; x_wconf 76' lang='lat' dir='ltr'>Plnntis</span> <span class='ocrx_word' id='word_1_80' title='bbox 437 666 522 703; x_wconf 86' lang='lat' dir='ltr'>cap.</span> <span class='ocrx_word' id='word_1_81' title='bbox 545 653 582 697; x_wconf 72' lang='grc'>4.</span> <span class='ocrx_word' id='word_1_82' title='bbox 613 661 815 690; x_wconf 83' lang='lat' dir='ltr'>narrantur</span> <span class='ocrx_word' id='word_1_83' title='bbox 857 652 902 690; x_wconf 89' lang='lat' dir='ltr'>de</span> <span class='ocrx_word' id='word_1_84' title='bbox 931 651 1008 689; x_wconf 84' lang='lat' dir='ltr'>ficu</span> <span class='ocrx_word' id='word_1_85' title='bbox 1040 651 1198 698; x_wconf 84' lang='lat' dir='ltr'>Indica,</span> <span class='ocrx_word' id='word_1_86' title='bbox 1246 651 1280 687; x_wconf 81' lang='lat' dir='ltr'>8t</span> 
     </span>
     <span class='ocr_line' id='line_1_12' title="bbox 171 704 1282 758; baseline -0.002 -16"><span class='ocrx_word' id='word_1_87' title='bbox 171 704 366 743; x_wconf 72' lang='lat' dir='ltr'>latissimis</span> <span class='ocrx_word' id='word_1_88' title='bbox 395 705 476 756; x_wconf 72' lang='lat' dir='ltr'>ejus</span> <span class='ocrx_word' id='word_1_89' title='bbox 507 705 632 754; x_wconf 84' lang='lat' dir='ltr'>soliis,</span> <span class='ocrx_word' id='word_1_90' title='bbox 679 719 842 758; x_wconf 85' lang='lat' dir='ltr'>quorum</span> <span class='ocrx_word' id='word_1_91' title='bbox 879 706 955 742; x_wconf 89' lang='lat' dir='ltr'>duo</span> <span class='ocrx_word' id='word_1_92' title='bbox 984 705 1129 742; x_wconf 78' lang='lat' dir='ltr'>Adamo</span> <span class='ocrx_word' id='word_1_93' title='bbox 1170 704 1282 741; x_wconf 81' lang='lat' dir='ltr'>suffe-</span> 
     </span>
     <span class='ocr_line' id='line_1_13' title="bbox 176 756 1282 810; baseline -0.001 -14"><span class='ocrx_word' id='word_1_94' title='bbox 176 759 309 796; x_wconf 66' lang='lat' dir='ltr'>cissent</span> <span class='ocrx_word' id='word_1_95' title='bbox 356 759 402 796; x_wconf 85' lang='lat' dir='ltr'>ad</span> <span class='ocrx_word' id='word_1_96' title='bbox 446 760 698 810; x_wconf 77' lang='lat' dir='ltr'><strong>perizomata.</strong></span> <span class='ocrx_word' id='word_1_97' title='bbox 755 758 930 796; x_wconf 85' lang='lat' dir='ltr'>Secundo</span> <span class='ocrx_word' id='word_1_98' title='bbox 971 757 1026 794; x_wconf 88' lang='lat' dir='ltr'>ibi</span> <span class='ocrx_word' id='word_1_99' title='bbox 1056 756 1282 808; x_wconf 64' lang='lat' dir='ltr'>praeterfluit</span> 
     </span>
     <span class='ocr_line' id='line_1_14' title="bbox 175 808 1281 864; baseline -0.003 -14"><span class='ocrx_word' id='word_1_100' title='bbox 175 813 354 864; x_wconf 80' lang='lat' dir='ltr'>Ganges,</span> <span class='ocrx_word' id='word_1_101' title='bbox 401 826 517 863; x_wconf 81' lang='lat' dir='ltr'>quem</span> <span class='ocrx_word' id='word_1_102' title='bbox 547 812 724 850; x_wconf 85' lang='lat' dir='ltr'>eumdem</span> <span class='ocrx_word' id='word_1_103' title='bbox 753 826 856 860; x_wconf 85' lang='lat' dir='ltr'>esse,</span> <span class='ocrx_word' id='word_1_104' title='bbox 899 824 942 847; x_wconf 88' lang='lat' dir='ltr'>ac</span> <span class='ocrx_word' id='word_1_105' title='bbox 961 808 1128 859; x_wconf 68' lang='lat' dir='ltr'>vPhison,</span> <span class='ocrx_word' id='word_1_106' title='bbox 1169 811 1281 848; x_wconf 85' lang='lat' dir='ltr'>tradit</span> 
     </span>
     <span class='ocr_line' id='line_1_15' title="bbox 175 863 1280 917; baseline -0.002 -14"><span class='ocrx_word' id='word_1_107' title='bbox 175 864 358 917; x_wconf 84' lang='lat' dir='ltr'>Josephus</span> <span class='ocrx_word' id='word_1_108' title='bbox 387 865 475 903; x_wconf 81' lang='lat' dir='ltr'>Lib.</span> <span class='ocrx_word' id='word_1_109' title='bbox 495 867 526 903; x_wconf 87' lang='grc' dir='ltr'>Ι.</span> <span class='ocrx_word' id='word_1_110' title='bbox 556 866 846 916; x_wconf 74' lang='lat' dir='ltr'>Antiquitatum</span> <span class='ocrx_word' id='word_1_111' title='bbox 874 863 1028 901; x_wconf 65' lang='lat' dir='ltr'>Judaz&#39;c.</span> <span class='ocrx_word' id='word_1_112' title='bbox 1059 863 1187 900; x_wconf 80' lang='lat' dir='ltr'>Tertio</span> <span class='ocrx_word' id='word_1_113' title='bbox 1217 863 1280 901; x_wconf 87' lang='lat' dir='ltr'>hic</span> 
     </span>
     <span class='ocr_line' id='line_1_16' title="bbox 175 917 1279 971; baseline -0.003 -15"><span class='ocrx_word' id='word_1_114' title='bbox 175 917 317 956; x_wconf 79' lang='lat' dir='ltr'>fluvius</span> <span class='ocrx_word' id='word_1_115' title='bbox 347 927 425 966; x_wconf 84' lang='lat' dir='ltr'>est,</span> <span class='ocrx_word' id='word_1_116' title='bbox 449 920 519 971; x_wconf 75' lang='lat' dir='ltr'>qui</span> <span class='ocrx_word' id='word_1_117' title='bbox 549 928 636 956; x_wconf 81' lang='lat' dir='ltr'>teste</span> <span class='ocrx_word' id='word_1_118' title='bbox 666 918 801 971; x_wconf 78' lang='lat' dir='ltr'>Moyse</span> <span class='ocrx_word' id='word_1_119' title='bbox 821 919 922 956; x_wconf 85' lang='lat' dir='ltr'><strong>Gen.</strong></span> <span class='ocrx_word' id='word_1_120' title='bbox 944 918 990 954; x_wconf 89' lang='lat' dir='ltr'>Il.</span> <span class='ocrx_word' id='word_1_121' title='bbox 1027 930 1086 955; x_wconf 70' lang='grc' dir='ltr'>ιι.</span> <span class='ocrx_word' id='word_1_122' title='bbox 1103 945 1113 964; x_wconf 89' lang='lat'>,</span> <span class='ocrx_word' id='word_1_123' title='bbox 1143 919 1279 953; x_wconf 68' lang='lat' dir='ltr'>circuit</span> 
     </span>
     <span class='ocr_line' id='line_1_17' title="bbox 173 969 1278 1019; baseline 0 -12"><span class='ocrx_word' id='word_1_124' title='bbox 173 984 335 1008; x_wconf 78' lang='lat' dir='ltr'>omnem</span> <span class='ocrx_word' id='word_1_125' title='bbox 365 981 518 1009; x_wconf 69' lang='lat' dir='ltr'>terram</span> <span class='ocrx_word' id='word_1_126' title='bbox 543 971 757 1019; x_wconf 61' lang='lat' dir='ltr'>-Hewilatlz,</span> <span class='ocrx_word' id='word_1_127' title='bbox 805 969 866 1008; x_wconf 64' lang='lat' dir='ltr'>aba·</span> <span class='ocrx_word' id='word_1_128' title='bbox 895 974 1073 1008; x_wconf 75' lang='lat' dir='ltr'>nascitur</span> <span class='ocrx_word' id='word_1_129' title='bbox 1100 982 1243 1006; x_wconf 80' lang='lat' dir='ltr'>nurum</span> <span class='ocrx_word' id='word_1_130' title='bbox 1266 994 1278 1007; x_wconf 87' lang='lat'>.</span> 
     </span>
     <span class='ocr_line' id='line_1_18' title="bbox 174 1024 1279 1072; baseline -0.002 -11"><span class='ocrx_word' id='word_1_131' title='bbox 174 1024 353 1062; x_wconf 83' lang='lat' dir='ltr'>Hevilath</span> <span class='ocrx_word' id='word_1_132' title='bbox 385 1034 511 1063; x_wconf 85' lang='lat' dir='ltr'>autem</span> <span class='ocrx_word' id='word_1_133' title='bbox 553 1035 606 1063; x_wconf 89' lang='lat' dir='ltr'>est</span> <span class='ocrx_word' id='word_1_134' title='bbox 634 1028 675 1064; x_wconf 92' lang='lat' dir='ltr'>in</span> <span class='ocrx_word' id='word_1_135' title='bbox 706 1024 841 1072; x_wconf 85' lang='lat' dir='ltr'>India,</span> <span class='ocrx_word' id='word_1_136' title='bbox 889 1024 955 1061; x_wconf 89' lang='lat' dir='ltr'>ubi</span> <span class='ocrx_word' id='word_1_137' title='bbox 998 1025 1112 1060; x_wconf 84' lang='lat' dir='ltr'>etiam</span> <span class='ocrx_word' id='word_1_138' title='bbox 1141 1035 1279 1060; x_wconf 86' lang='lat' dir='ltr'>aurum</span> 
     </span>
     <span class='ocr_line' id='line_1_19' title="bbox 170 1076 1279 1130; baseline -0.003 -15"><span class='ocrx_word' id='word_1_139' title='bbox 170 1079 359 1129; x_wconf 74' lang='lat' dir='ltr'>optimum</span> <span class='ocrx_word' id='word_1_140' title='bbox 376 1108 387 1127; x_wconf 93' lang='lat'>,</span> <span class='ocrx_word' id='word_1_141' title='bbox 416 1076 603 1116; x_wconf 79' lang='lat' dir='ltr'>bdellium</span> <span class='ocrx_word' id='word_1_142' title='bbox 622 1109 632 1126; x_wconf 92' lang='lat'>,</span> <span class='ocrx_word' id='word_1_143' title='bbox 663 1077 822 1130; x_wconf 75' lang='lat' dir='ltr'>&amp;lapis</span> <span class='ocrx_word' id='word_1_144' title='bbox 847 1076 1047 1114; x_wconf 77' lang='lat' dir='ltr'>onichinus</span> <span class='ocrx_word' id='word_1_145' title='bbox 1078 1076 1279 1115; x_wconf 84' lang='lat' dir='ltr'>inveniun-</span> 
     </span>
     <span class='ocr_line' id='line_1_20' title="bbox 169 1129 1280 1183; baseline -0.003 -16"><span class='ocrx_word' id='word_1_146' title='bbox 169 1138 256 1178; x_wconf 81' lang='lat' dir='ltr'>tur,</span> <span class='ocrx_word' id='word_1_147' title='bbox 299 1145 386 1183; x_wconf 78' lang='lat' dir='ltr'>quae</span> <span class='ocrx_word' id='word_1_148' title='bbox 417 1141 527 1169; x_wconf 84' lang='lat' dir='ltr'>terrae</span> <span class='ocrx_word' id='word_1_149' title='bbox 557 1130 735 1171; x_wconf 86' lang='lat' dir='ltr'>Hevilath</span> <span class='ocrx_word' id='word_1_150' title='bbox 766 1146 788 1167; x_wconf 84' lang='lat' dir='ltr'>a</span> <span class='ocrx_word' id='word_1_151' title='bbox 823 1143 929 1168; x_wconf 88' lang='lat' dir='ltr'>sacro</span> <span class='ocrx_word' id='word_1_152' title='bbox 958 1129 1148 1180; x_wconf 87' lang='lat' dir='ltr'>Scriptore</span> <span class='ocrx_word' id='word_1_153' title='bbox 1177 1129 1280 1164; x_wconf 87' lang='lat' dir='ltr'>attri-</span> 
     </span>
     <span class='ocr_line' id='line_1_21' title="bbox 170 1182 1280 1224; baseline -0.004 -3"><span class='ocrx_word' id='word_1_154' title='bbox 170 1183 345 1221; x_wconf 81' lang='lat' dir='ltr'>buuntur</span> <span class='ocrx_word' id='word_1_155' title='bbox 363 1211 372 1221; x_wconf 85' lang='lat'>.</span> <span class='ocrx_word' id='word_1_156' title='bbox 417 1185 585 1223; x_wconf 89' lang='lat' dir='ltr'>Demum</span> <span class='ocrx_word' id='word_1_157' title='bbox 612 1198 686 1224; x_wconf 83' lang='lat' dir='ltr'>non</span> <span class='ocrx_word' id='word_1_158' title='bbox 714 1185 847 1222; x_wconf 85' lang='lat' dir='ltr'><strong>desunt</strong></span> <span class='ocrx_word' id='word_1_159' title='bbox 877 1182 965 1220; x_wconf 91' lang='lat' dir='ltr'>huic</span> <span class='ocrx_word' id='word_1_160' title='bbox 994 1183 1183 1220; x_wconf 79' lang='lat' dir='ltr'>sententiae</span> <span class='ocrx_word' id='word_1_161' title='bbox 1213 1194 1280 1218; x_wconf 86' lang='lat' dir='ltr'>an-</span> 
     </span>
     <span class='ocr_line' id='line_1_22' title="bbox 171 1233 1279 1288; baseline -0.005 -15"><span class='ocrx_word' id='word_1_162' title='bbox 171 1237 199 1273; x_wconf 79' lang='lat' dir='ltr'>ti</span> <span class='ocrx_word' id='word_1_163' title='bbox 232 1238 271 1273; x_wconf 91' lang='lat' dir='ltr'>ui</span> <span class='ocrx_word' id='word_1_164' title='bbox 318 1238 606 1288; x_wconf 78' lang='lat' dir='ltr'>suffragatores,</span> <span class='ocrx_word' id='word_1_165' title='bbox 654 1247 693 1275; x_wconf 88' lang='lat' dir='ltr'>ut</span> <span class='ocrx_word' id='word_1_166' title='bbox 730 1237 771 1275; x_wconf 87' lang='lat' dir='ltr'>S.</span> <span class='ocrx_word' id='word_1_167' title='bbox 803 1237 1061 1286; x_wconf 72' lang='lat' dir='ltr'>Hieronymus</span> <span class='ocrx_word' id='word_1_168' title='bbox 1106 1235 1142 1270; x_wconf 88' lang='lat' dir='ltr'>in</span> <span class='ocrx_word' id='word_1_169' title='bbox 1186 1233 1279 1269; x_wconf 72' lang='lat' dir='ltr'>Iocis</span> 
     </span>
     <span class='ocr_line' id='line_1_23' title="bbox 169 1251 1280 1338; baseline -0.005 -11"><span class='ocrx_word' id='word_1_170' title='bbox 169 1251 382 1327; x_wconf 46' lang='lat' dir='ltr'>haebraicis</span> <span class='ocrx_word' id='word_1_171' title='bbox 427 1293 582 1328; x_wconf 81' lang='lat' dir='ltr'>dicens:</span> <span class='ocrx_word' id='word_1_172' title='bbox 630 1320 656 1338; x_wconf 91' lang='lat'><strong>„</strong></span> <span class='ocrx_word' id='word_1_173' title='bbox 686 1288 892 1326; x_wconf 59' lang='lat' dir='ltr'>Phison...</span> <span class='ocrx_word' id='word_1_174' title='bbox 941 1287 1081 1324; x_wconf 85' lang='lat' dir='ltr'>fluvius</span> <span class='ocrx_word' id='word_1_175' title='bbox 1105 1315 1116 1333; x_wconf 86' lang='lat'>,</span> <span class='ocrx_word' id='word_1_176' title='bbox 1164 1299 1280 1337; x_wconf 83' lang='lat' dir='ltr'>quem</span> 
     </span>
     <span class='ocr_line' id='line_1_24' title="bbox 172 1337 1280 1394; baseline -0.007 -14"><span class='ocrx_word' id='word_1_177' title='bbox 172 1371 199 1391; x_wconf 85' lang='lat'>„</span> <span class='ocrx_word' id='word_1_178' title='bbox 230 1345 340 1380; x_wconf 78' lang='lat' dir='ltr'>nostri</span> <span class='ocrx_word' id='word_1_179' title='bbox 372 1343 559 1394; x_wconf 72' lang='lat' dir='ltr'>Gangem</span> <span class='ocrx_word' id='word_1_180' title='bbox 590 1350 751 1388; x_wconf 84' lang='lat' dir='ltr'>vocant,</span> <span class='ocrx_word' id='word_1_181' title='bbox 779 1341 826 1377; x_wconf 89' lang='lat' dir='ltr'>de</span> <span class='ocrx_word' id='word_1_182' title='bbox 855 1339 1032 1376; x_wconf 71' lang='lat' dir='ltr'>paradiso</span> <span class='ocrx_word' id='word_1_183' title='bbox 1059 1340 1216 1385; x_wconf 74' lang='lat' dir='ltr'>exiens,</span> <span class='ocrx_word' id='word_1_184' title='bbox 1247 1337 1280 1372; x_wconf 74' lang='lat'>8&lt;</span> 
     </span>
     <span class='ocr_line' id='line_1_25' title="bbox 172 1391 1281 1446; baseline -0.004 -14"><span class='ocrx_word' id='word_1_185' title='bbox 172 1424 198 1444; x_wconf 91' lang='lat'>„</span> <span class='ocrx_word' id='word_1_186' title='bbox 229 1409 383 1446; x_wconf 79' lang='lat' dir='ltr'>pergens</span> <span class='ocrx_word' id='word_1_187' title='bbox 411 1397 458 1433; x_wconf 81' lang='lat' dir='ltr'>ad</span> <span class='ocrx_word' id='word_1_188' title='bbox 487 1395 605 1432; x_wconf 78' lang='lat' dir='ltr'>ludiae</span> <span class='ocrx_word' id='word_1_189' title='bbox 638 1395 833 1445; x_wconf 79' lang='lat' dir='ltr'>regiones,</span> <span class='ocrx_word' id='word_1_190' title='bbox 882 1400 960 1443; x_wconf 79' lang='lat' dir='ltr'>post</span> <span class='ocrx_word' id='word_1_191' title='bbox 989 1405 1083 1443; x_wconf 84' lang='lat' dir='ltr'>quas</span> <span class='ocrx_word' id='word_1_192' title='bbox 1114 1391 1281 1443; x_wconf 79' lang='lat' dir='ltr'>erumpit</span> 
     </span>
     <span class='ocr_line' id='line_1_26' title="bbox 165 1445 1281 1501; baseline -0.003 -15"><span class='ocrx_word' id='word_1_193' title='bbox 165 1477 196 1497; x_wconf 59' lang='lat'>9,</span> <span class='ocrx_word' id='word_1_194' title='bbox 226 1449 266 1486; x_wconf 87' lang='lat' dir='ltr'>in</span> <span class='ocrx_word' id='word_1_195' title='bbox 298 1447 478 1501; x_wconf 77' lang='lat' dir='ltr'>pelagus.</span> <span class='ocrx_word' id='word_1_196' title='bbox 535 1447 639 1486; x_wconf 86' lang='lat' dir='ltr'>Dicit</span> <span class='ocrx_word' id='word_1_197' title='bbox 668 1457 793 1485; x_wconf 83' lang='lat' dir='ltr'>autem</span> <span class='ocrx_word' id='word_1_198' title='bbox 824 1445 1042 1496; x_wconf 78' lang='lat' dir='ltr'>Scriptura,</span> <span class='ocrx_word' id='word_1_199' title='bbox 1079 1446 1281 1483; x_wconf 79' lang='lat' dir='ltr'>circumiri</span> 
     </span>
     <span class='ocr_line' id='line_1_27' title="bbox 170 1496 1279 1552; baseline -0.004 -14"><span class='ocrx_word' id='word_1_200' title='bbox 170 1530 197 1550; x_wconf 92' lang='lat'>„</span> <span class='ocrx_word' id='word_1_201' title='bbox 227 1500 275 1538; x_wconf 85' lang='lat' dir='ltr'>ab</span> <span class='ocrx_word' id='word_1_202' title='bbox 306 1501 376 1539; x_wconf 90' lang='lat' dir='ltr'>hoc</span> <span class='ocrx_word' id='word_1_203' title='bbox 407 1502 626 1540; x_wconf 82' lang='lat' dir='ltr'>universam</span> <span class='ocrx_word' id='word_1_204' title='bbox 655 1501 848 1552; x_wconf 83' lang='lat' dir='ltr'>regionem</span> <span class='ocrx_word' id='word_1_205' title='bbox 879 1496 1082 1544; x_wconf 79' lang='lat' dir='ltr'>Hevilath,</span> <span class='ocrx_word' id='word_1_206' title='bbox 1114 1498 1181 1535; x_wconf 88' lang='lat' dir='ltr'>ubi</span> <span class='ocrx_word' id='word_1_207' title='bbox 1211 1511 1279 1535; x_wconf 86' lang='lat' dir='ltr'>au-</span> 
     </span>
     <span class='ocr_line' id='line_1_28' title="bbox 169 1549 1279 1607; baseline -0.003 -16"><span class='ocrx_word' id='word_1_208' title='bbox 169 1583 197 1603; x_wconf 85' lang='lat'>„</span> <span class='ocrx_word' id='word_1_209' title='bbox 227 1567 312 1592; x_wconf 88' lang='lat' dir='ltr'>rum</span> <span class='ocrx_word' id='word_1_210' title='bbox 357 1556 597 1607; x_wconf 72' lang='lat' dir='ltr'>praecipuum</span> <span class='ocrx_word' id='word_1_211' title='bbox 627 1556 820 1602; x_wconf 80' lang='lat' dir='ltr'>nascitur,</span> <span class='ocrx_word' id='word_1_212' title='bbox 869 1550 902 1586; x_wconf 83' lang='grc'>8(</span> <span class='ocrx_word' id='word_1_213' title='bbox 939 1549 1195 1589; x_wconf 78' lang='lat' dir='ltr'>carbunculus</span> <span class='ocrx_word' id='word_1_214' title='bbox 1222 1549 1279 1588; x_wconf 79' lang='lat' dir='ltr'>la·</span> 
     </span>
     <span class='ocr_line' id='line_1_29' title="bbox 168 1608 644 1660; baseline 0 -15"><span class='ocrx_word' id='word_1_215' title='bbox 168 1633 196 1656; x_wconf 66' lang='lat'>9,</span> <span class='ocrx_word' id='word_1_216' title='bbox 226 1608 310 1657; x_wconf 90' lang='lat' dir='ltr'>pis,</span> <span class='ocrx_word' id='word_1_217' title='bbox 340 1608 373 1645; x_wconf 82' lang='grc'>8(</span> <span class='ocrx_word' id='word_1_218' title='bbox 403 1610 644 1660; x_wconf 42' lang='lat' dir='ltr'>prasinus&amp;</span> 
     </span>
    </p>

    <p class='ocr_par' dir='ltr' id='par_1_3' title="bbox 164 1655 1279 2774">
     <span class='ocr_line' id='line_1_30' title="bbox 220 1655 1277 1709; baseline -0.008 -9"><span class='ocrx_word' id='word_1_219' title='bbox 220 1660 315 1699; x_wconf 77' lang='lat'>311.</span> <span class='ocrx_word' id='word_1_220' title='bbox 341 1662 544 1709; x_wconf 80' lang='lat' dir='ltr'>Quomodo</span> <span class='ocrx_word' id='word_1_221' title='bbox 583 1669 710 1697; x_wconf 83' lang='lat' dir='ltr'>autem</span> <span class='ocrx_word' id='word_1_222' title='bbox 748 1658 833 1696; x_wconf 78' lang='lat' dir='ltr'>haec</span> <span class='ocrx_word' id='word_1_223' title='bbox 866 1657 1047 1695; x_wconf 80' lang='lat' dir='ltr'>sententia</span> <span class='ocrx_word' id='word_1_224' title='bbox 1082 1669 1171 1693; x_wconf 86' lang='lat' dir='ltr'>cmn</span> <span class='ocrx_word' id='word_1_225' title='bbox 1213 1655 1277 1693; x_wconf 88' lang='lat' dir='ltr'>de-</span> 
     </span>
     <span class='ocr_line' id='line_1_31' title="bbox 167 1709 1279 1765; baseline -0.004 -15"><span class='ocrx_word' id='word_1_226' title='bbox 167 1714 369 1765; x_wconf 71' lang='lat' dir='ltr'>scriptione</span> <span class='ocrx_word' id='word_1_227' title='bbox 398 1722 558 1765; x_wconf 85' lang='lat' dir='ltr'>quatuor</span> <span class='ocrx_word' id='word_1_228' title='bbox 588 1712 793 1750; x_wconf 80' lang='lat' dir='ltr'>fluviorum</span> <span class='ocrx_word' id='word_1_229' title='bbox 812 1740 822 1758; x_wconf 90' lang='lat'>,</span> <span class='ocrx_word' id='word_1_230' title='bbox 852 1711 919 1762; x_wconf 86' lang='lat' dir='ltr'>qui</span> <span class='ocrx_word' id='word_1_231' title='bbox 947 1725 968 1747; x_wconf 88' lang='lat' dir='ltr'>a</span> <span class='ocrx_word' id='word_1_232' title='bbox 998 1709 1173 1747; x_wconf 79' lang='lat' dir='ltr'>Paradiso</span> <span class='ocrx_word' id='word_1_233' title='bbox 1202 1710 1279 1745; x_wconf 82' lang='lat' dir='ltr'>exi-</span> 
     </span>
     <span class='ocr_line' id='line_1_32' title="bbox 166 1760 1276 1814; baseline -0.005 -11"><span class='ocrx_word' id='word_1_234' title='bbox 166 1765 289 1814; x_wconf 80' lang='lat' dir='ltr'>bant,</span> <span class='ocrx_word' id='word_1_235' title='bbox 317 1766 563 1813; x_wconf 73' lang='lat' dir='ltr'>concilietur,</span> <span class='ocrx_word' id='word_1_236' title='bbox 594 1765 670 1803; x_wconf 83' lang='lat' dir='ltr'>late</span> <span class='ocrx_word' id='word_1_237' title='bbox 699 1765 843 1802; x_wconf 87' lang='lat' dir='ltr'>disserit</span> <span class='ocrx_word' id='word_1_238' title='bbox 861 1762 1066 1800; x_wconf 78' lang='lat' dir='ltr'>Malvenda</span> <span class='ocrx_word' id='word_1_239' title='bbox 1095 1776 1130 1799; x_wconf 89' lang='lat' dir='ltr'>c.</span> <span class='ocrx_word' id='word_1_240' title='bbox 1149 1762 1212 1807; x_wconf 66' lang='lat'>24.</span> <span class='ocrx_word' id='word_1_241' title='bbox 1242 1760 1276 1797; x_wconf 82' lang='grc'>8(</span> 
     </span>
     <span class='ocr_line' id='line_1_33' title="bbox 167 1816 1278 1871; baseline -0.005 -14"><span class='ocrx_word' id='word_1_242' title='bbox 167 1831 246 1869; x_wconf 71' lang='lat' dir='ltr'>seq.</span> <span class='ocrx_word' id='word_1_243' title='bbox 264 1849 274 1868; x_wconf 95' lang='lat'>,</span> <span class='ocrx_word' id='word_1_244' title='bbox 304 1818 535 1871; x_wconf 80' lang='lat' dir='ltr'>singularem</span> <span class='ocrx_word' id='word_1_245' title='bbox 562 1817 757 1857; x_wconf 83' lang='lat' dir='ltr'>ostendens</span> <span class='ocrx_word' id='word_1_246' title='bbox 785 1816 1076 1869; x_wconf 83' lang='lat' dir='ltr'>geographicam</span> <span class='ocrx_word' id='word_1_247' title='bbox 1098 1816 1278 1866; x_wconf 80' lang='lat' dir='ltr'>cognitio-</span> 
     </span>
     <span class='ocr_line' id='line_1_34' title="bbox 167 1868 1277 1923; baseline -0.004 -14"><span class='ocrx_word' id='word_1_248' title='bbox 167 1885 287 1919; x_wconf 84' lang='lat' dir='ltr'>nem,</span> <span class='ocrx_word' id='word_1_249' title='bbox 317 1881 397 1910; x_wconf 84' lang='lat' dir='ltr'>tum</span> <span class='ocrx_word' id='word_1_250' title='bbox 427 1872 643 1923; x_wconf 78' lang='lat' dir='ltr'>Scripturas</span> <span class='ocrx_word' id='word_1_251' title='bbox 672 1884 793 1910; x_wconf 82' lang='lat' dir='ltr'>sacras</span> <span class='ocrx_word' id='word_1_252' title='bbox 814 1883 859 1908; x_wconf 79' lang='lat' dir='ltr'>ex</span> <span class='ocrx_word' id='word_1_253' title='bbox 889 1869 1069 1907; x_wconf 86' lang='lat' dir='ltr'>hebraico</span> <span class='ocrx_word' id='word_1_254' title='bbox 1098 1870 1198 1906; x_wconf 86' lang='lat' dir='ltr'>fonte</span> <span class='ocrx_word' id='word_1_255' title='bbox 1217 1868 1277 1906; x_wconf 89' lang='lat' dir='ltr'>in-</span> 
     </span>
     <span class='ocr_line' id='line_1_35' title="bbox 168 1923 1276 1976; baseline -0.004 -14"><span class='ocrx_word' id='word_1_256' title='bbox 168 1926 400 1976; x_wconf 84' lang='lat' dir='ltr'>terpretandi</span> <span class='ocrx_word' id='word_1_257' title='bbox 430 1927 635 1976; x_wconf 80' lang='lat' dir='ltr'>peritiam3</span> <span class='ocrx_word' id='word_1_258' title='bbox 665 1923 698 1959; x_wconf 83' lang='grc'>8(</span> <span class='ocrx_word' id='word_1_259' title='bbox 726 1933 925 1976; x_wconf 80' lang='lat' dir='ltr'>postquam</span> <span class='ocrx_word' id='word_1_260' title='bbox 954 1935 1083 1960; x_wconf 88' lang='lat' dir='ltr'>omnes</span> <span class='ocrx_word' id='word_1_261' title='bbox 1111 1923 1276 1960; x_wconf 86' lang='lat' dir='ltr'>circum-</span> 
     </span>
     <span class='ocr_line' id='line_1_36' title="bbox 168 1974 1276 2028; baseline -0.005 -12"><span class='ocrx_word' id='word_1_262' title='bbox 168 1978 546 2026; x_wconf 67' lang='lat' dir='ltr'>stantiasiocorum,</span> <span class='ocrx_word' id='word_1_263' title='bbox 575 1978 610 2014; x_wconf 65' lang='grc' dir='ltr'>δε</span> <span class='ocrx_word' id='word_1_264' title='bbox 640 1976 848 2016; x_wconf 71' lang='lat' dir='ltr'>fluminum</span> <span class='ocrx_word' id='word_1_265' title='bbox 866 2006 876 2025; x_wconf 86' lang='lat'>,</span> <span class='ocrx_word' id='word_1_266' title='bbox 902 1975 1030 2028; x_wconf 78' lang='lat' dir='ltr'>quoad</span> <span class='ocrx_word' id='word_1_267' title='bbox 1059 1974 1145 2013; x_wconf 85' lang='lat' dir='ltr'>fieri</span> <span class='ocrx_word' id='word_1_268' title='bbox 1175 1983 1276 2027; x_wconf 84' lang='lat' dir='ltr'>pote-</span> 
     </span>
     <span class='ocr_line' id='line_1_37' title="bbox 166 2027 1276 2083; baseline -0.004 -15"><span class='ocrx_word' id='word_1_269' title='bbox 166 2039 252 2079; x_wconf 83' lang='lat' dir='ltr'>rat,</span> <span class='ocrx_word' id='word_1_270' title='bbox 281 2029 479 2083; x_wconf 82' lang='lat' dir='ltr'>diligenter</span> <span class='ocrx_word' id='word_1_271' title='bbox 507 2031 766 2078; x_wconf 75' lang='lat' dir='ltr'>examinavit,</span> <span class='ocrx_word' id='word_1_272' title='bbox 812 2031 865 2068; x_wconf 82' lang='lat' dir='ltr'>ita</span> <span class='ocrx_word' id='word_1_273' title='bbox 891 2043 926 2067; x_wconf 76' lang='lat' dir='ltr'>c.</span> <span class='ocrx_word' id='word_1_274' title='bbox 948 2030 1013 2066; x_wconf 83' lang='lat'>51.</span> <span class='ocrx_word' id='word_1_275' title='bbox 1050 2027 1276 2067; x_wconf 72' lang='lat' dir='ltr'>concludit:</span> 
     </span>
     <span class='ocr_line' id='line_1_38' title="bbox 165 2081 1276 2136; baseline -0.004 -14"><span class='ocrx_word' id='word_1_276' title='bbox 165 2085 291 2136; x_wconf 88' lang='lat' dir='ltr'>primo</span> <span class='ocrx_word' id='word_1_277' title='bbox 320 2084 541 2123; x_wconf 81' lang='lat' dir='ltr'>Paradisum</span> <span class='ocrx_word' id='word_1_278' title='bbox 570 2085 685 2122; x_wconf 73' lang='lat' dir='ltr'>fuisse</span> <span class='ocrx_word' id='word_1_279' title='bbox 713 2082 926 2135; x_wconf 78' lang='lat' dir='ltr'>plantatum</span> <span class='ocrx_word' id='word_1_280' title='bbox 949 2081 1137 2129; x_wconf 68' lang='lat' dir='ltr'>Oriente,</span> <span class='ocrx_word' id='word_1_281' title='bbox 1168 2095 1276 2119; x_wconf 83' lang='lat' dir='ltr'>nem-</span> 
     </span>
     <span class='ocr_line' id='line_1_39' title="bbox 164 2134 1276 2190; baseline -0.004 -15"><span class='ocrx_word' id='word_1_282' title='bbox 164 2151 214 2189; x_wconf 85' lang='lat' dir='ltr'>pe</span> <span class='ocrx_word' id='word_1_283' title='bbox 241 2138 282 2176; x_wconf 91' lang='lat' dir='ltr'>in</span> <span class='ocrx_word' id='word_1_284' title='bbox 312 2139 356 2176; x_wconf 91' lang='lat' dir='ltr'>iis</span> <span class='ocrx_word' id='word_1_285' title='bbox 385 2138 627 2190; x_wconf 81' lang='lat' dir='ltr'>regionibus,</span> <span class='ocrx_word' id='word_1_286' title='bbox 674 2150 762 2189; x_wconf 77' lang='lat' dir='ltr'>quae</span> <span class='ocrx_word' id='word_1_287' title='bbox 792 2136 1079 2189; x_wconf 84' lang='lat' dir='ltr'>Scripturarum</span> <span class='ocrx_word' id='word_1_288' title='bbox 1125 2148 1192 2171; x_wconf 74' lang='lat' dir='ltr'>usu</span> <span class='ocrx_word' id='word_1_289' title='bbox 1222 2134 1276 2170; x_wconf 93' lang='lat' dir='ltr'>lo-</span> 
     </span>
     <span class='ocr_line' id='line_1_40' title="bbox 165 2188 1270 2241; baseline -0.005 -12"><span class='ocrx_word' id='word_1_290' title='bbox 165 2193 310 2241; x_wconf 87' lang='lat' dir='ltr'>quendi</span> <span class='ocrx_word' id='word_1_291' title='bbox 340 2191 566 2229; x_wconf 72' lang='lat' dir='ltr'>Orientales</span> <span class='ocrx_word' id='word_1_292' title='bbox 593 2191 800 2239; x_wconf 86' lang='lat' dir='ltr'>dicuntur,</span> <span class='ocrx_word' id='word_1_293' title='bbox 831 2189 929 2227; x_wconf 81' lang='lat' dir='ltr'>ultra</span> <span class='ocrx_word' id='word_1_294' title='bbox 956 2189 1130 2227; x_wconf 74' lang='lat' dir='ltr'>Judaeam</span> <span class='ocrx_word' id='word_1_295' title='bbox 1160 2188 1270 2225; x_wconf 84' lang='lat' dir='ltr'>sitae:</span> 
     </span>
     <span class='ocr_line' id='line_1_41' title="bbox 167 2242 1273 2295; baseline -0.003 -14"><span class='ocrx_word' id='word_1_296' title='bbox 167 2244 331 2282; x_wconf 72' lang='lat' dir='ltr'>necundo</span> <span class='ocrx_word' id='word_1_297' title='bbox 371 2246 565 2282; x_wconf 83' lang='lat' dir='ltr'>eonditum</span> <span class='ocrx_word' id='word_1_298' title='bbox 595 2244 633 2282; x_wconf 90' lang='lat' dir='ltr'>in</span> <span class='ocrx_word' id='word_1_299' title='bbox 674 2252 776 2281; x_wconf 78' lang='lat' dir='ltr'>terra</span> <span class='ocrx_word' id='word_1_300' title='bbox 804 2242 948 2291; x_wconf 81' lang='lat' dir='ltr'>Eden,</span> <span class='ocrx_word' id='word_1_301' title='bbox 995 2256 1112 2295; x_wconf 85' lang='lat' dir='ltr'>quam</span> <span class='ocrx_word' id='word_1_302' title='bbox 1141 2254 1273 2279; x_wconf 87' lang='lat' dir='ltr'>vocem</span> 
     </span>
     <span class='ocr_line' id='line_1_42' title="bbox 165 2295 1274 2348; baseline -0.003 -14"><span class='ocrx_word' id='word_1_303' title='bbox 165 2309 242 2334; x_wconf 78' lang='lat' dir='ltr'>non</span> <span class='ocrx_word' id='word_1_304' title='bbox 272 2297 507 2346; x_wconf 64' lang='lat' dir='ltr'>voluptatem</span> <span class='ocrx_word' id='word_1_305' title='bbox 534 2296 774 2348; x_wconf 82' lang='lat' dir='ltr'>significare,</span> <span class='ocrx_word' id='word_1_306' title='bbox 811 2306 850 2333; x_wconf 83' lang='lat' dir='ltr'>ut</span> <span class='ocrx_word' id='word_1_307' title='bbox 878 2296 1034 2334; x_wconf 80' lang='lat' dir='ltr'>Latinus</span> <span class='ocrx_word' id='word_1_308' title='bbox 1062 2303 1186 2332; x_wconf 83' lang='lat' dir='ltr'>noster</span> <span class='ocrx_word' id='word_1_309' title='bbox 1214 2295 1274 2332; x_wconf 91' lang='lat' dir='ltr'>In-</span> 
     </span>
     <span class='ocr_line' id='line_1_43' title="bbox 166 2348 1274 2401; baseline -0.004 -13"><span class='ocrx_word' id='word_1_310' title='bbox 166 2356 310 2401; x_wconf 74' lang='lat' dir='ltr'>terpres</span> <span class='ocrx_word' id='word_1_311' title='bbox 334 2351 471 2398; x_wconf 83' lang='lat' dir='ltr'>vertit,</span> <span class='ocrx_word' id='word_1_312' title='bbox 499 2350 563 2388; x_wconf 83' lang='lat' dir='ltr'>sed</span> <span class='ocrx_word' id='word_1_313' title='bbox 592 2350 783 2401; x_wconf 84' lang='lat' dir='ltr'>regionem</span> <span class='ocrx_word' id='word_1_314' title='bbox 800 2379 812 2398; x_wconf 91' lang='lat'>,</span> <span class='ocrx_word' id='word_1_315' title='bbox 839 2348 1015 2401; x_wconf 83' lang='lat' dir='ltr'>pluribus</span> <span class='ocrx_word' id='word_1_316' title='bbox 1044 2348 1274 2398; x_wconf 76' lang='lat' dir='ltr'>argumentis</span> 
     </span>
     <span class='ocr_line' id='line_1_44' title="bbox 167 2400 1273 2453; baseline -0.002 -14"><span class='ocrx_word' id='word_1_317' title='bbox 167 2404 329 2441; x_wconf 81' lang='lat' dir='ltr'>evincit:</span> <span class='ocrx_word' id='word_1_318' title='bbox 359 2404 465 2441; x_wconf 88' lang='lat' dir='ltr'>tertio</span> <span class='ocrx_word' id='word_1_319' title='bbox 494 2402 593 2440; x_wconf 87' lang='lat' dir='ltr'>hanc</span> <span class='ocrx_word' id='word_1_320' title='bbox 615 2403 813 2453; x_wconf 60' lang='lat' dir='ltr'>regionem</span> <span class='ocrx_word' id='word_1_321' title='bbox 841 2415 919 2440; x_wconf 76' lang='lat' dir='ltr'>esse</span> <span class='ocrx_word' id='word_1_322' title='bbox 948 2401 1018 2439; x_wconf 86' lang='lat' dir='ltr'>sub</span> <span class='ocrx_word' id='word_1_323' title='bbox 1046 2400 1152 2439; x_wconf 81' lang='lat' dir='ltr'>Zona</span> <span class='ocrx_word' id='word_1_324' title='bbox 1180 2409 1273 2438; x_wconf 75' lang='lat' dir='ltr'>tem—</span> 
     </span>
     <span class='ocr_line' id='line_1_45' title="bbox 169 2452 1273 2507; baseline -0.004 -14"><span class='ocrx_word' id='word_1_325' title='bbox 169 2464 299 2507; x_wconf 84' lang='lat' dir='ltr'>perata</span> <span class='ocrx_word' id='word_1_326' title='bbox 326 2458 380 2495; x_wconf 85' lang='lat' dir='ltr'>cis</span> <span class='ocrx_word' id='word_1_327' title='bbox 411 2455 558 2494; x_wconf 70' lang='lat' dir='ltr'>Cancri</span> <span class='ocrx_word' id='word_1_328' title='bbox 589 2453 826 2504; x_wconf 74' lang='lat' dir='ltr'>Troptcum:</span> <span class='ocrx_word' id='word_1_329' title='bbox 867 2455 1021 2492; x_wconf 87' lang='lat' dir='ltr'>demum</span> <span class='ocrx_word' id='word_1_330' title='bbox 1052 2452 1273 2490; x_wconf 71' lang='lat' dir='ltr'>Paradisum</span> 
     </span>
     <span class='ocr_line' id='line_1_46' title="bbox 166 2505 1273 2560; baseline -0.004 -14"><span class='ocrx_word' id='word_1_331' title='bbox 166 2523 246 2547; x_wconf 88' lang='lat' dir='ltr'>esse</span> <span class='ocrx_word' id='word_1_332' title='bbox 275 2510 316 2548; x_wconf 86' lang='lat' dir='ltr'>in</span> <span class='ocrx_word' id='word_1_333' title='bbox 342 2509 472 2560; x_wconf 84' lang='lat' dir='ltr'>aliqua</span> <span class='ocrx_word' id='word_1_334' title='bbox 502 2517 606 2560; x_wconf 85' lang='lat' dir='ltr'>parte</span> <span class='ocrx_word' id='word_1_335' title='bbox 635 2508 741 2546; x_wconf 86' lang='lat' dir='ltr'>illius</span> <span class='ocrx_word' id='word_1_336' title='bbox 770 2508 931 2545; x_wconf 82' lang='lat' dir='ltr'>Tractus</span> <span class='ocrx_word' id='word_1_337' title='bbox 958 2505 1175 2552; x_wconf 81' lang='lat' dir='ltr'>orientali-s,</span> <span class='ocrx_word' id='word_1_338' title='bbox 1205 2507 1273 2557; x_wconf 82' lang='lat' dir='ltr'>qui</span> 
     </span>
     <span class='ocr_line' id='line_1_47' title="bbox 164 2557 1274 2610; baseline -0.005 -10"><span class='ocrx_word' id='word_1_339' title='bbox 164 2570 222 2599; x_wconf 83' lang='lat' dir='ltr'>est</span> <span class='ocrx_word' id='word_1_340' title='bbox 252 2562 351 2599; x_wconf 80' lang='lat' dir='ltr'>ultra</span> <span class='ocrx_word' id='word_1_341' title='bbox 377 2564 506 2599; x_wconf 80' lang='lat' dir='ltr'>sinum</span> <span class='ocrx_word' id='word_1_342' title='bbox 536 2560 755 2607; x_wconf 81' lang='lat' dir='ltr'>Persicum,</span> <span class='ocrx_word' id='word_1_343' title='bbox 784 2560 833 2597; x_wconf 85' lang='lat' dir='ltr'>ab</span> <span class='ocrx_word' id='word_1_344' title='bbox 863 2560 969 2597; x_wconf 87' lang='lat' dir='ltr'>India</span> <span class='ocrx_word' id='word_1_345' title='bbox 1000 2572 1117 2610; x_wconf 86' lang='lat' dir='ltr'>usque</span> <span class='ocrx_word' id='word_1_346' title='bbox 1146 2558 1193 2595; x_wconf 84' lang='lat' dir='ltr'>ad</span> <span class='ocrx_word' id='word_1_347' title='bbox 1216 2557 1274 2595; x_wconf 87' lang='lat' dir='ltr'>ul-</span> 
     </span>
     <span class='ocr_line' id='line_1_48' title="bbox 169 2611 1277 2658; baseline -0.005 -6"><span class='ocrx_word' id='word_1_348' title='bbox 169 2616 280 2653; x_wconf 83' lang='lat' dir='ltr'>timas</span> <span class='ocrx_word' id='word_1_349' title='bbox 308 2615 491 2653; x_wconf 85' lang='lat' dir='ltr'>Sinarum</span> <span class='ocrx_word' id='word_1_350' title='bbox 518 2626 627 2658; x_wconf 86' lang='lat' dir='ltr'>oras;</span> <span class='ocrx_word' id='word_1_351' title='bbox 656 2612 785 2651; x_wconf 89' lang='lat' dir='ltr'>locum</span> <span class='ocrx_word' id='word_1_352' title='bbox 814 2621 939 2650; x_wconf 86' lang='lat' dir='ltr'>tamen</span> <span class='ocrx_word' id='word_1_353' title='bbox 960 2611 1128 2650; x_wconf 86' lang='lat' dir='ltr'>Paradisi</span> <span class='ocrx_word' id='word_1_354' title='bbox 1158 2612 1277 2649; x_wconf 87' lang='lat' dir='ltr'>deter-</span> 
     </span>
     <span class='ocr_line' id='line_1_49' title="bbox 165 2665 1276 2707; baseline -0.002 -1"><span class='ocrx_word' id='word_1_355' title='bbox 165 2669 356 2706; x_wconf 78' lang='lat' dir='ltr'>minatum</span> <span class='ocrx_word' id='word_1_356' title='bbox 386 2668 550 2707; x_wconf 83' lang='lat' dir='ltr'>voluisse</span> <span class='ocrx_word' id='word_1_357' title='bbox 573 2667 707 2706; x_wconf 88' lang='lat' dir='ltr'>Deum</span> <span class='ocrx_word' id='word_1_358' title='bbox 734 2679 812 2705; x_wconf 88' lang='lat' dir='ltr'>esse</span> <span class='ocrx_word' id='word_1_359' title='bbox 840 2665 1064 2706; x_wconf 80' lang='lat' dir='ltr'>mortalibus</span> <span class='ocrx_word' id='word_1_360' title='bbox 1099 2666 1276 2704; x_wconf 63' lang='lat' dir='ltr'>occultis-</span> 
     </span>
     <span class='ocr_line' id='line_1_50' title="bbox 169 2721 435 2774; baseline 0.015 -16"><span class='ocrx_word' id='word_1_361' title='bbox 169 2723 315 2760; x_wconf 67' lang='lat' dir='ltr'>simum</span> <span class='ocrx_word' id='word_1_362' title='bbox 344 2721 435 2774; x_wconf 72' lang='lat' dir='ltr'>(a).</span> 
     </span>
    </p>
   </div>
   <div class='ocr_carea' id='block_1_3' title="bbox 173 2899 1282 3361">
    <p class='ocr_par' dir='ltr' id='par_1_4' title="bbox 173 2899 1282 3361">
     <span class='ocr_line' id='line_1_51' title="bbox 179 2899 1278 2945; baseline -0.001 -11"><span class='ocrx_word' id='word_1_363' title='bbox 179 2901 182 2905; x_wconf 80' lang='grc'><strong>”</strong></span> <span class='ocrx_word' id='word_1_364' title='bbox 209 2904 269 2939; x_wconf 55' lang='lat' dir='ltr'>(a)</span> <span class='ocrx_word' id='word_1_365' title='bbox 299 2901 371 2935; x_wconf 83' lang='lat' dir='ltr'>Hae</span> <span class='ocrx_word' id='word_1_366' title='bbox 395 2905 570 2938; x_wconf 81' lang='lat' dir='ltr'>occasione</span> <span class='ocrx_word' id='word_1_367' title='bbox 595 2902 783 2939; x_wconf 79' lang='lat' dir='ltr'>Malvenda</span> <span class='ocrx_word' id='word_1_368' title='bbox 808 2900 1096 2937; x_wconf 73' lang='lat' dir='ltr'>fabellam‘refert</span> <span class='ocrx_word' id='word_1_369' title='bbox 1120 2899 1211 2945; x_wconf 79' lang='lat' dir='ltr'>apud</span> <span class='ocrx_word' id='word_1_370' title='bbox 1224 2900 1278 2934; x_wconf 74' lang='lat' dir='ltr'>Jo-</span> 
     </span>
     <span class='ocr_line' id='line_1_52' title="bbox 173 2946 1276 2995; baseline -0.001 -16"><span class='ocrx_word' id='word_1_371' title='bbox 173 2946 348 2980; x_wconf 74' lang='lat' dir='ltr'>Gonzalez</span> <span class='ocrx_word' id='word_1_372' title='bbox 374 2948 409 2980; x_wconf 87' lang='lat' dir='ltr'>in</span> <span class='ocrx_word' id='word_1_373' title='bbox 437 2948 617 2984; x_wconf 71' lang='lat' dir='ltr'>Itinerarz&#39;o</span> <span class='ocrx_word' id='word_1_374' title='bbox 653 2963 728 2995; x_wconf 80' lang='lat' dir='ltr'>cap.</span> <span class='ocrx_word' id='word_1_375' title='bbox 753 2946 1075 2993; x_wconf 68' lang='lat' dir='ltr'>18.&#39;descriptam‚</span> <span class='ocrx_word' id='word_1_376' title='bbox 1115 2948 1247 2980; x_wconf 85' lang='lat' dir='ltr'>scilicet</span> <span class='ocrx_word' id='word_1_377' title='bbox 1267 2968 1276 2977; x_wconf 92' lang='lat'>.</span> 
     </span>
     <span class='ocr_line' id='line_1_53' title="bbox 176 2993 1278 3041; baseline -0.002 -15"><span class='ocrx_word' id='word_1_378' title='bbox 176 3013 204 3033; x_wconf 63' lang='grc' dir='ltr'><strong>ῃ</strong></span> <span class='ocrx_word' id='word_1_379' title='bbox 230 2995 357 3037; x_wconf 82' lang='lat' dir='ltr'>Regem</span> <span class='ocrx_word' id='word_1_380' title='bbox 381 2994 564 3037; x_wconf 75' lang='lat' dir='ltr'>quemdam</span> <span class='ocrx_word' id='word_1_381' title='bbox 584 2998 759 3041; x_wconf 66' lang='lat' dir='ltr'>Beugalae,</span> <span class='ocrx_word' id='word_1_382' title='bbox 784 3008 889 3041; x_wconf 79' lang='lat' dir='ltr'>quam</span> <span class='ocrx_word' id='word_1_383' title='bbox 902 2997 1035 3039; x_wconf 77' lang='lat' dir='ltr'>Ganges</span> <span class='ocrx_word' id='word_1_384' title='bbox 1051 2993 1278 3038; x_wconf 61' lang='lat' dir='ltr'>mmet-fluit,</span> 
     </span>
     <span class='ocr_line' id='line_1_54' title="bbox 177 3037 1278 3086; baseline -0.001 -15"><span class='ocrx_word' id='word_1_385' title='bbox 177 3058 204 3079; x_wconf 85' lang='lat'>„</span> <span class='ocrx_word' id='word_1_386' title='bbox 229 3041 359 3072; x_wconf 84' lang='lat' dir='ltr'>fontem</span> <span class='ocrx_word' id='word_1_387' title='bbox 386 3040 560 3080; x_wconf 70' lang='lat' dir='ltr'>fluminis,</span> <span class='ocrx_word' id='word_1_388' title='bbox 602 3051 703 3086; x_wconf 85' lang='lat' dir='ltr'>atque</span> <span class='ocrx_word' id='word_1_389' title='bbox 733 3043 817 3076; x_wconf 85' lang='lat' dir='ltr'>adeo</span> <span class='ocrx_word' id='word_1_390' title='bbox 842 3040 1045 3075; x_wconf 78' lang='lat' dir='ltr'>Paradisum</span> <span class='ocrx_word' id='word_1_391' title='bbox 1081 3037 1278 3073; x_wconf 86' lang='lat' dir='ltr'>inveniendi</span> 
     </span>
     <span class='ocr_line' id='line_1_55' title="bbox 173 3084 1278 3131; baseline 0.001 -13"><span class='ocrx_word' id='word_1_392' title='bbox 173 3106 206 3125; x_wconf 50' lang='grc' dir='ltr'>ρ,</span> <span class='ocrx_word' id='word_1_393' title='bbox 231 3084 390 3129; x_wconf 79' lang='lat' dir='ltr'>cupidine</span> <span class='ocrx_word' id='word_1_394' title='bbox 415 3086 619 3127; x_wconf 76' lang='lat' dir='ltr'>incensu-m,</span> <span class='ocrx_word' id='word_1_395' title='bbox 655 3087 800 3123; x_wconf 78' lang='lat' dir='ltr'>adverso</span> <span class='ocrx_word' id='word_1_396' title='bbox 825 3100 925 3122; x_wconf 89' lang='lat' dir='ltr'>amne</span> <span class='ocrx_word' id='word_1_397' title='bbox 943 3088 1085 3121; x_wconf 74' lang='lat' dir='ltr'>:misisse</span> <span class='ocrx_word' id='word_1_398' title='bbox 1109 3084 1278 3131; x_wconf 83' lang='lat' dir='ltr'>quosdam</span> 
     </span>
     <span class='ocr_line' id='line_1_56' title="bbox 179 3131 1276 3175; baseline -0.001 -12"><span class='ocrx_word' id='word_1_399' title='bbox 179 3151 207 3172; x_wconf 86' lang='lat'>„</span> <span class='ocrx_word' id='word_1_400' title='bbox 231 3131 378 3174; x_wconf 77' lang='lat' dir='ltr'>navigiis</span> <span class='ocrx_word' id='word_1_401' title='bbox 394 3152 405 3171; x_wconf 87' lang='lat'>,</span> <span class='ocrx_word' id='word_1_402' title='bbox 429 3132 658 3175; x_wconf 82' lang='lat' dir='ltr'>plurimorum</span> <span class='ocrx_word' id='word_1_403' title='bbox 668 3135 839 3169; x_wconf 82' lang='lat' dir='ltr'>mensium</span> <span class='ocrx_word' id='word_1_404' title='bbox 855 3134 1249 3169; x_wconf 75' lang='lat' dir='ltr'>commeatuinstrnctos</span> <span class='ocrx_word' id='word_1_405' title='bbox 1268 3153 1276 3161; x_wconf 90' lang='lat'>.</span> 
     </span>
     <span class='ocr_line' id='line_1_57' title="bbox 175 3177 1279 3222; baseline -0.001 -12"><span class='ocrx_word' id='word_1_406' title='bbox 175 3197 206 3217; x_wconf 66' lang='lat'>³,</span> <span class='ocrx_word' id='word_1_407' title='bbox 232 3178 275 3210; x_wconf 88' lang='lat' dir='ltr'>Hi</span> <span class='ocrx_word' id='word_1_408' title='bbox 303 3177 410 3210; x_wconf 80' lang='lat' dir='ltr'>fluvio</span> <span class='ocrx_word' id='word_1_409' title='bbox 434 3178 532 3221; x_wconf 80' lang='lat' dir='ltr'>longe</span> <span class='ocrx_word' id='word_1_410' title='bbox 557 3191 693 3214; x_wconf 83' lang='lat' dir='ltr'>emenso</span> <span class='ocrx_word' id='word_1_411' title='bbox 709 3182 900 3214; x_wconf 88' lang='lat' dir='ltr'>multorum</span> <span class='ocrx_word' id='word_1_412' title='bbox 924 3180 1060 3213; x_wconf 88' lang='lat' dir='ltr'>dierum</span> <span class='ocrx_word' id='word_1_413' title='bbox 1086 3177 1279 3222; x_wconf 78' lang='lat' dir='ltr'>navigatio-</span> 
     </span>
     <span class='ocr_line' id='line_1_58' title="bbox 174 3222 1281 3270; baseline 0 -14"><span class='ocrx_word' id='word_1_414' title='bbox 174 3242 207 3263; x_wconf 72' lang='lat'>„</span> <span class='ocrx_word' id='word_1_415' title='bbox 231 3234 272 3256; x_wconf 83' lang='lat' dir='ltr'>ne</span> <span class='ocrx_word' id='word_1_416' title='bbox 298 3222 340 3256; x_wconf 89' lang='lat' dir='ltr'>ad</span> <span class='ocrx_word' id='word_1_417' title='bbox 366 3235 503 3267; x_wconf 83' lang='lat' dir='ltr'>campos</span> <span class='ocrx_word' id='word_1_418' title='bbox 526 3222 716 3266; x_wconf 78' lang='lat' dir='ltr'>devenere,</span> <span class='ocrx_word' id='word_1_419' title='bbox 742 3228 801 3260; x_wconf 85' lang='lat' dir='ltr'>nbi</span> <span class='ocrx_word' id='word_1_420' title='bbox 820 3229 956 3270; x_wconf 84' lang='lat' dir='ltr'>Ganges</span> <span class='ocrx_word' id='word_1_421' title='bbox 981 3224 1115 3270; x_wconf 84' lang='lat' dir='ltr'>placide</span> <span class='ocrx_word' id='word_1_422' title='bbox 1141 3233 1281 3268; x_wconf 82' lang='lat' dir='ltr'>stagna-</span> 
     </span>
     <span class='ocr_line' id='line_1_59' title="bbox 178 3268 1282 3316; baseline 0.001 -14"><span class='ocrx_word' id='word_1_423' title='bbox 178 3269 292 3311; x_wconf 59' lang='lat' dir='ltr'>„ebat</span> <span class='ocrx_word' id='word_1_424' title='bbox 309 3290 320 3309; x_wconf 87' lang='lat'>,</span> <span class='ocrx_word' id='word_1_425' title='bbox 345 3270 481 3313; x_wconf 83' lang='lat' dir='ltr'>segnius</span> <span class='ocrx_word' id='word_1_426' title='bbox 504 3268 616 3303; x_wconf 63' lang='lat' dir='ltr'>‘fluens</span> <span class='ocrx_word' id='word_1_427' title='bbox 634 3293 644 3302; x_wconf 89' lang='lat'>.</span> <span class='ocrx_word' id='word_1_428' title='bbox 687 3273 739 3304; x_wconf 86' lang='lat' dir='ltr'>lbi</span> <span class='ocrx_word' id='word_1_429' title='bbox 765 3284 851 3306; x_wconf 85' lang='lat' dir='ltr'>aura</span> <span class='ocrx_word' id='word_1_430' title='bbox 876 3273 1031 3316; x_wconf 77' lang='lat' dir='ltr'>spirabat</span> <span class='ocrx_word' id='word_1_431' title='bbox 1058 3272 1192 3311; x_wconf 86' lang='lat' dir='ltr'>lenior,</span> <span class='ocrx_word' id='word_1_432' title='bbox 1218 3269 1282 3303; x_wconf 68' lang='lat' dir='ltr'>flo-</span> 
     </span>
     <span class='ocr_line' id='line_1_60' title="bbox 174 3315 1281 3361; baseline 0.002 -13"><span class='ocrx_word' id='word_1_433' title='bbox 174 3335 207 3355; x_wconf 65' lang='lat' dir='ltr'>n</span> <span class='ocrx_word' id='word_1_434' title='bbox 228 3326 336 3358; x_wconf 80' lang='lat' dir='ltr'>rum,</span> <span class='ocrx_word' id='word_1_435' title='bbox 371 3324 635 3361; x_wconf 76' lang='lat' dir='ltr'>aromatumque</span> <span class='ocrx_word' id='word_1_436' title='bbox 659 3317 831 3352; x_wconf 75' lang='lat' dir='ltr'>mirabilis</span> <span class='ocrx_word' id='word_1_437' title='bbox 854 3316 937 3352; x_wconf 88' lang='lat' dir='ltr'>odor</span> <span class='ocrx_word' id='word_1_438' title='bbox 960 3316 1159 3355; x_wconf 71' lang='lat' dir='ltr'>incredibili</span> <span class='ocrx_word' id='word_1_439' title='bbox 1182 3315 1281 3352; x_wconf 73' lang='lat' dir='ltr'>volu-</span> 
     </span>
    </p>
   </div>
   <div class='ocr_carea' id='block_1_4' title="bbox 906 87 1737 141">
    <p class='ocr_par' dir='ltr' id='par_1_5' title="bbox 906 87 1737 141">
     <span class='ocr_line' id='line_1_61' title="bbox 906 87 1737 141; baseline -0.001 -2"><span class='ocrx_word' id='word_1_440' title='bbox 906 94 1311 141; x_wconf 82' lang='lat' dir='ltr'>DISSERTATIO</span> <span class='ocrx_word' id='word_1_441' title='bbox 1342 95 1398 139; x_wconf 84' lang='lat'>11.</span> <span class='ocrx_word' id='word_1_442' title='bbox 1451 87 1580 137; x_wconf 76' lang='lat' dir='ltr'>CAP.</span> <span class='ocrx_word' id='word_1_443' title='bbox 1612 93 1737 140; x_wconf 85' lang='lat' dir='ltr'><strong>VIII.</strong></span> 
     </span>
    </p>
   </div>
   <div class='ocr_carea' id='block_1_5' title="bbox 1342 171 2462 2820">
    <p class='ocr_par' dir='ltr' id='par_1_6' title="bbox 1345 171 2462 1269">
     <span class='ocr_line' id='line_1_62' title="bbox 1402 171 2454 217; baseline 0.006 -6"><span class='ocrx_word' id='word_1_444' title='bbox 1402 173 1494 211; x_wconf 83' lang='lat'>512.</span> <span class='ocrx_word' id='word_1_445' title='bbox 1524 173 1598 211; x_wconf 90' lang='lat' dir='ltr'>Hic</span> <span class='ocrx_word' id='word_1_446' title='bbox 1626 182 1752 211; x_wconf 84' lang='lat' dir='ltr'>tamen</span> <span class='ocrx_word' id='word_1_447' title='bbox 1781 185 1852 211; x_wconf 88' lang='lat' dir='ltr'>non</span> <span class='ocrx_word' id='word_1_448' title='bbox 1879 171 2114 213; x_wconf 81' lang='lat' dir='ltr'>obstantibus</span> <span class='ocrx_word' id='word_1_449' title='bbox 2132 172 2277 213; x_wconf 83' lang='lat' dir='ltr'>Natalis</span> <span class='ocrx_word' id='word_1_450' title='bbox 2293 174 2454 217; x_wconf 74' lang='lat' dir='ltr'>Alexan-</span> 
     </span>
     <span class='ocr_line' id='line_1_63' title="bbox 1348 225 2456 282; baseline 0.003 -17"><span class='ocrx_word' id='word_1_451' title='bbox 1348 227 1414 265; x_wconf 86' lang='lat' dir='ltr'>der</span> <span class='ocrx_word' id='word_1_452' title='bbox 1444 225 1741 278; x_wconf 84' lang='lat' dir='ltr'>probabiliorem</span> <span class='ocrx_word' id='word_1_453' title='bbox 1770 225 1913 276; x_wconf 77' lang='lat' dir='ltr'>judicat</span> <span class='ocrx_word' id='word_1_454' title='bbox 1934 226 2088 264; x_wconf 85' lang='lat' dir='ltr'>illorum</span> <span class='ocrx_word' id='word_1_455' title='bbox 2109 230 2356 278; x_wconf 84' lang='lat' dir='ltr'>sententiam,</span> <span class='ocrx_word' id='word_1_456' title='bbox 2385 231 2456 282; x_wconf 80' lang='lat' dir='ltr'>qui</span> 
     </span>
     <span class='ocr_line' id='line_1_64' title="bbox 1351 279 2455 334; baseline 0.003 -16"><span class='ocrx_word' id='word_1_457' title='bbox 1351 281 1511 318; x_wconf 88' lang='lat' dir='ltr'>Hortum</span> <span class='ocrx_word' id='word_1_458' title='bbox 1541 279 1755 316; x_wconf 88' lang='lat' dir='ltr'>Edenicum</span> <span class='ocrx_word' id='word_1_459' title='bbox 1785 279 1822 315; x_wconf 88' lang='lat' dir='ltr'>in</span> <span class='ocrx_word' id='word_1_460' title='bbox 1853 279 2059 328; x_wconf 85' lang='lat' dir='ltr'>Armenia,</span> <span class='ocrx_word' id='word_1_461' title='bbox 2091 281 2149 319; x_wconf 91' lang='lat' dir='ltr'>vel</span> <span class='ocrx_word' id='word_1_462' title='bbox 2180 281 2455 334; x_wconf 54' lang='lat' dir='ltr'>ivlesopotamia.</span> 
     </span>
     <span class='ocr_line' id='line_1_65' title="bbox 1351 329 2455 387; baseline 0.003 -16"><span class='ocrx_word' id='word_1_463' title='bbox 1351 333 1563 380; x_wconf 88' lang='lat' dir='ltr'>collocant,</span> <span class='ocrx_word' id='word_1_464' title='bbox 1593 339 1656 368; x_wconf 85' lang='lat' dir='ltr'>aut</span> <span class='ocrx_word' id='word_1_465' title='bbox 1683 329 2024 382; x_wconf 81' lang='lat' dir='ltr'>inMesopotamiae</span> <span class='ocrx_word' id='word_1_466' title='bbox 2054 332 2176 371; x_wconf 84' lang='lat' dir='ltr'>limite</span> <span class='ocrx_word' id='word_1_467' title='bbox 2205 337 2306 372; x_wconf 88' lang='lat' dir='ltr'>circa</span> <span class='ocrx_word' id='word_1_468' title='bbox 2327 336 2455 387; x_wconf 75' lang='lat' dir='ltr'>Baby-</span> 
     </span>
     <span class='ocr_line' id='line_1_66' title="bbox 1351 383 2455 436; baseline 0.003 -13"><span class='ocrx_word' id='word_1_469' title='bbox 1351 387 1519 433; x_wconf 82' lang='lat' dir='ltr'>loniam,</span> <span class='ocrx_word' id='word_1_470' title='bbox 1567 384 1633 422; x_wconf 88' lang='lat' dir='ltr'>ubi</span> <span class='ocrx_word' id='word_1_471' title='bbox 1664 383 1816 434; x_wconf 76' lang='lat' dir='ltr'>Tigris,</span> <span class='ocrx_word' id='word_1_472' title='bbox 1846 384 1880 420; x_wconf 86' lang='lat'>&amp;</span> <span class='ocrx_word' id='word_1_473' title='bbox 1909 385 2146 436; x_wconf 81' lang='lat' dir='ltr'>Euphrates,</span> <span class='ocrx_word' id='word_1_474' title='bbox 2187 387 2262 424; x_wconf 88' lang='lat' dir='ltr'>duo</span> <span class='ocrx_word' id='word_1_475' title='bbox 2290 388 2349 426; x_wconf 88' lang='lat' dir='ltr'>illi</span> <span class='ocrx_word' id='word_1_476' title='bbox 2381 389 2455 426; x_wconf 84' lang='lat' dir='ltr'>flu-</span> 
     </span>
     <span class='ocr_line' id='line_1_67' title="bbox 1351 436 2455 488; baseline 0.001 -10"><span class='ocrx_word' id='word_1_477' title='bbox 1351 441 1404 478; x_wconf 91' lang='lat' dir='ltr'>vii</span> <span class='ocrx_word' id='word_1_478' title='bbox 1434 438 1599 477; x_wconf 78' lang='lat' dir='ltr'>Paradisi</span> <span class='ocrx_word' id='word_1_479' title='bbox 1617 467 1627 485; x_wconf 94' lang='lat'>,</span> <span class='ocrx_word' id='word_1_480' title='bbox 1657 437 1782 474; x_wconf 86' lang='lat' dir='ltr'>alveos</span> <span class='ocrx_word' id='word_1_481' title='bbox 1802 436 2062 488; x_wconf 82' lang='lat' dir='ltr'>conjungunt,</span> <span class='ocrx_word' id='word_1_482' title='bbox 2094 439 2126 473; x_wconf 77' lang='grc' dir='ltr'>ὅ(</span> <span class='ocrx_word' id='word_1_483' title='bbox 2157 441 2193 476; x_wconf 85' lang='lat' dir='ltr'>in</span> <span class='ocrx_word' id='word_1_484' title='bbox 2223 441 2346 478; x_wconf 85' lang='lat' dir='ltr'>sinum</span> <span class='ocrx_word' id='word_1_485' title='bbox 2369 440 2455 479; x_wconf 85' lang='lat' dir='ltr'>Per-</span> 
     </span>
     <span class='ocr_line' id='line_1_68' title="bbox 1350 490 2454 537; baseline 0.002 -7"><span class='ocrx_word' id='word_1_486' title='bbox 1350 494 1470 530; x_wconf 88' lang='lat' dir='ltr'>sicum</span> <span class='ocrx_word' id='word_1_487' title='bbox 1502 508 1539 530; x_wconf 79' lang='lat' dir='ltr'>se</span> <span class='ocrx_word' id='word_1_488' title='bbox 1564 497 1793 537; x_wconf 80' lang='lat' dir='ltr'>exonerant,</span> <span class='ocrx_word' id='word_1_489' title='bbox 1823 497 1863 526; x_wconf 88' lang='lat' dir='ltr'>ut</span> <span class='ocrx_word' id='word_1_490' title='bbox 1892 498 2044 527; x_wconf 81' lang='lat' dir='ltr'>testatur</span> <span class='ocrx_word' id='word_1_491' title='bbox 2064 490 2190 528; x_wconf 73' lang='lat' dir='ltr'>Plinus</span> <span class='ocrx_word' id='word_1_492' title='bbox 2211 493 2300 531; x_wconf 84' lang='lat' dir='ltr'>Lib.</span> <span class='ocrx_word' id='word_1_493' title='bbox 2321 494 2388 532; x_wconf 92' lang='lat' dir='ltr'>IV.</span> <span class='ocrx_word' id='word_1_494' title='bbox 2418 508 2454 532; x_wconf 87' lang='lat' dir='ltr'>c.</span> 
     </span>
     <span class='ocr_line' id='line_1_69' title="bbox 1353 542 2453 597; baseline 0 -13"><span class='ocrx_word' id='word_1_495' title='bbox 1353 560 1442 596; x_wconf 83' lang='lat'>27.;</span> <span class='ocrx_word' id='word_1_496' title='bbox 1471 547 1533 584; x_wconf 89' lang='lat' dir='ltr'>cui</span> <span class='ocrx_word' id='word_1_497' title='bbox 1562 551 1739 583; x_wconf 81' lang='lat' dir='ltr'>consonat</span> <span class='ocrx_word' id='word_1_498' title='bbox 1767 544 1881 580; x_wconf 85' lang='lat' dir='ltr'>etiam</span> <span class='ocrx_word' id='word_1_499' title='bbox 1909 542 2046 580; x_wconf 88' lang='lat' dir='ltr'>Strabo</span> <span class='ocrx_word' id='word_1_500' title='bbox 2074 543 2193 581; x_wconf 82' lang='lat' dir='ltr'>Libro</span> <span class='ocrx_word' id='word_1_501' title='bbox 2209 545 2255 581; x_wconf 86' lang='lat'>11.</span> <span class='ocrx_word' id='word_1_502' title='bbox 2286 546 2453 597; x_wconf 81' lang='lat' dir='ltr'>Geogra-</span> 
     </span>
     <span class='ocr_line' id='line_1_70' title="bbox 1348 594 2455 650; baseline 0.002 -14"><span class='ocrx_word' id='word_1_503' title='bbox 1348 599 1449 650; x_wconf 80' lang='lat' dir='ltr'>phiae</span> <span class='ocrx_word' id='word_1_504' title='bbox 1469 629 1479 646; x_wconf 88' lang='lat'>,</span> <span class='ocrx_word' id='word_1_505' title='bbox 1509 598 1698 636; x_wconf 81' lang='lat' dir='ltr'>scribens:</span> <span class='ocrx_word' id='word_1_506' title='bbox 1729 626 1755 644; x_wconf 91' lang='lat'><strong>„</strong></span> <span class='ocrx_word' id='word_1_507' title='bbox 1785 595 1935 633; x_wconf 83' lang='lat' dir='ltr'>Taurus</span> <span class='ocrx_word' id='word_1_508' title='bbox 1966 594 2191 633; x_wconf 82' lang='lat' dir='ltr'>Armeniam</span> <span class='ocrx_word' id='word_1_509' title='bbox 2219 596 2455 639; x_wconf 80' lang='lat' dir='ltr'>disterminat</span> 
     </span>
     <span class='ocr_line' id='line_1_71' title="bbox 1403 647 2455 703; baseline 0 -13"><span class='ocrx_word' id='word_1_510' title='bbox 1403 666 1425 689; x_wconf 80' lang='lat' dir='ltr'>a</span> <span class='ocrx_word' id='word_1_511' title='bbox 1453 650 1748 703; x_wconf 81' lang='lat' dir='ltr'>Mesopotamia:</span> <span class='ocrx_word' id='word_1_512' title='bbox 1779 648 1868 686; x_wconf 89' lang='lat' dir='ltr'>hinc</span> <span class='ocrx_word' id='word_1_513' title='bbox 1899 647 2022 685; x_wconf 85' lang='lat' dir='ltr'>fluunt</span> <span class='ocrx_word' id='word_1_514' title='bbox 2044 648 2197 698; x_wconf 83' lang='lat' dir='ltr'>Tigris,</span> <span class='ocrx_word' id='word_1_515' title='bbox 2227 647 2455 702; x_wconf 79' lang='lat' dir='ltr'>&amp;Euphra-</span> 
     </span>
     <span class='ocr_line' id='line_1_72' title="bbox 1350 701 2456 756; baseline -0.001 -15"><span class='ocrx_word' id='word_1_516' title='bbox 1350 735 1376 755; x_wconf 82' lang='lat'>„</span> <span class='ocrx_word' id='word_1_517' title='bbox 1406 713 1456 741; x_wconf 87' lang='lat' dir='ltr'>tes</span> <span class='ocrx_word' id='word_1_518' title='bbox 1475 734 1485 751; x_wconf 92' lang='lat'>,</span> <span class='ocrx_word' id='word_1_519' title='bbox 1529 706 1601 756; x_wconf 82' lang='lat' dir='ltr'>qui</span> <span class='ocrx_word' id='word_1_520' title='bbox 1632 703 1945 754; x_wconf 77' lang='lat' dir='ltr'>Mesopotamiam</span> <span class='ocrx_word' id='word_1_521' title='bbox 1975 701 2242 748; x_wconf 77' lang='lat' dir='ltr'>circumdant,</span> <span class='ocrx_word' id='word_1_522' title='bbox 2291 702 2325 738; x_wconf 87' lang='lat'>&amp;</span> <span class='ocrx_word' id='word_1_523' title='bbox 2354 706 2456 754; x_wconf 78' lang='lat' dir='ltr'>apud,</span> 
     </span>
     <span class='ocr_line' id='line_1_73' title="bbox 1350 753 2456 808; baseline -0.002 -13"><span class='ocrx_word' id='word_1_524' title='bbox 1350 788 1376 807; x_wconf 89' lang='lat'>„</span> <span class='ocrx_word' id='word_1_525' title='bbox 1406 757 1635 808; x_wconf 78' lang='lat' dir='ltr'>Babylonios</span> <span class='ocrx_word' id='word_1_526' title='bbox 1663 758 1826 794; x_wconf 76' lang='lat' dir='ltr'>invicem</span> <span class='ocrx_word' id='word_1_527' title='bbox 1856 754 2074 802; x_wconf 71' lang='lat' dir='ltr'>cohaerent,</span> <span class='ocrx_word' id='word_1_528' title='bbox 2109 753 2245 791; x_wconf 79' lang='lat' dir='ltr'>deinde</span> <span class='ocrx_word' id='word_1_529' title='bbox 2275 754 2314 791; x_wconf 89' lang='lat' dir='ltr'>in</span> <span class='ocrx_word' id='word_1_530' title='bbox 2346 755 2456 795; x_wconf 81' lang='lat' dir='ltr'>Mare</span> 
     </span>
     <span class='ocr_line' id='line_1_74' title="bbox 1350 807 2457 858; baseline -0.003 -11"><span class='ocrx_word' id='word_1_531' title='bbox 1350 840 1375 858; x_wconf 86' lang='lat'>„</span> <span class='ocrx_word' id='word_1_532' title='bbox 1406 809 1597 847; x_wconf 86' lang='lat' dir='ltr'>Persicum</span> <span class='ocrx_word' id='word_1_533' title='bbox 1627 811 1870 846; x_wconf 78' lang='lat' dir='ltr'>emittunt“.</span> <span class='ocrx_word' id='word_1_534' title='bbox 1922 807 2024 846; x_wconf 82' lang='lat' dir='ltr'>Nlira</span> <span class='ocrx_word' id='word_1_535' title='bbox 2052 807 2164 844; x_wconf 84' lang='lat' dir='ltr'>etiam</span> <span class='ocrx_word' id='word_1_536' title='bbox 2194 808 2241 844; x_wconf 85' lang='lat' dir='ltr'>de</span> <span class='ocrx_word' id='word_1_537' title='bbox 2270 815 2379 844; x_wconf 84' lang='lat' dir='ltr'>terrae</span> <span class='ocrx_word' id='word_1_538' title='bbox 2411 808 2457 845; x_wconf 84' lang='lat' dir='ltr'>il·</span> 
     </span>
     <span class='ocr_line' id='line_1_75' title="bbox 1347 859 2458 912; baseline -0.001 -12"><span class='ocrx_word' id='word_1_539' title='bbox 1347 863 1422 901; x_wconf 84' lang='lat' dir='ltr'>lins</span> <span class='ocrx_word' id='word_1_540' title='bbox 1443 862 1632 900; x_wconf 84' lang='lat' dir='ltr'>fertilitate</span> <span class='ocrx_word' id='word_1_541' title='bbox 1662 862 1807 899; x_wconf 85' lang='lat' dir='ltr'>tradunt</span> <span class='ocrx_word' id='word_1_542' title='bbox 1828 862 2056 912; x_wconf 87' lang='lat' dir='ltr'>Scriptores,</span> <span class='ocrx_word' id='word_1_543' title='bbox 2086 859 2120 896; x_wconf 84' lang='lat'>&amp;</span> <span class='ocrx_word' id='word_1_544' title='bbox 2149 869 2272 898; x_wconf 88' lang='lat' dir='ltr'>cetera</span> <span class='ocrx_word' id='word_1_545' title='bbox 2300 862 2458 909; x_wconf 85' lang='lat' dir='ltr'>omnia,</span> 
     </span>
     <span class='ocr_line' id='line_1_76' title="bbox 1347 912 2459 967; baseline 0.001 -17"><span class='ocrx_word' id='word_1_546' title='bbox 1347 929 1434 967; x_wconf 79' lang='lat' dir='ltr'>qnae</span> <span class='ocrx_word' id='word_1_547' title='bbox 1465 914 1640 952; x_wconf 72' lang='lat' dir='ltr'>l&#39;aradiso</span> <span class='ocrx_word' id='word_1_548' title='bbox 1667 915 1912 962; x_wconf 86' lang='lat' dir='ltr'>tribuuntur,</span> <span class='ocrx_word' id='word_1_549' title='bbox 1943 914 2056 951; x_wconf 78' lang='lat' dir='ltr'>facile</span> <span class='ocrx_word' id='word_1_550' title='bbox 2086 921 2137 951; x_wconf 91' lang='lat' dir='ltr'>est</span> <span class='ocrx_word' id='word_1_551' title='bbox 2167 914 2204 950; x_wconf 90' lang='lat' dir='ltr'>iu</span> <span class='ocrx_word' id='word_1_552' title='bbox 2234 912 2304 951; x_wconf 87' lang='lat' dir='ltr'>hac</span> <span class='ocrx_word' id='word_1_553' title='bbox 2334 916 2459 965; x_wconf 76' lang='lat' dir='ltr'>regio-</span> 
     </span>
     <span class='ocr_line' id='line_1_77' title="bbox 1348 966 2460 1019; baseline 0 -14"><span class='ocrx_word' id='word_1_554' title='bbox 1348 983 1392 1005; x_wconf 89' lang='lat' dir='ltr'>ne</span> <span class='ocrx_word' id='word_1_555' title='bbox 1423 969 1622 1014; x_wconf 79' lang='lat' dir='ltr'>invenire,</span> <span class='ocrx_word' id='word_1_556' title='bbox 1651 982 1738 1019; x_wconf 76' lang='lat' dir='ltr'>quae</span> <span class='ocrx_word' id='word_1_557' title='bbox 1768 980 1892 1019; x_wconf 83' lang='lat' dir='ltr'>graeco</span> <span class='ocrx_word' id='word_1_558' title='bbox 1913 967 2098 1005; x_wconf 86' lang='lat' dir='ltr'>vocabulo</span> <span class='ocrx_word' id='word_1_559' title='bbox 2117 967 2219 1004; x_wconf 89' lang='lat' dir='ltr'>dicta</span> <span class='ocrx_word' id='word_1_560' title='bbox 2247 975 2299 1005; x_wconf 88' lang='lat' dir='ltr'>est</span> <span class='ocrx_word' id='word_1_561' title='bbox 2321 966 2460 1005; x_wconf 82' lang='lat' dir='ltr'>Meso-</span> 
     </span>
     <span class='ocr_line' id='line_1_78' title="bbox 1345 1019 2462 1071; baseline 0.002 -14"><span class='ocrx_word' id='word_1_562' title='bbox 1345 1024 1552 1071; x_wconf 65' lang='lat' dir='ltr'>potamia,</span> <span class='ocrx_word' id='word_1_563' title='bbox 1582 1020 1673 1071; x_wconf 84' lang='lat' dir='ltr'>quia</span> <span class='ocrx_word' id='word_1_564' title='bbox 1701 1022 1799 1058; x_wconf 84' lang='lat' dir='ltr'>inter</span> <span class='ocrx_word' id='word_1_565' title='bbox 1820 1029 2026 1057; x_wconf 85' lang='lat' dir='ltr'>memorata</span> <span class='ocrx_word' id='word_1_566' title='bbox 2055 1020 2129 1057; x_wconf 91' lang='lat' dir='ltr'>duo</span> <span class='ocrx_word' id='word_1_567' title='bbox 2145 1019 2306 1057; x_wconf 85' lang='lat' dir='ltr'>flumina</span> <span class='ocrx_word' id='word_1_568' title='bbox 2335 1021 2462 1059; x_wconf 76' lang='lat' dir='ltr'>media.</span> 
     </span>
     <span class='ocr_line' id='line_1_79' title="bbox 1346 1072 2460 1124; baseline 0.001 -13"><span class='ocrx_word' id='word_1_569' title='bbox 1346 1073 1470 1124; x_wconf 79' lang='lat' dir='ltr'>jacet3</span> <span class='ocrx_word' id='word_1_570' title='bbox 1500 1072 1534 1107; x_wconf 80' lang='grc'>8(</span> <span class='ocrx_word' id='word_1_571' title='bbox 1565 1086 1651 1122; x_wconf 79' lang='lat' dir='ltr'>quae</span> <span class='ocrx_word' id='word_1_572' title='bbox 1682 1082 1851 1124; x_wconf 89' lang='lat' dir='ltr'>respectu</span> <span class='ocrx_word' id='word_1_573' title='bbox 1867 1072 2012 1124; x_wconf 82' lang='lat' dir='ltr'>Moysis</span> <span class='ocrx_word' id='word_1_574' title='bbox 2040 1073 2238 1110; x_wconf 85' lang='lat' dir='ltr'>scribentis</span> <span class='ocrx_word' id='word_1_575' title='bbox 2268 1074 2305 1111; x_wconf 92' lang='lat' dir='ltr'>in</span> <span class='ocrx_word' id='word_1_576' title='bbox 2334 1074 2460 1112; x_wconf 89' lang='lat' dir='ltr'>deser-</span> 
     </span>
     <span class='ocr_line' id='line_1_80' title="bbox 1347 1124 2459 1177; baseline 0.003 -14"><span class='ocrx_word' id='word_1_577' title='bbox 1347 1135 1384 1163; x_wconf 91' lang='lat' dir='ltr'>to</span> <span class='ocrx_word' id='word_1_578' title='bbox 1426 1134 1524 1162; x_wconf 88' lang='lat' dir='ltr'>recte</span> <span class='ocrx_word' id='word_1_579' title='bbox 1557 1124 1773 1162; x_wconf 74' lang='lat' dir='ltr'>Orientalis</span> <span class='ocrx_word' id='word_1_580' title='bbox 1813 1125 2004 1177; x_wconf 83' lang='lat' dir='ltr'>appellata</span> <span class='ocrx_word' id='word_1_581' title='bbox 2047 1126 2145 1164; x_wconf 81' lang='lat' dir='ltr'>fuit.</span> <span class='ocrx_word' id='word_1_582' title='bbox 2201 1125 2312 1164; x_wconf 86' lang='lat' dir='ltr'>Unde</span> <span class='ocrx_word' id='word_1_583' title='bbox 2342 1129 2459 1166; x_wconf 84' lang='lat' dir='ltr'>etiam</span> 
     </span>
     <span class='ocr_line' id='line_1_81' title="bbox 1348 1176 2458 1230; baseline 0.003 -14"><span class='ocrx_word' id='word_1_584' title='bbox 1348 1180 1448 1216; x_wconf 85' lang='lat' dir='ltr'>Gen.</span> <span class='ocrx_word' id='word_1_585' title='bbox 1480 1176 1630 1215; x_wconf 89' lang='lat' dir='ltr'>XXIX.</span> <span class='ocrx_word' id='word_1_586' title='bbox 1657 1190 1689 1215; x_wconf 89' lang='lat'>1.</span> <span class='ocrx_word' id='word_1_587' title='bbox 1720 1177 1995 1230; x_wconf 83' lang='lat' dir='ltr'>Mesopotamia</span> <span class='ocrx_word' id='word_1_588' title='bbox 2023 1180 2161 1217; x_wconf 87' lang='lat' dir='ltr'>dicitur</span> <span class='ocrx_word' id='word_1_589' title='bbox 2189 1188 2299 1218; x_wconf 79' lang='lat' dir='ltr'>terra</span> <span class='ocrx_word' id='word_1_590' title='bbox 2326 1184 2458 1219; x_wconf 80' lang='lat' dir='ltr'>orien-</span> 
     </span>
     <span class='ocr_line' id='line_1_82' title="bbox 1350 1233 1475 1269; baseline 0 -1"><span class='ocrx_word' id='word_1_591' title='bbox 1350 1233 1443 1269; x_wconf 73' lang='lat' dir='ltr'>talis</span> <span class='ocrx_word' id='word_1_592' title='bbox 1464 1257 1475 1269; x_wconf 88' lang='lat'>.</span> 
     </span>
    </p>

    <p class='ocr_par' dir='ltr' id='par_1_7' title="bbox 1342 1281 2460 2608">
     <span class='ocr_line' id='line_1_83' title="bbox 1400 1281 2458 1335; baseline 0.001 -12"><span class='ocrx_word' id='word_1_593' title='bbox 1400 1285 1495 1323; x_wconf 75' lang='lat'>515.</span> <span class='ocrx_word' id='word_1_594' title='bbox 1524 1281 1741 1321; x_wconf 77' lang='lat' dir='ltr'>Difficultas</span> <span class='ocrx_word' id='word_1_595' title='bbox 1760 1295 1874 1335; x_wconf 82' lang='lat' dir='ltr'>super</span> <span class='ocrx_word' id='word_1_596' title='bbox 1901 1291 1955 1320; x_wconf 74' lang='lat' dir='ltr'>est</span> <span class='ocrx_word' id='word_1_597' title='bbox 1983 1283 2023 1321; x_wconf 87' lang='lat' dir='ltr'>in</span> <span class='ocrx_word' id='word_1_598' title='bbox 2050 1282 2136 1321; x_wconf 86' lang='lat' dir='ltr'>aliis</span> <span class='ocrx_word' id='word_1_599' title='bbox 2150 1285 2297 1324; x_wconf 86' lang='lat' dir='ltr'>duobus</span> <span class='ocrx_word' id='word_1_600' title='bbox 2327 1284 2458 1324; x_wconf 86' lang='lat' dir='ltr'>fluviis</span> 
     </span>
     <span class='ocr_line' id='line_1_84' title="bbox 1348 1335 2456 1388; baseline 0.003 -13"><span class='ocrx_word' id='word_1_601' title='bbox 1348 1337 1512 1385; x_wconf 82' lang='lat' dir='ltr'>Phison,</span> <span class='ocrx_word' id='word_1_602' title='bbox 1560 1337 1593 1374; x_wconf 85' lang='grc'>8(</span> <span class='ocrx_word' id='word_1_603' title='bbox 1624 1336 1759 1374; x_wconf 90' lang='lat' dir='ltr'>Gehon</span> <span class='ocrx_word' id='word_1_604' title='bbox 1787 1351 1809 1374; x_wconf 87' lang='lat' dir='ltr'>a</span> <span class='ocrx_word' id='word_1_605' title='bbox 1839 1335 2037 1388; x_wconf 85' lang='lat' dir='ltr'>Scriptura</span> <span class='ocrx_word' id='word_1_606' title='bbox 2075 1340 2321 1375; x_wconf 82' lang='lat' dir='ltr'>memoratis.</span> <span class='ocrx_word' id='word_1_607' title='bbox 2378 1339 2456 1378; x_wconf 82' lang='lat' dir='ltr'>Sed.</span> 
     </span>
     <span class='ocr_line' id='line_1_85' title="bbox 1348 1388 2458 1442; baseline 0.001 -13"><span class='ocrx_word' id='word_1_608' title='bbox 1348 1391 1459 1429; x_wconf 88' lang='lat' dir='ltr'>multi</span> <span class='ocrx_word' id='word_1_609' title='bbox 1490 1399 1568 1442; x_wconf 87' lang='lat' dir='ltr'>post</span> <span class='ocrx_word' id='word_1_610' title='bbox 1595 1390 1803 1441; x_wconf 85' lang='lat' dir='ltr'>Josephum</span> <span class='ocrx_word' id='word_1_611' title='bbox 1832 1390 1920 1427; x_wconf 88' lang='lat' dir='ltr'>Lib.</span> <span class='ocrx_word' id='word_1_612' title='bbox 1943 1390 1971 1427; x_wconf 86' lang='grc' dir='ltr'>Ι.</span> <span class='ocrx_word' id='word_1_613' title='bbox 2015 1388 2206 1440; x_wconf 62' lang='lat' dir='ltr'>Antiqua.</span> <span class='ocrx_word' id='word_1_614' title='bbox 2235 1389 2392 1427; x_wconf 63' lang='lat' dir='ltr'>„Iudaic-</span> <span class='ocrx_word' id='word_1_615' title='bbox 2422 1405 2458 1430; x_wconf 89' lang='lat' dir='ltr'>c.</span> 
     </span>
     <span class='ocr_line' id='line_1_86' title="bbox 1349 1441 2458 1496; baseline -0.001 -14"><span class='ocrx_word' id='word_1_616' title='bbox 1349 1458 1386 1482; x_wconf 83' lang='lat'>2.</span> <span class='ocrx_word' id='word_1_617' title='bbox 1416 1452 1574 1496; x_wconf 84' lang='lat' dir='ltr'>putant,</span> <span class='ocrx_word' id='word_1_618' title='bbox 1605 1442 1749 1480; x_wconf 77' lang='lat' dir='ltr'>Phison</span> <span class='ocrx_word' id='word_1_619' title='bbox 1777 1455 1854 1480; x_wconf 87' lang='lat' dir='ltr'>esse</span> <span class='ocrx_word' id='word_1_620' title='bbox 1873 1441 2060 1494; x_wconf 73' lang='lat' dir='ltr'>Gangem</span> <span class='ocrx_word' id='word_1_621' title='bbox 2078 1442 2258 1480; x_wconf 87' lang='lat' dir='ltr'>Indorum</span> <span class='ocrx_word' id='word_1_622' title='bbox 2289 1442 2458 1482; x_wconf 86' lang='lat' dir='ltr'>fluvium</span> 
     </span>
     <span class='ocr_line' id='line_1_87' title="bbox 1347 1493 2458 1542; baseline 0 -8"><span class='ocrx_word' id='word_1_623' title='bbox 1347 1497 1553 1534; x_wconf 86' lang='lat' dir='ltr'>admodum</span> <span class='ocrx_word' id='word_1_624' title='bbox 1581 1495 1771 1534; x_wconf 85' lang='lat' dir='ltr'>celebrem</span> <span class='ocrx_word' id='word_1_625' title='bbox 1790 1525 1800 1542; x_wconf 91' lang='lat'>,</span> <span class='ocrx_word' id='word_1_626' title='bbox 1831 1494 1865 1530; x_wconf 86' lang='grc'>8(</span> <span class='ocrx_word' id='word_1_627' title='bbox 1889 1494 2026 1532; x_wconf 72' lang='lat' dir='ltr'>Gehon</span> <span class='ocrx_word' id='word_1_628' title='bbox 2046 1493 2186 1532; x_wconf 77' lang='lat' dir='ltr'>Nilum</span> <span class='ocrx_word' id='word_1_629' title='bbox 2215 1497 2458 1535; x_wconf 86' lang='lat' dir='ltr'>notissimum</span> 
     </span>
     <span class='ocr_line' id='line_1_88' title="bbox 1348 1546 2460 1601; baseline 0.002 -15"><span class='ocrx_word' id='word_1_630' title='bbox 1348 1549 1449 1601; x_wconf 82' lang='lat' dir='ltr'>apud</span> <span class='ocrx_word' id='word_1_631' title='bbox 1479 1549 1670 1600; x_wconf 76' lang='lat' dir='ltr'>AEgyptios</span> <span class='ocrx_word' id='word_1_632' title='bbox 1688 1573 1699 1585; x_wconf 89' lang='lat'>.</span> <span class='ocrx_word' id='word_1_633' title='bbox 1742 1549 1797 1585; x_wconf 74' lang='lat' dir='ltr'>Ita</span> <span class='ocrx_word' id='word_1_634' title='bbox 1825 1546 1952 1585; x_wconf 84' lang='lat' dir='ltr'>Sanct.</span> <span class='ocrx_word' id='word_1_635' title='bbox 1982 1549 2213 1598; x_wconf 81' lang='lat' dir='ltr'>Augustinus</span> <span class='ocrx_word' id='word_1_636' title='bbox 2243 1548 2330 1586; x_wconf 85' lang='lat' dir='ltr'>Lib.</span> <span class='ocrx_word' id='word_1_637' title='bbox 2355 1549 2460 1588; x_wconf 82' lang='lat' dir='ltr'>VIII.</span> 
     </span>
     <span class='ocr_line' id='line_1_89' title="bbox 1349 1600 2458 1653; baseline 0.001 -14"><span class='ocrx_word' id='word_1_638' title='bbox 1349 1602 1397 1640; x_wconf 78' lang='lat' dir='ltr'>cle</span> <span class='ocrx_word' id='word_1_639' title='bbox 1430 1600 1532 1639; x_wconf 83' lang='lat' dir='ltr'>Gen.</span> <span class='ocrx_word' id='word_1_640' title='bbox 1562 1600 1616 1638; x_wconf 75' lang='lat' dir='ltr'>ad</span> <span class='ocrx_word' id='word_1_641' title='bbox 1644 1601 1716 1638; x_wconf 70' lang='lat' dir='ltr'>litt.</span> <span class='ocrx_word' id='word_1_642' title='bbox 1744 1615 1830 1653; x_wconf 83' lang='lat' dir='ltr'>cap.</span> <span class='ocrx_word' id='word_1_643' title='bbox 1855 1615 1891 1652; x_wconf 92' lang='lat'>7.</span> <span class='ocrx_word' id='word_1_644' title='bbox 1921 1602 2121 1651; x_wconf 82' lang='lat' dir='ltr'>inquiens:</span> <span class='ocrx_word' id='word_1_645' title='bbox 2152 1630 2178 1649; x_wconf 86' lang='lat'>„</span> <span class='ocrx_word' id='word_1_646' title='bbox 2209 1600 2370 1640; x_wconf 80' lang='lat' dir='ltr'>Duobus</span> <span class='ocrx_word' id='word_1_647' title='bbox 2397 1616 2458 1640; x_wconf 85' lang='lat' dir='ltr'>eo·</span> 
     </span>
     <span class='ocr_line' id='line_1_90' title="bbox 1406 1652 2458 1700; baseline 0.003 -9"><span class='ocrx_word' id='word_1_648' title='bbox 1406 1668 1491 1693; x_wconf 87' lang='lat' dir='ltr'>rum</span> <span class='ocrx_word' id='word_1_649' title='bbox 1522 1655 1677 1692; x_wconf 85' lang='lat' dir='ltr'>nomina</span> <span class='ocrx_word' id='word_1_650' title='bbox 1706 1662 1864 1692; x_wconf 87' lang='lat' dir='ltr'>vetustas</span> <span class='ocrx_word' id='word_1_651' title='bbox 1893 1655 2077 1700; x_wconf 80' lang='lat' dir='ltr'>mutavit,</span> <span class='ocrx_word' id='word_1_652' title='bbox 2107 1655 2202 1691; x_wconf 83' lang='lat' dir='ltr'>sicut</span> <span class='ocrx_word' id='word_1_653' title='bbox 2235 1652 2380 1692; x_wconf 71' lang='lat' dir='ltr'>Tiberis</span> <span class='ocrx_word' id='word_1_654' title='bbox 2400 1656 2458 1694; x_wconf 89' lang='lat' dir='ltr'>di-</span> 
     </span>
     <span class='ocr_line' id='line_1_91' title="bbox 1347 1706 2456 1759; baseline 0.001 -14"><span class='ocrx_word' id='word_1_655' title='bbox 1347 1738 1374 1758; x_wconf 89' lang='lat'>„</span> <span class='ocrx_word' id='word_1_656' title='bbox 1404 1709 1502 1745; x_wconf 89' lang='lat' dir='ltr'>citur</span> <span class='ocrx_word' id='word_1_657' title='bbox 1532 1707 1700 1754; x_wconf 83' lang='lat' dir='ltr'>fluvius,</span> <span class='ocrx_word' id='word_1_658' title='bbox 1730 1708 1796 1759; x_wconf 87' lang='lat' dir='ltr'>qni</span> <span class='ocrx_word' id='word_1_659' title='bbox 1815 1707 1920 1759; x_wconf 85' lang='lat' dir='ltr'>prius</span> <span class='ocrx_word' id='word_1_660' title='bbox 1942 1706 2082 1744; x_wconf 60' lang='lat' dir='ltr'>Albula</span> <span class='ocrx_word' id='word_1_661' title='bbox 2112 1707 2341 1745; x_wconf 84' lang='lat' dir='ltr'>vocabatur:</span> <span class='ocrx_word' id='word_1_662' title='bbox 2377 1707 2456 1746; x_wconf 85' lang='lat' dir='ltr'>Ge—</span> 
     </span>
     <span class='ocr_line' id='line_1_92' title="bbox 1347 1760 2457 1813; baseline 0 -15"><span class='ocrx_word' id='word_1_663' title='bbox 1347 1792 1373 1811; x_wconf 84' lang='lat'><strong>„</strong></span> <span class='ocrx_word' id='word_1_664' title='bbox 1403 1760 1480 1798; x_wconf 71' lang='lat' dir='ltr'>hon</span> <span class='ocrx_word' id='word_1_665' title='bbox 1508 1761 1654 1813; x_wconf 84' lang='lat' dir='ltr'>quippe</span> <span class='ocrx_word' id='word_1_666' title='bbox 1684 1761 1764 1811; x_wconf 87' lang='lat' dir='ltr'>ipse</span> <span class='ocrx_word' id='word_1_667' title='bbox 1794 1770 1871 1807; x_wconf 85' lang='lat' dir='ltr'>est,</span> <span class='ocrx_word' id='word_1_668' title='bbox 1908 1761 1976 1812; x_wconf 87' lang='lat' dir='ltr'>qui</span> <span class='ocrx_word' id='word_1_669' title='bbox 2006 1774 2107 1798; x_wconf 87' lang='lat' dir='ltr'>nuuc</span> <span class='ocrx_word' id='word_1_670' title='bbox 2135 1761 2277 1798; x_wconf 84' lang='lat' dir='ltr'>dicitur</span> <span class='ocrx_word' id='word_1_671' title='bbox 2306 1760 2423 1798; x_wconf 77' lang='lat' dir='ltr'>Nilus</span> <span class='ocrx_word' id='word_1_672' title='bbox 2445 1791 2457 1810; x_wconf 90' lang='lat'>,</span> 
     </span>
     <span class='ocr_line' id='line_1_93' title="bbox 1345 1812 2458 1864; baseline 0.001 -13"><span class='ocrx_word' id='word_1_673' title='bbox 1345 1845 1370 1864; x_wconf 88' lang='lat'>„</span> <span class='ocrx_word' id='word_1_674' title='bbox 1402 1813 1538 1851; x_wconf 87' lang='lat' dir='ltr'>Phison</span> <span class='ocrx_word' id='word_1_675' title='bbox 1568 1822 1695 1850; x_wconf 87' lang='lat' dir='ltr'>autem</span> <span class='ocrx_word' id='word_1_676' title='bbox 1725 1812 1793 1850; x_wconf 89' lang='lat' dir='ltr'>ille</span> <span class='ocrx_word' id='word_1_677' title='bbox 1821 1813 2046 1860; x_wconf 85' lang='lat' dir='ltr'>dicebatur,</span> <span class='ocrx_word' id='word_1_678' title='bbox 2075 1827 2192 1863; x_wconf 87' lang='lat' dir='ltr'>quem</span> <span class='ocrx_word' id='word_1_679' title='bbox 2220 1827 2324 1851; x_wconf 88' lang='lat' dir='ltr'>nunc</span> <span class='ocrx_word' id='word_1_680' title='bbox 2343 1813 2458 1852; x_wconf 78' lang='lat' dir='ltr'>Gan-</span> 
     </span>
     <span class='ocr_line' id='line_1_94' title="bbox 1346 1865 2456 1920; baseline 0 -16"><span class='ocrx_word' id='word_1_681' title='bbox 1346 1898 1373 1916; x_wconf 89' lang='lat'><strong>„</strong></span> <span class='ocrx_word' id='word_1_682' title='bbox 1400 1880 1493 1920; x_wconf 74' lang='lat' dir='ltr'>gem</span> <span class='ocrx_word' id='word_1_683' title='bbox 1522 1865 1742 1918; x_wconf 81' lang='lat' dir='ltr'>appellant3</span> <span class='ocrx_word' id='word_1_684' title='bbox 1790 1865 1866 1903; x_wconf 89' lang='lat' dir='ltr'>duo</span> <span class='ocrx_word' id='word_1_685' title='bbox 1900 1878 1989 1904; x_wconf 87' lang='lat' dir='ltr'>vero</span> <span class='ocrx_word' id='word_1_686' title='bbox 2018 1873 2167 1913; x_wconf 88' lang='lat' dir='ltr'>cetera,</span> <span class='ocrx_word' id='word_1_687' title='bbox 2218 1865 2371 1917; x_wconf 73' lang='lat' dir='ltr'>Tigris,</span> <span class='ocrx_word' id='word_1_688' title='bbox 2421 1867 2456 1904; x_wconf 84' lang='lat'>&amp;</span> 
     </span>
     <span class='ocr_line' id='line_1_95' title="bbox 1345 1918 2456 1972; baseline 0.002 -15"><span class='ocrx_word' id='word_1_689' title='bbox 1345 1951 1370 1969; x_wconf 77' lang='lat'>„</span> <span class='ocrx_word' id='word_1_690' title='bbox 1401 1918 1628 1972; x_wconf 68' lang='lat' dir='ltr'>Euphrates</span> <span class='ocrx_word' id='word_1_691' title='bbox 1658 1920 1813 1970; x_wconf 77' lang='lat' dir='ltr'>antiqua</span> <span class='ocrx_word' id='word_1_692' title='bbox 1841 1919 1954 1957; x_wconf 84' lang='lat' dir='ltr'>etiam</span> <span class='ocrx_word' id='word_1_693' title='bbox 1998 1919 2157 1956; x_wconf 84' lang='lat' dir='ltr'>nomina</span> <span class='ocrx_word' id='word_1_694' title='bbox 2185 1923 2425 1958; x_wconf 75' lang='lat' dir='ltr'>tenuerunt“</span> <span class='ocrx_word' id='word_1_695' title='bbox 2445 1946 2456 1959; x_wconf 88' lang='lat'>.</span> 
     </span>
     <span class='ocr_line' id='line_1_96' title="bbox 1344 1971 2458 2026; baseline 0.001 -15"><span class='ocrx_word' id='word_1_696' title='bbox 1344 1973 1468 2025; x_wconf 82' lang='lat' dir='ltr'>Pergit</span> <span class='ocrx_word' id='word_1_697' title='bbox 1510 1981 1636 2026; x_wconf 84' lang='lat' dir='ltr'>postea</span> <span class='ocrx_word' id='word_1_698' title='bbox 1663 1971 1704 2010; x_wconf 88' lang='lat' dir='ltr'>S.</span> <span class='ocrx_word' id='word_1_699' title='bbox 1734 1971 1840 2010; x_wconf 82' lang='lat' dir='ltr'>Pater</span> <span class='ocrx_word' id='word_1_700' title='bbox 1883 1972 1916 2008; x_wconf 77' lang='grc' dir='ltr'><strong>ἃ</strong></span> <span class='ocrx_word' id='word_1_701' title='bbox 1946 1971 2063 2010; x_wconf 86' lang='lat' dir='ltr'>aliam</span> <span class='ocrx_word' id='word_1_702' title='bbox 2106 1972 2368 2010; x_wconf 83' lang='lat' dir='ltr'>difficultatem</span> <span class='ocrx_word' id='word_1_703' title='bbox 2398 1988 2458 2012; x_wconf 86' lang='lat' dir='ltr'>re-</span> 
     </span>
     <span class='ocr_line' id='line_1_97' title="bbox 1343 2024 2458 2078; baseline 0 -13"><span class='ocrx_word' id='word_1_704' title='bbox 1343 2035 1495 2074; x_wconf 81' lang='lat' dir='ltr'>movet,</span> <span class='ocrx_word' id='word_1_705' title='bbox 1543 2038 1631 2078; x_wconf 81' lang='lat' dir='ltr'>quae</span> <span class='ocrx_word' id='word_1_706' title='bbox 1660 2027 1779 2063; x_wconf 86' lang='lat' dir='ltr'>oritur</span> <span class='ocrx_word' id='word_1_707' title='bbox 1807 2038 1852 2063; x_wconf 81' lang='lat' dir='ltr'>ex</span> <span class='ocrx_word' id='word_1_708' title='bbox 1895 2025 2042 2076; x_wconf 84' lang='lat' dir='ltr'>origine</span> <span class='ocrx_word' id='word_1_709' title='bbox 2071 2024 2207 2062; x_wconf 86' lang='lat' dir='ltr'>horum</span> <span class='ocrx_word' id='word_1_710' title='bbox 2247 2027 2458 2065; x_wconf 86' lang='lat' dir='ltr'>fluminum</span> 
     </span>
     <span class='ocr_line' id='line_1_98' title="bbox 1342 2077 2456 2132; baseline -0.001 -14"><span class='ocrx_word' id='word_1_711' title='bbox 1342 2080 1497 2118; x_wconf 84' lang='lat' dir='ltr'>omnino</span> <span class='ocrx_word' id='word_1_712' title='bbox 1524 2080 1672 2118; x_wconf 84' lang='lat' dir='ltr'>diversa</span> <span class='ocrx_word' id='word_1_713' title='bbox 1691 2108 1701 2126; x_wconf 87' lang='lat'>,</span> <span class='ocrx_word' id='word_1_714' title='bbox 1750 2092 1839 2116; x_wconf 87' lang='lat' dir='ltr'>cum</span> <span class='ocrx_word' id='word_1_715' title='bbox 1868 2088 1995 2116; x_wconf 87' lang='lat' dir='ltr'>tamen</span> <span class='ocrx_word' id='word_1_716' title='bbox 2025 2077 2093 2115; x_wconf 88' lang='lat' dir='ltr'>illa</span> <span class='ocrx_word' id='word_1_717' title='bbox 2121 2087 2283 2129; x_wconf 86' lang='lat' dir='ltr'>quatuor</span> <span class='ocrx_word' id='word_1_718' title='bbox 2305 2109 2316 2127; x_wconf 88' lang='lat'>,</span> <span class='ocrx_word' id='word_1_719' title='bbox 2365 2094 2456 2132; x_wconf 80' lang='lat' dir='ltr'>quae</span> 
     </span>
     <span class='ocr_line' id='line_1_99' title="bbox 1343 2131 2455 2184; baseline -0.001 -13"><span class='ocrx_word' id='word_1_720' title='bbox 1343 2134 1389 2171; x_wconf 86' lang='lat' dir='ltr'>de</span> <span class='ocrx_word' id='word_1_721' title='bbox 1418 2132 1593 2170; x_wconf 80' lang='lat' dir='ltr'>Paradiso</span> <span class='ocrx_word' id='word_1_722' title='bbox 1621 2131 1934 2182; x_wconf 75' lang='lat' dir='ltr'>egrediebantur,</span> <span class='ocrx_word' id='word_1_723' title='bbox 1964 2145 2080 2169; x_wconf 83' lang='lat' dir='ltr'>unam</span> <span class='ocrx_word' id='word_1_724' title='bbox 2109 2133 2359 2184; x_wconf 85' lang='lat' dir='ltr'>eamdemque</span> <span class='ocrx_word' id='word_1_725' title='bbox 2389 2133 2455 2170; x_wconf 84' lang='lat' dir='ltr'>ha-</span> 
     </span>
     <span class='ocr_line' id='line_1_100' title="bbox 1344 2185 2455 2237; baseline -0.003 -11"><span class='ocrx_word' id='word_1_726' title='bbox 1344 2187 1499 2232; x_wconf 53' lang='lat' dir='ltr'>bereum</span> <span class='ocrx_word' id='word_1_727' title='bbox 1547 2186 1669 2237; x_wconf 83' lang='lat' dir='ltr'>inquit</span> <span class='ocrx_word' id='word_1_728' title='bbox 1698 2187 1827 2232; x_wconf 83' lang='lat' dir='ltr'>enim,</span> <span class='ocrx_word' id='word_1_729' title='bbox 1858 2185 2086 2222; x_wconf 82' lang='lat' dir='ltr'>eredendum</span> <span class='ocrx_word' id='word_1_730' title='bbox 2117 2199 2194 2222; x_wconf 85' lang='lat' dir='ltr'>esse</span> <span class='ocrx_word' id='word_1_731' title='bbox 2224 2200 2245 2222; x_wconf 87' lang='lat' dir='ltr'>a</span> <span class='ocrx_word' id='word_1_732' title='bbox 2274 2185 2455 2224; x_wconf 75' lang='lat' dir='ltr'>Paradiso</span> 
     </span>
     <span class='ocr_line' id='line_1_101' title="bbox 1397 2237 2455 2292; baseline -0.001 -15"><span class='ocrx_word' id='word_1_733' title='bbox 1397 2248 1555 2292; x_wconf 83' lang='lat' dir='ltr'>quatuor</span> <span class='ocrx_word' id='word_1_734' title='bbox 1584 2252 1771 2290; x_wconf 79' lang='lat' dir='ltr'>aquarum</span> <span class='ocrx_word' id='word_1_735' title='bbox 1802 2246 1925 2290; x_wconf 81' lang='lat' dir='ltr'>partes</span> <span class='ocrx_word' id='word_1_736' title='bbox 1954 2238 2103 2286; x_wconf 92' lang='lat' dir='ltr'>dividi,</span> <span class='ocrx_word' id='word_1_737' title='bbox 2151 2239 2247 2276; x_wconf 82' lang='lat' dir='ltr'>sicut</span> <span class='ocrx_word' id='word_1_738' title='bbox 2276 2237 2455 2277; x_wconf 82' lang='lat' dir='ltr'>fidelissi-</span> 
     </span>
     <span class='ocr_line' id='line_1_102' title="bbox 1398 2289 2452 2343; baseline -0.001 -12"><span class='ocrx_word' id='word_1_739' title='bbox 1398 2307 1459 2331; x_wconf 88' lang='lat' dir='ltr'>ma</span> <span class='ocrx_word' id='word_1_740' title='bbox 1479 2292 1677 2343; x_wconf 81' lang='lat' dir='ltr'>Scriptura</span> <span class='ocrx_word' id='word_1_741' title='bbox 1705 2299 1884 2336; x_wconf 86' lang='lat' dir='ltr'>testatur;</span> <span class='ocrx_word' id='word_1_742' title='bbox 1913 2291 1976 2329; x_wconf 89' lang='lat' dir='ltr'>sed</span> <span class='ocrx_word' id='word_1_743' title='bbox 1997 2305 2040 2328; x_wconf 88' lang='lat' dir='ltr'>ea</span> <span class='ocrx_word' id='word_1_744' title='bbox 2061 2289 2226 2329; x_wconf 85' lang='lat' dir='ltr'>fiumina</span> <span class='ocrx_word' id='word_1_745' title='bbox 2240 2321 2254 2339; x_wconf 79' lang='lat'>„</span> <span class='ocrx_word' id='word_1_746' title='bbox 2284 2305 2452 2343; x_wconf 87' lang='lat' dir='ltr'>quorum</span> 
     </span>
     <span class='ocr_line' id='line_1_103' title="bbox 1399 2343 2454 2394; baseline -0.001 -11"><span class='ocrx_word' id='word_1_747' title='bbox 1399 2347 1518 2383; x_wconf 86' lang='lat' dir='ltr'>fontes</span> <span class='ocrx_word' id='word_1_748' title='bbox 1546 2346 1622 2394; x_wconf 84' lang='lat' dir='ltr'>noti</span> <span class='ocrx_word' id='word_1_749' title='bbox 1650 2359 1726 2383; x_wconf 87' lang='lat' dir='ltr'>esse</span> <span class='ocrx_word' id='word_1_750' title='bbox 1754 2344 1960 2392; x_wconf 88' lang='lat' dir='ltr'>dicuntur,</span> <span class='ocrx_word' id='word_1_751' title='bbox 1989 2343 2134 2382; x_wconf 83' lang='lat' dir='ltr'>alicubi</span> <span class='ocrx_word' id='word_1_752' title='bbox 2164 2346 2251 2382; x_wconf 89' lang='lat' dir='ltr'>iisse</span> <span class='ocrx_word' id='word_1_753' title='bbox 2279 2345 2349 2382; x_wconf 89' lang='lat' dir='ltr'>sub</span> <span class='ocrx_word' id='word_1_754' title='bbox 2379 2353 2454 2387; x_wconf 78' lang='lat' dir='ltr'>ter-</span> 
     </span>
     <span class='ocr_line' id='line_1_104' title="bbox 1399 2396 2451 2449; baseline -0.001 -12"><span class='ocrx_word' id='word_1_755' title='bbox 1399 2413 1483 2447; x_wconf 79' lang='lat' dir='ltr'>ras,</span> <span class='ocrx_word' id='word_1_756' title='bbox 1522 2397 1555 2433; x_wconf 88' lang='grc'>8(</span> <span class='ocrx_word' id='word_1_757' title='bbox 1584 2407 1665 2449; x_wconf 89' lang='lat' dir='ltr'>post</span> <span class='ocrx_word' id='word_1_758' title='bbox 1691 2406 1830 2436; x_wconf 87' lang='lat' dir='ltr'>tractus</span> <span class='ocrx_word' id='word_1_759' title='bbox 1859 2396 2098 2448; x_wconf 82' lang='lat' dir='ltr'>prolixarum</span> <span class='ocrx_word' id='word_1_760' title='bbox 2127 2398 2327 2448; x_wconf 81' lang='lat' dir='ltr'>regionum</span> <span class='ocrx_word' id='word_1_761' title='bbox 2356 2398 2451 2436; x_wconf 83' lang='lat' dir='ltr'>locis</span> 
     </span>
     <span class='ocr_line' id='line_1_105' title="bbox 1398 2450 2450 2502; baseline -0.003 -12"><span class='ocrx_word' id='word_1_762' title='bbox 1398 2452 1484 2490; x_wconf 83' lang='lat' dir='ltr'>aliis</span> <span class='ocrx_word' id='word_1_763' title='bbox 1504 2452 1673 2502; x_wconf 88' lang='lat' dir='ltr'>erupisse</span> <span class='ocrx_word' id='word_1_764' title='bbox 1689 2481 1700 2498; x_wconf 94' lang='lat'>,</span> <span class='ocrx_word' id='word_1_765' title='bbox 1731 2451 1797 2488; x_wconf 86' lang='lat' dir='ltr'>ubi</span> <span class='ocrx_word' id='word_1_766' title='bbox 1827 2457 2011 2501; x_wconf 80' lang='lat' dir='ltr'>tanquam</span> <span class='ocrx_word' id='word_1_767' title='bbox 2032 2451 2070 2487; x_wconf 79' lang='lat' dir='ltr'>iu</span> <span class='ocrx_word' id='word_1_768' title='bbox 2098 2451 2175 2488; x_wconf 84' lang='lat' dir='ltr'>suis</span> <span class='ocrx_word' id='word_1_769' title='bbox 2196 2450 2362 2488; x_wconf 88' lang='lat' dir='ltr'>fontibus</span> <span class='ocrx_word' id='word_1_770' title='bbox 2381 2464 2450 2488; x_wconf 81' lang='lat' dir='ltr'>no-</span> 
     </span>
     <span class='ocr_line' id='line_1_106' title="bbox 1342 2502 2457 2554; baseline 0 -12"><span class='ocrx_word' id='word_1_771' title='bbox 1342 2534 1368 2552; x_wconf 87' lang='lat'><strong>„</strong></span> <span class='ocrx_word' id='word_1_772' title='bbox 1397 2514 1434 2542; x_wconf 74' lang='lat' dir='ltr'>ta</span> <span class='ocrx_word' id='word_1_773' title='bbox 1462 2518 1539 2541; x_wconf 86' lang='lat' dir='ltr'>esse</span> <span class='ocrx_word' id='word_1_774' title='bbox 1568 2503 1818 2554; x_wconf 72' lang='lat' dir='ltr'>perhibentur</span> <span class='ocrx_word' id='word_1_775' title='bbox 1835 2528 1844 2540; x_wconf 92' lang='lat'>.</span> <span class='ocrx_word' id='word_1_776' title='bbox 1874 2503 1973 2542; x_wconf 85' lang='lat' dir='ltr'>Nam</span> <span class='ocrx_word' id='word_1_777' title='bbox 2003 2502 2073 2540; x_wconf 88' lang='lat' dir='ltr'>hoc</span> <span class='ocrx_word' id='word_1_778' title='bbox 2095 2503 2222 2544; x_wconf 82' lang='lat' dir='ltr'>solere</span> <span class='ocrx_word' id='word_1_779' title='bbox 2246 2502 2457 2542; x_wconf 82' lang='lat' dir='ltr'>nonnullas</span> 
     </span>
     <span class='ocr_line' id='line_1_107' title="bbox 1342 2555 2122 2608; baseline -0.003 -14"><span class='ocrx_word' id='word_1_780' title='bbox 1342 2587 1368 2606; x_wconf 85' lang='lat'><strong>„</strong></span> <span class='ocrx_word' id='word_1_781' title='bbox 1398 2571 1526 2608; x_wconf 86' lang='lat' dir='ltr'>aquas·</span> <span class='ocrx_word' id='word_1_782' title='bbox 1547 2556 1670 2594; x_wconf 83' lang='lat' dir='ltr'>facere</span> <span class='ocrx_word' id='word_1_783' title='bbox 1698 2557 1784 2608; x_wconf 87' lang='lat' dir='ltr'>quis</span> <span class='ocrx_word' id='word_1_784' title='bbox 1814 2557 1963 2606; x_wconf 84' lang='lat' dir='ltr'>ignorat</span> <span class='ocrx_word' id='word_1_785' title='bbox 1978 2555 2035 2594; x_wconf 78' lang='lat'>“?</span> <span class='ocrx_word' id='word_1_786' title='bbox 2065 2555 2122 2606; x_wconf 78' lang='lat' dir='ltr'>(b)</span> 
     </span>
    </p>

    <p class='ocr_par' dir='ltr' id='par_1_8' title="bbox 1342 2608 2455 2755">
     <span class='ocr_line' id='line_1_108' title="bbox 1399 2608 2455 2659; baseline -0.002 -11"><span class='ocrx_word' id='word_1_787' title='bbox 1399 2610 1491 2656; x_wconf 74' lang='grc'>514.</span> <span class='ocrx_word' id='word_1_788' title='bbox 1520 2609 1569 2647; x_wconf 86' lang='lat' dir='ltr'>Et</span> <span class='ocrx_word' id='word_1_789' title='bbox 1597 2619 1696 2647; x_wconf 87' lang='lat' dir='ltr'>certe</span> <span class='ocrx_word' id='word_1_790' title='bbox 1726 2609 1902 2659; x_wconf 87' lang='lat' dir='ltr'>Tigrim,</span> <span class='ocrx_word' id='word_1_791' title='bbox 1947 2608 1980 2643; x_wconf 87' lang='grc'>8(</span> <span class='ocrx_word' id='word_1_792' title='bbox 2008 2608 2244 2658; x_wconf 86' lang='lat' dir='ltr'>Euphratem</span> <span class='ocrx_word' id='word_1_793' title='bbox 2273 2623 2349 2646; x_wconf 81' lang='lat' dir='ltr'>una</span> <span class='ocrx_word' id='word_1_794' title='bbox 2376 2622 2455 2646; x_wconf 81' lang='lat' dir='ltr'>sca-</span> 
     </span>
     <span class='ocr_line' id='line_1_109' title="bbox 1342 2660 2454 2712; baseline -0.002 -11"><span class='ocrx_word' id='word_1_795' title='bbox 1342 2664 1509 2712; x_wconf 83' lang='lat' dir='ltr'>turigine</span> <span class='ocrx_word' id='word_1_796' title='bbox 1529 2663 1620 2699; x_wconf 84' lang='lat' dir='ltr'>oriri</span> <span class='ocrx_word' id='word_1_797' title='bbox 1649 2662 1744 2698; x_wconf 86' lang='lat' dir='ltr'>dixit</span> <span class='ocrx_word' id='word_1_798' title='bbox 1764 2662 1877 2699; x_wconf 82' lang='lat' dir='ltr'>etiam</span> <span class='ocrx_word' id='word_1_799' title='bbox 1893 2660 2072 2700; x_wconf 74' lang='lat' dir='ltr'>Lucanus</span> <span class='ocrx_word' id='word_1_800' title='bbox 2101 2660 2190 2711; x_wconf 83' lang='lat' dir='ltr'>Lib.</span> <span class='ocrx_word' id='word_1_801' title='bbox 2212 2660 2298 2699; x_wconf 91' lang='lat' dir='ltr'>VII.</span> <span class='ocrx_word' id='word_1_802' title='bbox 2330 2660 2454 2699; x_wconf 71' lang='lat' dir='ltr'>Phar-</span> 
     </span>
     <span class='ocr_line' id='line_1_110' title="bbox 1344 2713 1729 2755; baseline -0.016 0"><span class='ocrx_word' id='word_1_803' title='bbox 1344 2716 1422 2755; x_wconf 74' lang='lat' dir='ltr'>sal.</span> <span class='ocrx_word' id='word_1_804' title='bbox 1453 2715 1509 2753; x_wconf 85' lang='lat' dir='ltr'>his</span> <span class='ocrx_word' id='word_1_805' title='bbox 1538 2713 1729 2755; x_wconf 87' lang='lat' dir='ltr'>versibus:</span> 
     </span>
    </p>

    <p class='ocr_par' dir='ltr' id='par_1_9' title="bbox 2280 2766 2400 2820">
     <span class='ocr_line' id='line_1_111' title="bbox 2280 2766 2400 2820; baseline 0.017 -15"><span class='ocrx_word' id='word_1_806' title='bbox 2280 2766 2400 2820; x_wconf 79' lang='lat' dir='ltr'>Quoe-</span> 
     </span>
    </p>
   </div>
   <div class='ocr_carea' id='block_1_6' title="bbox 1345 2894 2456 3360">
    <p class='ocr_par' dir='ltr' id='par_1_10' title="bbox 1345 2894 2456 3310">
     <span class='ocr_line' id='line_1_112' title="bbox 1345 2894 2454 2942; baseline -0.002 -11"><span class='ocrx_word' id='word_1_807' title='bbox 1345 2918 1372 2940; x_wconf 84' lang='lat'>‚,</span> <span class='ocrx_word' id='word_1_808' title='bbox 1397 2905 1491 2942; x_wconf 84' lang='lat' dir='ltr'>ptate</span> <span class='ocrx_word' id='word_1_809' title='bbox 1518 2896 1649 2930; x_wconf 83' lang='lat' dir='ltr'>animos</span> <span class='ocrx_word' id='word_1_810' title='bbox 1672 2895 1828 2930; x_wconf 82' lang='lat' dir='ltr'>omnium</span> <span class='ocrx_word' id='word_1_811' title='bbox 1866 2894 2094 2941; x_wconf 83' lang='lat' dir='ltr'>perfundebat</span> <span class='ocrx_word' id='word_1_812' title='bbox 2111 2917 2119 2927; x_wconf 84' lang='lat'>.</span> <span class='ocrx_word' id='word_1_813' title='bbox 2169 2895 2281 2935; x_wconf 77' lang='lat' dir='ltr'>Rati,</span> <span class='ocrx_word' id='word_1_814' title='bbox 2314 2895 2454 2929; x_wconf 68' lang='lat' dir='ltr'>“fontem</span> 
     </span>
     <span class='ocr_line' id='line_1_113' title="bbox 1346 2940 2450 2988; baseline -0.002 -12"><span class='ocrx_word' id='word_1_815' title='bbox 1346 2966 1372 2985; x_wconf 66' lang='lat'>2,</span> <span class='ocrx_word' id='word_1_816' title='bbox 1397 2942 1490 2977; x_wconf 81' lang='lat' dir='ltr'>haud</span> <span class='ocrx_word' id='word_1_817' title='bbox 1508 2944 1635 2988; x_wconf 82' lang='lat' dir='ltr'>procul</span> <span class='ocrx_word' id='word_1_818' title='bbox 1660 2943 1804 2983; x_wconf 81' lang='lat' dir='ltr'>abesse,</span> <span class='ocrx_word' id='word_1_819' title='bbox 1828 2944 1960 2982; x_wconf 85' lang='lat' dir='ltr'>remis,</span> <span class='ocrx_word' id='word_1_820' title='bbox 1984 2944 2138 2987; x_wconf 73' lang='lat' dir='ltr'>velisque</span> <span class='ocrx_word' id='word_1_821' title='bbox 2163 2940 2276 2974; x_wconf 85' lang='lat' dir='ltr'>valide</span> <span class='ocrx_word' id='word_1_822' title='bbox 2303 2942 2338 2974; x_wconf 88' lang='lat' dir='ltr'>in</span> <span class='ocrx_word' id='word_1_823' title='bbox 2363 2943 2450 2974; x_wconf 84' lang='lat' dir='ltr'>ulte-</span> 
     </span>
     <span class='ocr_line' id='line_1_114' title="bbox 1346 2988 2456 3033; baseline -0.001 -10"><span class='ocrx_word' id='word_1_824' title='bbox 1346 3013 1372 3032; x_wconf 84' lang='lat'><strong>„</strong></span> <span class='ocrx_word' id='word_1_825' title='bbox 1397 2991 1489 3023; x_wconf 83' lang='lat' dir='ltr'>riora</span> <span class='ocrx_word' id='word_1_826' title='bbox 1515 2990 1753 3028; x_wconf 80' lang='lat' dir='ltr'>conabantnr5</span> <span class='ocrx_word' id='word_1_827' title='bbox 1800 2988 1859 3022; x_wconf 85' lang='lat' dir='ltr'>sed</span> <span class='ocrx_word' id='word_1_828' title='bbox 1881 2989 1994 3022; x_wconf 87' lang='lat' dir='ltr'>omnis</span> <span class='ocrx_word' id='word_1_829' title='bbox 2019 3000 2122 3033; x_wconf 82' lang='lat' dir='ltr'>opera</span> <span class='ocrx_word' id='word_1_830' title='bbox 2139 3010 2149 3029; x_wconf 88' lang='lat'>‚</span> <span class='ocrx_word' id='word_1_831' title='bbox 2183 2988 2348 3032; x_wconf 74' lang='lat' dir='ltr'>laborque</span> <span class='ocrx_word' id='word_1_832' title='bbox 2374 3000 2456 3022; x_wconf 78' lang='lat' dir='ltr'>eva-</span> 
     </span>
     <span class='ocr_line' id='line_1_115' title="bbox 1347 3033 2456 3080; baseline -0.002 -11"><span class='ocrx_word' id='word_1_833' title='bbox 1347 3059 1372 3078; x_wconf 83' lang='lat'>„</span> <span class='ocrx_word' id='word_1_834' title='bbox 1399 3036 1560 3070; x_wconf 73' lang='lat' dir='ltr'>nese-ebat</span> <span class='ocrx_word' id='word_1_835' title='bbox 1579 3057 1588 3068; x_wconf 85' lang='lat'>.</span> <span class='ocrx_word' id='word_1_836' title='bbox 1615 3035 1706 3068; x_wconf 83' lang='lat' dir='ltr'>Nam</span> <span class='ocrx_word' id='word_1_837' title='bbox 1720 3035 1880 3080; x_wconf 78' lang='lat' dir='ltr'>quamvis</span> <span class='ocrx_word' id='word_1_838' title='bbox 1905 3035 2022 3068; x_wconf 84' lang='lat' dir='ltr'>omnia</span> <span class='ocrx_word' id='word_1_839' title='bbox 2042 3043 2153 3068; x_wconf 81' lang='lat' dir='ltr'>essent</span> <span class='ocrx_word' id='word_1_840' title='bbox 2179 3033 2456 3074; x_wconf 75' lang='lat' dir='ltr'>secundissima,</span> 
     </span>
     <span class='ocr_line' id='line_1_116' title="bbox 1347 3079 2456 3124; baseline -0.002 -9"><span class='ocrx_word' id='word_1_841' title='bbox 1347 3105 1373 3124; x_wconf 83' lang='lat'>„</span> <span class='ocrx_word' id='word_1_842' title='bbox 1399 3086 1429 3114; x_wconf 71' lang='grc' dir='ltr'>ἀ</span> <span class='ocrx_word' id='word_1_843' title='bbox 1455 3094 1489 3115; x_wconf 85' lang='lat' dir='ltr'>se</span> <span class='ocrx_word' id='word_1_844' title='bbox 1514 3081 1693 3114; x_wconf 84' lang='lat' dir='ltr'>celerrime</span> <span class='ocrx_word' id='word_1_845' title='bbox 1719 3080 1835 3114; x_wconf 83' lang='lat' dir='ltr'>invehi</span> <span class='ocrx_word' id='word_1_846' title='bbox 1860 3081 2127 3121; x_wconf 81' lang='lat' dir='ltr'>existimarent,</span> <span class='ocrx_word' id='word_1_847' title='bbox 2170 3079 2257 3113; x_wconf 90' lang='lat' dir='ltr'>nihil</span> <span class='ocrx_word' id='word_1_848' title='bbox 2295 3089 2410 3114; x_wconf 81' lang='lat' dir='ltr'>tamen</span> <span class='ocrx_word' id='word_1_849' title='bbox 2435 3091 2456 3113; x_wconf 76' lang='lat' dir='ltr'>a</span> 
     </span>
     <span class='ocr_line' id='line_1_117' title="bbox 1348 3125 2452 3172; baseline -0.005 -9"><span class='ocrx_word' id='word_1_850' title='bbox 1348 3151 1373 3171; x_wconf 87' lang='lat'>,‚</span> <span class='ocrx_word' id='word_1_851' title='bbox 1399 3130 1474 3162; x_wconf 93' lang='lat' dir='ltr'>loco</span> <span class='ocrx_word' id='word_1_852' title='bbox 1497 3125 1745 3172; x_wconf 73' lang='lat' dir='ltr'>promovebant</span> <span class='ocrx_word' id='word_1_853' title='bbox 1761 3151 1768 3158; x_wconf 90' lang='lat'>.</span> <span class='ocrx_word' id='word_1_854' title='bbox 1792 3127 2017 3161; x_wconf 74' lang='lat' dir='ltr'>intellectum</span> <span class='ocrx_word' id='word_1_855' title='bbox 2043 3128 2086 3162; x_wconf 87' lang='lat' dir='ltr'>ab</span> <span class='ocrx_word' id='word_1_856' title='bbox 2112 3128 2153 3161; x_wconf 87' lang='lat' dir='ltr'>iis</span> <span class='ocrx_word' id='word_1_857' title='bbox 2169 3148 2180 3167; x_wconf 89' lang='lat'>‚</span> <span class='ocrx_word' id='word_1_858' title='bbox 2204 3128 2350 3160; x_wconf 74' lang='lat' dir='ltr'>occultav</span> <span class='ocrx_word' id='word_1_859' title='bbox 2365 3137 2452 3170; x_wconf 83' lang='lat' dir='ltr'>qua-</span> 
     </span>
     <span class='ocr_line' id='line_1_118' title="bbox 1349 3172 2453 3218; baseline -0.004 -11"><span class='ocrx_word' id='word_1_860' title='bbox 1349 3197 1375 3217; x_wconf 88' lang='lat'>„</span> <span class='ocrx_word' id='word_1_861' title='bbox 1399 3174 1478 3207; x_wconf 86' lang='lat' dir='ltr'>dam</span> <span class='ocrx_word' id='word_1_862' title='bbox 1504 3174 1539 3206; x_wconf 85' lang='lat' dir='ltr'>vi</span> <span class='ocrx_word' id='word_1_863' title='bbox 1564 3185 1599 3206; x_wconf 87' lang='lat' dir='ltr'>se</span> <span class='ocrx_word' id='word_1_864' title='bbox 1625 3172 1798 3213; x_wconf 82' lang='lat' dir='ltr'>detineri,</span> <span class='ocrx_word' id='word_1_865' title='bbox 1825 3185 1886 3205; x_wconf 89' lang='lat' dir='ltr'>nec</span> <span class='ocrx_word' id='word_1_866' title='bbox 1912 3174 2046 3218; x_wconf 85' lang='lat' dir='ltr'>longius</span> <span class='ocrx_word' id='word_1_867' title='bbox 2066 3186 2107 3207; x_wconf 86' lang='lat' dir='ltr'>ex</span> <span class='ocrx_word' id='word_1_868' title='bbox 2134 3172 2271 3207; x_wconf 84' lang='lat' dir='ltr'>indiciis</span> <span class='ocrx_word' id='word_1_869' title='bbox 2298 3173 2453 3208; x_wconf 81' lang='lat' dir='ltr'>locorum</span> 
     </span>
     <span class='ocr_line' id='line_1_119' title="bbox 1349 3218 2453 3265; baseline -0.003 -11"><span class='ocrx_word' id='word_1_870' title='bbox 1349 3222 1530 3263; x_wconf 60' lang='lat' dir='ltr'>„iontem</span> <span class='ocrx_word' id='word_1_871' title='bbox 1555 3220 1686 3263; x_wconf 50' lang='lat' dir='ltr'>Gaffgis</span> <span class='ocrx_word' id='word_1_872' title='bbox 1705 3241 1716 3259; x_wconf 92' lang='lat'><em>‚</em></span> <span class='ocrx_word' id='word_1_873' title='bbox 1758 3218 2027 3265; x_wconf 73' lang='lat' dir='ltr'>paradisumque</span> <span class='ocrx_word' id='word_1_874' title='bbox 2052 3219 2181 3255; x_wconf 77' lang='lat' dir='ltr'>distare</span> <span class='ocrx_word' id='word_1_875' title='bbox 2197 3241 2209 3261; x_wconf 91' lang='lat'>,</span> <span class='ocrx_word' id='word_1_876' title='bbox 2243 3231 2319 3263; x_wconf 80' lang='lat' dir='ltr'>quo</span> <span class='ocrx_word' id='word_1_877' title='bbox 2345 3227 2453 3261; x_wconf 70' lang='lat' dir='ltr'>pene-</span> 
     </span>
     <span class='ocr_line' id='line_1_120' title="bbox 1349 3265 1851 3310; baseline -0.004 -10"><span class='ocrx_word' id='word_1_878' title='bbox 1349 3288 1376 3310; x_wconf 83' lang='lat'>„</span> <span class='ocrx_word' id='word_1_879' title='bbox 1401 3275 1493 3300; x_wconf 80' lang='lat' dir='ltr'>trare</span> <span class='ocrx_word' id='word_1_880' title='bbox 1519 3265 1788 3310; x_wconf 82' lang='lat' dir='ltr'>prohiberentur</span> <span class='ocrx_word' id='word_1_881' title='bbox 1801 3270 1851 3298; x_wconf 78' lang='lat'>“-</span> 
     </span>
    </p>

    <p class='ocr_par' dir='ltr' id='par_1_11' title="bbox 1397 3305 2454 3360">
     <span class='ocr_line' id='line_1_121' title="bbox 1397 3305 2454 3360; baseline -0.006 -13"><span class='ocrx_word' id='word_1_882' title='bbox 1397 3314 1441 3355; x_wconf 82' lang='lat' dir='ltr'>(b)</span> <span class='ocrx_word' id='word_1_883' title='bbox 1468 3311 1624 3348; x_wconf 78' lang='lat' dir='ltr'>Plurima</span> <span class='ocrx_word' id='word_1_884' title='bbox 1649 3311 1842 3349; x_wconf 85' lang='lat' dir='ltr'>fluviorum</span> <span class='ocrx_word' id='word_1_885' title='bbox 1865 3313 2046 3359; x_wconf 77' lang='lat' dir='ltr'>exempla,</span> <span class='ocrx_word' id='word_1_886' title='bbox 2088 3313 2150 3360; x_wconf 83' lang='lat' dir='ltr'>qui</span> <span class='ocrx_word' id='word_1_887' title='bbox 2168 3311 2237 3346; x_wconf 83' lang='lat' dir='ltr'>-din</span> <span class='ocrx_word' id='word_1_888' title='bbox 2260 3308 2324 3346; x_wconf 72' lang='lat' dir='ltr'>suh</span> <span class='ocrx_word' id='word_1_889' title='bbox 2350 3305 2454 3342; x_wconf 75' lang='lat' dir='ltr'>terris</span> 
     </span>
    </p>
   </div>
   <div class='ocr_carea' id='block_1_7' title="bbox 1348 682 1374 701">
    <p class='ocr_par' dir='ltr' id='par_1_12' title="bbox 1348 682 1374 701">
     <span class='ocr_line' id='line_1_122' title="bbox 1348 682 1374 701; baseline 0.038 -1"><span class='ocrx_word' id='word_1_890' title='bbox 1348 682 1374 701; x_wconf 70' lang='lat'>2&gt;</span> 
     </span>
    </p>
   </div>
   <div class='ocr_carea' id='block_1_8' title="bbox 1350 1685 1375 1704">
    <p class='ocr_par' dir='ltr' id='par_1_13' title="bbox 1350 1685 1375 1704">
     <span class='ocr_line' id='line_1_123' title="bbox 1350 1685 1375 1704; baseline 0 0"><span class='ocrx_word' id='word_1_891' title='bbox 1350 1685 1375 1704; x_wconf 71' lang='lat' dir='ltr'>n</span> 
     </span>
    </p>
   </div>
   <div class='ocr_carea' id='block_1_9' title="bbox 1341 2271 1368 2501">
    <p class='ocr_par' dir='ltr' id='par_1_14' title="bbox 1341 2271 1368 2501">
     <span class='ocr_line' id='line_1_124' title="bbox 1341 2271 1368 2290; baseline 0 0"><span class='ocrx_word' id='word_1_892' title='bbox 1341 2271 1368 2290; x_wconf 68' lang='lat'>&gt;5</span> 
     </span>
     <span class='ocr_line' id='line_1_125' title="bbox 1341 2324 1366 2343; baseline 0 0"><span class='ocrx_word' id='word_1_893' title='bbox 1341 2324 1366 2343; x_wconf 67' lang='lat'>9:</span> 
     </span>
     <span class='ocr_line' id='line_1_126' title="bbox 1342 2376 1368 2395; baseline 0 0"><span class='ocrx_word' id='word_1_894' title='bbox 1342 2376 1368 2395; x_wconf 69' lang='lat'>7³</span> 
     </span>
     <span class='ocr_line' id='line_1_127' title="bbox 1342 2429 1368 2449; baseline -0.038 0"><span class='ocrx_word' id='word_1_895' title='bbox 1342 2429 1368 2449; x_wconf 62' lang='grc' dir='ltr'>θ’]</span> 
     </span>
     <span class='ocr_line' id='line_1_128' title="bbox 1343 2481 1368 2501; baseline 0 0"><span class='ocrx_word' id='word_1_896' title='bbox 1343 2481 1368 2501; x_wconf 68' lang='lat'>,⁸5</span> 
     </span>
    </p>
   </div>
  </div>
 </body>
</html>
