2583 3685
956 92 1037 138 DE
1069 92 1206 137 FIDE
1240 92 1288 135 S.
1321 89 1567 135 CYRILLI
1588 120 1599 134 .

124 189 204 218 scos
233 175 383 216 Ariauae
405 203 416 222 ,
445 171 480 210 8t
514 170 761 225 Apollinariae
779 203 790 223 ,
839 173 872 210 8(
901 187 1137 226 quatitquam
1167 171 1230 210 hic

122 228 376 275 timorjnanis
395 226 508 264 fuerit
523 255 534 274 ‚
565 225 598 261 &
619 241 738 265 vanus
755 257 766 275 ,
796 226 854 265 illi
884 226 1136 266 nihilominus
1155 225 1231 263 suis

154 280 358 334 rejudiciis
387 281 643 333 praeoccupati
673 281 713 318 id
743 294 829 319 vere
858 290 1025 319 metuere
1053 288 1232 332 protesta-

151 343 261 375 mtur
281 359 292 371 .
330 332 554 373 Doctrinam
584 342 710 372 tamen
738 333 778 373 S.
807 333 947 387 Cyrilli
977 335 1019 372 iu
1066 330 1233 385 epistolis

121 386 330 440 expositam
358 400 434 426 uon
463 386 739 439 repudiarunt,
767 401 814 425 ex
834 401 910 440 quo
928 388 1015 425 satis
1043 397 1232 438 superque

105 439 343 488 constabat,
381 439 431 479 ab
459 441 594 478 iisdem
637 453 713 479 non
751 440 861 492 rejici
903 438 1233 478 anathematismos

117 501 275 546 propter
303 492 550 533 orthodoxam
580 494 788 533 doctrinam
806 523 817 542 ,
846 494 910 531 sed
930 499 1082 544 propter
1110 489 1231 539 suspi-

115 545 268 587 cionem
299 560 494 596 errorum,
523 547 671 599 quosin
693 546 770 585 illis
799 546 928 584 videre
955 543 1028 582 sibi
1051 541 1231 598 videban-

100 601 204 637 ‘tutn
252 599 454 654 Synoduin
483 613 573 639 vero
602 599 834 652 Ephesinam
864 611 908 636 eo
935 605 1104 648 tempore
1133 608 1231 646 reje-

113 661 278 702 cerunt,
308 666 384 707 quo
397 655 566 694 nondum
583 650 807 692 universalis
835 649 1020 689 Ecclesiae
1050 662 1229 687 consensu

115 714 268 759 recepta
296 708 419 746 fuerat
435 722 447 755 ;
476 706 511 743 ἃ
530 719 604 745 11011
634 705 755 744 solum
783 711 857 742 tota
885 716 1018 742 eorum
1048 702 1162 740 tactio
1182 700 1229 738 il-

116 756 146 797 11
175 759 397 810 resistebat,
437 760 500 799 sed
529 758 641 798 multi
684 758 797 796 etiam
828 755 956 794 Aulici
977 785 988 802 ‚
1037 768 1112 794 una
1141 769 1229 793 cum

107 812 198 864 ipso
234 814 499 867 Imperatore.
540 808 729 851 Nonnulli
771 818 900 848 autem
941 807 1010 847 alii
1047 808 1229 861 Episcopi

115 870 315 918 suspensi,
353 866 387 904 ἃ
415 866 599 918 ancipites
627 861 822 900 haerebant
851 871 1005 915 propter
1032 877 1096 908 ea,
1140 875 1228 914 quas

114 918 164 957 de
182 919 326 974 cyrilli
353 919 557 966 violentia,
585 917 620 955 &
650 916 796 968 iniquis
826 919 970 955 artibus
999 931 1017 953 a
1040 915 1228 953 Nestoria-

114 972 172 1010 nis
201 972 345 1025 ubique
372 969 696 1022 divulgabantur.
734 969 910 1007 Ceterum
942 969 1092 1007 nebulis
1122 968 1230 1005 dissi-

112 1027 210 1077 patis
239 1023 408 1076 ejusdem
430 1023 573 1076 Synodi
602 1023 761 1061 decretis
787 1036 828 1061 se
859 1022 1053 1060 humiliter
1083 1021 1230 1060 submi-

113 1085 268 1126 serunt,
298 1076 511 1122 &docilem
541 1078 715 1116 animum
739 1106 749 1124 ,
779 1075 903 1130 qualis
922 1074 1138 1114 Catholicos
1165 1075 1229 1113 ‹le-

110 1138 198 1179 cet,
226 1131 497 1171 ostenderunt.

167 1196 260 1231 211.
290 1184 450 1232 Quaeres
478 1184 670 1231 secundo,
699 1181 795 1235 quid
823 1182 1059 1221 sentiendum
1090 1183 1137 1220 sit
1163 1195 1230 1234 pe-

109 1235 308 1275 culiariter
336 1238 383 1275 de
412 1236 613 1276 Theodoro
633 1235 925 1288 Mopsuesteno,
954 1237 1000 1273 de
1029 1235 1097 1274 lba
1111 1235 1227 1274 Edes-

112 1302 204 1327 seno
223 1320 234 1339 ,
257 1288 311 1326 ⁴&
340 1289 580 1329 Theodoreto
615 1290 776 1370 (1111011111
805 1289 1032 1342 Episcopis,
1075 1303 1141 1328 seu
1183 1288 1230 1329 de

113 1342 270 1382 §amosis
297 1343 418 1384 tribus
445 1342 657 1396 Capitulis.

166 1408 259 1435 212.
291 1395 403 1449 Resp.
433 1397 534 1435 Inter
561 1396 797 1435 Nestorianae
839 1396 1015 1434 factionis
1058 1394 1230 1435 homines

102 1454 184 1496 *tres
212 1461 329 1501 supra
357 1451 618 1489 recensuimus
657 1451 826 1486 maxime
868 1458 1037 1496 notatos,
1086 1450 1230 1488 scilicet

95 1499 362 1548 ‘Theodorum
377 1502 689 1554 Mopsuestenum
707 1503 789 1553 qui,
804 1503 1059 1542 communiter
1073 1517 1142 1554 pro
1158 1503 1232 1541 ‘Ne-

110 1554 219 1605 storii
238 1556 419 1607 magistro
437 1554 589 1594 habitus
619 1556 691 1593 sui:
709 1568 715 1591 :
748 1555 852 1593 Idam
870 1555 1102 1594 Edessenum
1123 1585 1133 1602 ‚
1163 1570 1229 1593 cu-

107 1605 172 1659 jus
200 1607 345 1647 famosa
373 1618 427 1647 est
457 1607 615 1662 epistola
645 1608 691 1646 ad
723 1607 851 1647 Mariu
879 1607 1030 1645 Persam
1051 1637 1062 1655 ,
1098 1607 1229 1646 Nesto-

93 1659 230 1699 'rianis
248 1660 500 1715 blasphemiis
529 1662 669 1701 insecta
690 1691 701 1710 ,
731 1661 764 1697 8(
786 1659 1066 1698 Theodoretum
1083 1661 1231 1713 Cyren-

108 1726 188 1751 aem
211 1743 221 1762 ,
279 1716 317 1754 ui
345 1716 440 1763 diu,
468 1714 636 1754 multum
669 1728 715 1753 ue
744 1714 958 1752 concordiae
989 1716 1082 1751 iuter
1102 1713 1230 1767 Cyril-

110 1764 193 1803 lum
211 1796 221 1815 ,
304 1768 491 1807 Joannern
522 1729 802 1806 Antioitlhenum
833 1769 938 1805 iuitae
969 1768 1127 1815 restitit,
1156 1781 1226 1805 nec

107 1819 181 1858 nisi
210 1819 354 1858 obtorto
382 1819 481 1859 collo
509 1834 549 1859 111
577 1820 740 1858 Nestorii
769 1820 1049 1859 damnationem
1073 1850 1084 1868 ,
1114 1820 1145 1856 8<
1162 1822 1226 1858 de-

107 1873 332 1925 positionem
361 1875 568 1913 consensit:
612 1875 731 1911 inuno
758 1872 897 1925 Cyrilli
934 1873 1015 1924 jam
1057 1874 1224 1911 defuncti

108 1925 182 1975 piis
212 1927 391 1966 manibus
420 1941 490 1965 non
525 1927 636 1965 desiit
678 1926 866 1963 oblatrare
886 1955 897 1974 ,
940 1936 979 1965 ut
1008 1935 1149 1964 constat
1179 1939 1224 1963 ex

95 1978 328 2030 'fragmento
352 1980 545 2020 Sermonis
574 1979 672 2032 quod
706 1979 776 2016 fuit
805 1980 846 2016 iu
875 1979 1030 2031 Synodo
1051 1978 1099 2016 V.
1130 1981 1223 2018 reci·

104 2039 223 2071 tntum
248 2032 390 2072 Collat.
419 2033 470 2071 V.
489 2063 499 2080 ,
537 2032 570 2070 &
601 2032 738 2084 legitur
767 2032 864 2070 inter
894 2039 1070 2085 excerpta
1099 2031 1224 2070 'Theo-

90 2082 224 2122 ‘doreti
254 2100 276 2123 a
303 2084 434 2124 Mario
462 2086 678 2124 Mercatore
706 2084 824 2123 latine
853 2085 1029 2131 reddita3
1058 2084 1093 2121 &
1121 2085 1224 2122 mul-

99 2143 140 2174 to
166 2139 288 2190 magis
317 2152 361 2177 ex
391 2138 662 2192 ejtts'epistola
693 2139 758 2188 (si
789 2147 916 2176 tamen
947 2140 1113 2189 genuina
1135 2137 1222 2185 est)

100 2189 147 2234 ad
168 2189 366 2231 Domuum
382 2193 538 2230 Joanuis
560 2191 786 2230 Antiocheni
817 2202 1089 2227 successorem.
1122 2189 1222 2226 Hinc

103 2245 424 2295 quanvispossit
455 2243 883 2282 fortasse¹st1eodoretus
912 2241 960 2277 ab
990 2240 1220 2279 11101031Νο-

100 2295 265 2332 storiana
303 2297 501 2343 excusari,
544 2296 643 2348 quod
675 2293 784 2331 multi
825 2301 1003 2340 censent,
1047 2296 1219 2332 excusari

99 2354 226 2383 tamen
257 2359 332 2386 nou
363 2357 505 2400 poterat
527 2363 545 2384 a
564 2349 789 2393 dicacitate,
821 2346 852 2381 81
877 2346 1084 2397 petulantia
1103 2377 1113 2395 ,
1142 2363 1219 2400 qua

99 2397 140 2435 S.
161 2399 378 2451 Cyl-illum,
408 2410 653 2452 sanctamque
674 2399 875 2452 Synodutn
906 2399 1137 2452 Ephesinaru
1161 2404 1217 2440 iu-

98 2460 260 2490 sectatus
287 2462 367 2491 031.
606 2459 608 2462 ’

155 2505 247 2544 215.
276 2506 318 2544 tu
345 2506 520 2546 Concilio
548 2506 846 2545 Chalcedonensi
886 2504 1076 2544 celebrato
1117 2521 1217 2545 anuo

98 2556 193 2602 451.
222 2565 457 2613 quamquam
488 2561 561 2598 suit
590 2561 760 2598 doctrina
788 2559 829 2597 S.
859 2559 997 2611 Cyrilli
1024 2589 1034 2608 ,
1077 2559 1110 2596 ἃ
1141 2560 1213 2612 Sy-

98 2609 222 2650 nodus
249 2611 443 2666 Ephesina
479 2613 688 2667 approbata
710 2643 721 2663 ,
765 2612 1034 2665 Nestoriusque
1076 2616 1213 2652 iterum

148 2795 198 2831 (α)
221 2793 349 2838 01111110
372 2796 566 2830 multorum
594 2795 659 2829 suit
678 2818 690 2837 ,
717 2794 978 2830 Theodoreturn
993 2817 1004 2836 ‚
1029 2795 1213 2831 subdolum

105 2833 307 2881 hOminem,
332 2850 446 2886 *atque
474 2844 698 2886 lrnperatoris
724 2843 835 2888 gratia
872 2841 1056 2876 adtnodurn
1094 2853 1215 2887 poten-

102 2888 195 2930 tem,
218 2882 285 2917 hae
309 2895 380 2919 arte
407 2888 513 2922 fuisse
536 2900 638 2921 usum
654 2910 664 2929 ,
701 2900 739 2922 111
766 2887 1059 2922 Chalcedonensis
1085 2889 1215 2934 synodi

106 2929 349 2979 auctoritatem
374 2933 628 2968 labefactaret.
668 2937 782 2980 Atque
809 2934 884 2969 haec
926 2948 1028 2968 causa
1055 2945 1128 2969 erat
1156 2949 1216 2981 po-

104 2979 267 3024 ²¹.⁵⁵¹3¹¹³’
303 2987 365 3028 0111·
399 2978 553 3025 plerique
592 2982 700 3015 trium
725 2983 970 3026 Capitulorutn
1009 2981 1219 3015 condemna-

106 3023 193 3050 tioni
221 3021 446 3064 pertinaciter
469 3027 691 3060 resisterent.
719 3030 813 3062 inter·
828 3028 888 3062 hos
909 3038 1024 3061 autem
1039 3029 1214 3061 eminebat

105 3061 289 3119 Facundps
306 3067 572 3120 lslermiaueusis.
588 3073 622 3104 in
650 3074 766 3108 Africa
784 3075 973 3119 Episcopus
989 3096 998 3113 ‚
1025 3076 1082 3118 qui
1111 3073 1213 3107 editis

86 3116 88 3118 '
110 3109 190 3163 Xll-
220 3111 360 3153 Libris,
395 3116 490 3148 otnni
516 3117 707 3152 eruditione
732 3122 894 3160 refertis,
944 3133 991 3153 »ro
1017 3120 1211 3152 tlrl'vnsifflle

109 3163 217 3189 trium
237 3158 479 3203 Capitulorum
504 3171 644 3195 strenue
657 3167 845 3208 pugnavit.
875 3132 938 3200 Sed
953 3168 1040 3199 vitio
1059 3168 1106 3199 illi
1128 3166 1213 3198 dan-

106 3200 214 3256 dum,
251 3203 343 3248 quod
369 3206 474 3239 (tiam
510 3215 691 3252 postquam
717 3224 754 3243 ea
792 3214 979 3258 Capitol-1,
1018 3222 1087 3245 tam
1127 3213 1211 3244 l‘on-

107 3248 235 3289 uficns,
259 3263 363 3295 quam
392 3253 538 3285 Concilii
558 3253 601 3285 V.
629 3257 834 3290 auctoritate
858 3258 1021 3291 damnata
1049 3261 1184 3291 sun-nun
1200 3279 1210 3298 ,

105 3296 335 3338 pertinaciter
360 3298 394 3330 in
422 3310 482 3331 sua
507 3300 678 3333 sententia
703 3305 958 3346 pertrianserit,
996 3308 1028 3338 ἀ
1052 3304 1210 3338 Schisma

2277 91 2354 131 125

1298 170 1535 209 anathemate
1564 183 1761 222 percussus
1781 198 1792 218 ,
1835 167 1941 206 nulla
1976 175 2100 207 tamen
2143 167 2282 205 mentio
2310 167 2409 205 facta

1300 224 1420 261 suerat
1450 223 1640 261 Theodori
1672 222 1926 272 Mopsuesteni
1945 252 1955 269 ,
1996 230 2121 273 utpote
2149 222 2215 273 qui
2248 222 2287 259 in
2345 234 2412 259 ace

1301 275 1484 314 Ecclesiae
1515 275 1595 326 jam
1624 275 1790 311 obierat:
1835 275 2089 312 Theodoretus
2118 284 2243 313 autem
2267 304 2278 321 ,
2376 274 2412 311 1·

1300 327 1368 365 bas
1411 337 1608 379 postquam
1638 329 1678 364 in
1710 327 1923 367 Nestorium
1960 329 2138 366 dixissent
2179 327 2410 375 anathema,

1301 379 1377 418 sedi
1411 380 1442 419 F.
1473 380 1629 432 iscopali
1660 382 1815 418 restituti
1847 382 2022 420 suerunt.
2066 381 2168 419 Hinc
2198 380 2410 433 Eutychia-

1302 435 1339 471 ni
1369 433 1449 470 Cha
1469 433 1687 471 cedonensis
1701 433 1871 486 Synodi‚
1900 449 2011 487 aqna
2041 434 2207 472 damnati
2239 435 2409 482 fuerant,

1303 484 1421 524 hostes
1451 485 1715 540 implacabiles
1734 518 1742 534 ‚
1775 486 1870 524 hanc
1887 489 1995 525 etiam
2027 500 2206 536 causam,
2237 487 2410 525 eamdem

1300 539 1500 591 Synodion
1531 554 1606 578 non
1636 540 1847 592 recipiendi
1879 544 2158 593 praetexebant,
2195 541 2295 594 quod
2327 539 2410 577 haec

1300 595 1370 630 tria
1398 593 1598 646 Capitula‚
1628 593 1873 631 Theodorum
1903 595 2070 642 scilicet,
2100 594 2380 633 Theodoretum
2398 623 2411 641 ,

1298 646 1332 681 &
1360 645 1469 684 lbani
1499 661 1574 686 non
1605 647 1916 695 condemnasset,
1949 648 2046 685 unde
2076 647 2410 740 totaernodum

1299 699 1584 738 nestorianismi
1616 701 1829 752 suspicione
1859 701 2048 740 infamare
2077 702 2217 740 conaba
2252 712 2312 739 tur
2332 728 2345 740 .

1355 753 1446 799 214.
1478 755 1579 792 Α11111
1639 768 1708 792 ene
1749 764 1902 792 centum
1949 753 2023 792 'am
2071 755 2295 794 effluxerant
2326 763 2408 808 post

1298 804 1496 859 Synoduin
1527 769 1895 856 (jtml'cedoneruem,
1932 768 1966 843 g<
1996 807 2257 860 Eutychiani,
2287 808 2410 847 inaxi-

1299 873 1363 898 me
1392 870 1517 898 autem
1548 862 1615 912 qui
1647 860 1832 912 Acephali
1879 862 2130 908 dicebantur,
2166 863 2294 900 turbas
2323 861 2411 900 ubi-

1298 927 1374 966 que
1400 914 1501 951 ciere
1531 926 1602 952 non
1633 915 1857 961 cessabant,
1904 928 1992 953 cum
2023 916 2256 954 Justiuianus
2282 915 2410 966 liupe-

1298 975 1400 1005 rator
1429 968 1531 1019 pacis
1561 968 1798 1005 restituendae
1828 968 2015 1020 cupidus,
2047 968 2214 1007 hortante
2234 968 2409 1006 Theodo-

1298 1032 1339 1057 ro
1366 1021 1619 1067 Caesariensi,
1655 1020 1702 1059 de
1730 1020 2043 1060 condemnatione
2072 1023 2187 1059 trium
2217 1021 2410 1074 (1311111110-

1299 1086 1384 1111 rum
1417 1075 1579 1125 cogitare
1608 1075 1747 1125 coepit,
1789 1089 1940 1126 sperans
1962 1105 1972 1123 ‚
2017 1088 2121 1127 posse
2151 1074 2220 1113 hac
2249 1076 2410 1113 ‹lamna-

1299 1129 1397 1164 tione
1430 1126 1640 1179 Acephalos
1669 1128 1715 1164 ad
1746 1142 1903 1179 pacem,
1944 1142 1988 1166 ac
2017 1129 2260 1166 concordiam
2290 1128 2411 1166 addu-

1298 1182 1363 1218 ci.
1391 1181 1575 1219 Obstabat
1605 1189 1729 1218 tamen
1753 1210 1763 1227 ,
1794 1181 1852 1219 vel
1883 1183 2006 1233 potius
2033 1181 2180 1219 obstare
2210 1181 2410 1220 videbatur

1299 1236 1500 1272 auctoritas
1520 1233 1681 1272 (loncitii
1697 1233 2016 1272 Chalcedonensis
2032 1263 2042 1280 ‚
2073 1235 2110 1270 11.
2127 1247 2203 1286 quo
2218 1265 2229 1283 ‚
2260 1245 2298 1272 ut
2321 1247 2411 1272 mox

1296 1289 1442 1327 dictum
1472 1297 1549 1337 est,
1600 1286 1682 1325 liaec
1725 1286 1894 1341 capitula
1935 1287 2185 1327 condemnata
2227 1301 2299 1327 non
2329 1289 2412 1326 fue·

1296 1351 1381 1381 rant
1412 1342 1475 1391 (cz)
1499 1368 1509 1380 .

1352 1396 1444 1434 215.
1473 1394 1655 1434 Obstabat
1675 1408 1853 1449 quoque,
1883 1393 1983 1447 quod
2000 1394 2058 1433 illi
2086 1396 2279 1434 triumviri
2310 1409 2412 1434 'nor-

1298 1449 1352 1486 tui
1373 1447 1453 1499 jam
1469 1458 1585 1487 essent
1601 1477 1611 1494 ‚
1634 1448 1666 1484 8t
1682 1451 1838 1500 quidem
1856 1451 1892 1486 in
1915 1462 2007 1499 pace
2023 1448 2204 1487 Ecclesioe
2223 1476 2232 1487 .
2251 1479 2275 1496 „
2306 1449 2412 1500 guod.

1300 1532 1326 1551 ,‚
1356 1503 1384 1539 si
1427 1502 1554 1539 adhuc
1596 1503 1764 1540 sivi-rent
1803 1507 1818 1553 (
1849 1501 2046 1552 inquiebat
2076 1500 2278 1540 Pontianus
2316 1491 2411 1552 issris-

1299 1583 1326 1603 ‚‚
1356 1568 1489 1606 scopus
1521 1556 1721 1594 Africanus
1752 1557 1788 1593 in
1818 1557 1926 1608 epist.
1956 1556 2002 1593 ad
2023 1555 2244 1601 imperator.
2267 1555 2330 1602 )&
2352 1569 2412 1593 er·

1355 1620 1479 1645 rorem
1509 1621 1618 1646 31111111
1635 1621 1708 1645 11011
1729 1609 1968 1646 emendarent
1990 1639 2000 1655 ‚
2030 1607 2233 1658 justissime
2252 1609 2411 1646 damna·

1300 1689 1326 1709 „
1356 1671 1512 1698 rentur.
1551 1660 1661 1698 Nunc
1689 1671 1815 1698 autem
1844 1661 1986 1712 quibus
2014 1661 2238 1700 recitabitur
2264 1672 2411 1700 senteu-

1299 1743 1327 1763 „
1355 1715 1407 1752 tia
1436 1715 1758 1753 condemnationis
1785 1711 1955 1751 nostrae?
1996 1713 2110 1758 Quod
2139 1717 2177 1750 111
2206 1715 2259 1751 013
2288 1727 2412 1751 recor-

1300 1796 1327 1815 „
1358 1769 1501 1818 rigatur
1530 1779 1605 1804 non
1635 1775 1687 1804 est
1707 1791 1779 1803 .....
1800 1765 1848 1804 Et
1875 1765 1967 1818 quid
1999 1763 2107 1803 nobis
2135 1779 2224 1804 cum
2251 1769 2413 1806 mortuis

1294 1848 1322 1867 „
1352 1820 1450 1857 inire
1478 1818 1626 1856 bellum
1648 1848 1658 1867 ,
1707 1818 1774 1855 ubi
1805 1817 1912 1857 nulla
1943 1819 2135 1856 invenitur
2164 1821 2202 1857 111
2237 1833 2411 1872 congres-

1294 1900 1320 1920 „
1349 1873 1451 1909 sione
1481 1869 1673 1910 victoria?
1720 1871 1835 1924 Apud
1865 1871 2037 1909 Judicem
2081 1886 2214 1910 verum
2247 1873 2324 1923 jam
2356 1885 2409 1912 te—

1293 1953 1318 1972 „
1347 1935 1512 1972 nentur,
1547 1940 1570 1963 a
1598 1938 1676 1977 quo
1705 1924 1832 1962 nullus
1861 1924 2057 1977 appellat.
2086 1954 2111 1972 ,‚
2142 1925 2189 1963 Et
2218 1926 2341 1964 multa
2368 1942 2408 1965 a-

1292 1976 1345 2016 lia
1374 1978 1566 2026 addebat,
1608 1978 1788 2026 suadens,
1829 1992 1878 2017 ne
1905 1992 2019 2016 causa
2047 1978 2127 2029 jain
2169 1989 2407 2019 mortuorum

1290 2039 1559 2070 retractaretur
1573 2057 1586 2069 ο

1347 2084 1438 2122 216.
1468 2085 1541 2123 Sed
1570 2084 1700 2121 omnia
1729 2083 1894 2122 frustra.
1938 2084 2148 2136 Imperator
2176 2085 2407 2127 Justiniauus

1292 2139 1473 2187 propositi
1504 2138 1560 2174 sui
1591 2145 1698 2174 tenax
1741 2136 2021 2175 damnationem
2063 2139 2178 2176 trium
2209 2140 2260 2177 Ca
2295 2141 2403 2179 itulo-

1291 2201 1377 2225 rum
1407 2191 1509 2226 0111111
1541 2189 1578 2226 vi
1608 2189 1791 2240 urgebat,
1839 2204 2002 2242 eamque
2041 2191 2197 2230 deinum
2238 2207 2262 2230 ο
2293 2195 2404 2233 tinniit

1290 2255 1311 2277 a
1340 2239 1520 2280 Pontifice
1549 2256 1698 2281 summo
1726 2242 1872 2294 vigilio
1901 2245 1939 2281 in
1969 2244 2101 2282 litteris
2129 2248 2286 2297 privatis
2316 2261 2403 2298 pro-

1288 2295 1374 2346 pria
1403 2309 1518 2332 manu
1550 2298 1710 2335 exaratis
1728 2326 1737 2343 ‚
1772 2299 1914 2348 quibus
1942 2310 2016 2335 non
2044 2308 2264 2346 contentus,
2306 2300 2402 2339 l’on-

1287 2346 1430 2386 tificem
1460 2348 1664 2386 sollicitare
1691 2363 1766 2388 nou
1795 2351 1961 2398 destitit,
1991 2364 2189 2405 quousque
2218 2355 2246 2390 is
2276 2355 2315 2391 iu
2335 2354 2400 2391 Ju-

1287 2401 1421 2439 dt'ctzto
1462 2403 1507 2439 ad
1539 2401 1722 2440 Mcnnam
1766 2402 2023 2441 Patriarcham
2062 2406 2399 2458 Constantinopoli-

1283 2462 1416 2492 tanum
1448 2468 1546 2493 anno
1578 2456 1668 2500 548.
1699 2455 1824 2508 palam
1854 2460 1927 2495 tria
1967 2459 2135 2509 capitula
2171 2460 2398 2498 condemna-

1283 2516 1368 2554 ret,
1399 2508 1525 2546 addita
1555 2518 1680 2546 tamen
1709 2509 1881 2547 clausula
1899 2540 1910 2557 ,
1939 2511 2051 2547 sals-a
2075 2516 2113 2547 in
2143 2512 2323 2549 omnibus
2339 2527 2398 2550 re-

1285 2565 1458 2598 ferentia
1476 2559 1628 2611 Sjnodz'
1658 2560 1989 2598 Chalcedonensis
2006 2563 2062 2612 (b)
2080 2589 2089 2600 .
2120 2564 2253 2615 Neque
2281 2567 2396 2604 etiam

1280 2613 1319 2651 id
1350 2613 1437 2652 fecit
1467 2612 1659 2665 Vigilius,
1697 2614 1769 2651 nisi
1799 2623 2000 2666 postquam
2030 2628 2158 2655 ornnes
2186 2618 2396 2658 Orientales

2290 2671 2342 2711 F,-

1299 1637 1325 1656 2²

1283 2796 1399 2843 potins
1422 2796 1532 2830 facero
1560 2796 1721 2830 maluerit
1740 2821 1750 2839 ‚
1778 2799 1806 2829 ἃ·
1828 2798 1878 2830 sni
1899 2796 2088 2831 sacerdotii
2112 2798 2312 2842 jacturam,
2339 2808 2392 2833 at-

1285 2856 1350 2889 que
1365 2845 1460 2876 mitit
1477 2856 1615 2887 poenarn
1640 2845 1798 2888 perpeti,
1824 2856 1927 2888 quarn
1944 2845 2104 2888 C-rpitula
2123 2846 2180 2878 illa
2199 2844 2363 2879 (humare
2380 2870 2389 2879 .

1333 2888 1378 2926 (ὅ)
1410 2891 1480 2923 lloc
1509 2889 1625 2934 vigilii
1652 2889 1846 2923 Jmlicatnm
1885 2889 1983 2923 valde
2018 2889 2197 2936 displicuit
2221 2891 2393 2926 Occiden-

1287 2935 1416 2969 talibus
1433 2958 1443 2975 ,
1469 2947 1640 2980 praecipue
1667 2945 1782 2969 autern
1810 2936 2006 2977 AfricauiS,
2032 2937 2091 2982 qui
2118 2949 2208 2971 anno
2234 2938 2311 2972 550.
2340 2943 2390 2971 la-

1286 2991 1340 3014 cta
1374 2983 1627 3025 conspiratione
1655 2993 1688 3014 se
1715 2995 1732 3015 a
1761 2983 1907 3015 Romani
1936 2982 2109 3017 l'ontiticis
2147 2986 2391 3020 communione

1287 3037 1510 3072 seperarnnt.
1540 3027 1758 3061 llludautern
1775 3029 1926 3069 acriori,
1952 3032 1983 3062 δε
2009 3030 2178 3074 pstttlahti
2207 3033 2300 3077 stylo
2325 3033 2391 3064 Fa-

1282 3073 1415 3106 cundus
1442 3075 1473 3105 in
1502 3073 1604 3106 labro
1639 3083 1757 3108 contra
1782 3075 2002 3117 libertinum,
2041 3077 2207 3121 Vigiliurn
2233 3084 2388 3121 prat-ari·

1281 3123 1431 3152 cationis
1447 3131 1634 3152 accusans.
1655 3121 1805 3164 vigilius
1819 3130 1935 3154 autem
1959 3121 2050 3156 datis
2077 3123 2118 3156 ad
2143 3125 2309 3168 quosdam
2329 3137 2389 3157 no-

1279 3165 1421 3198 biliores
1447 3166 1634 3209 Episcopus
1670 3167 1796 3200 litteris
1816 3189 1828 3207 ‚
1871 3178 1987 3212 aperte
2013 3169 2196 3211 ostendit,
2239 3184 2272 3204 se
2300 3170 2387 3204 nihil

1280 3219 1399 3244 ‹outra
1425 3210 1714 3245 Chalcedonensis
1740 3215 1887 3247 Concilii
1921 3216 2190 3256 anctoritatem,
2232 3221 2261 3249 &
2290 3227 2383 3248 reve-

1278 3258 1425 3289 rentiam
1438 3256 1617 3291 admisisse
1632 3281 1641 3298 ‚
1655 3258 1686 3290 d¹
1700 3267 1834 3294 ctat-ans
1847 3284 1858 3303 ‚
1875 3272 1910 3293 se
1926 3267 2111 3296 oeconomia
2129 3262 2278 3307 quadam
2292 3282 2302 3299 ‚
2326 3262 2383 3291 ‹Ii-

1279 3311 1492 3346 spututtone,
1529 3316 1570 3338 oc
1597 3308 1907 3342 condescendentem
1932 3321 2062 3350 usum,
2099 3310 2143 3343 ad
2176 3307 2383 3352 rgfranunda
