<?xml version="1.0" encoding="UTF-8"?>
<!DOCTYPE html PUBLIC "-//W3C//DTD XHTML 1.0 Transitional//EN"
    "http://www.w3.org/TR/xhtml1/DTD/xhtml1-transitional.dtd">
<html xmlns="http://www.w3.org/1999/xhtml" xml:lang="en" lang="en">
 <head>
  <title>
</title>
<meta http-equiv="Content-Type" content="text/html;charset=utf-8" />
  <meta name='ocr-system' content='tesseract 3.04.00' />
  <meta name='ocr-capabilities' content='ocr_page ocr_carea ocr_par ocr_line ocrx_word'/>
</head>
<body>
  <div class='ocr_page' id='page_1' title='image "./fratrispetrimari04gazzuoft_0490.png"; bbox 0 0 2583 3685; ppageno 0'>
   <div class='ocr_carea' id='block_1_1' title="bbox 155 117 1311 3387">
    <p class='ocr_par' dir='ltr' id='par_1_1' title="bbox 159 117 1284 504">
     <span class='ocr_line' id='line_1_1' title="bbox 225 117 308 168; baseline 0.012 -9"><span class='ocrx_word' id='word_1_1' title='bbox 225 117 308 168; x_wconf 63' lang='lat'>{34</span> 
     </span>
     <span class='ocr_line' id='line_1_2' title="bbox 165 184 1284 234; baseline -0.015 1"><span class='ocrx_word' id='word_1_2' title='bbox 165 204 284 234; x_wconf 85' lang='lat' dir='ltr'>essent</span> <span class='ocrx_word' id='word_1_3' title='bbox 312 197 350 230; x_wconf 85' lang='lat' dir='ltr'>in</span> <span class='ocrx_word' id='word_1_4' title='bbox 381 197 475 226; x_wconf 86' lang='lat' dir='ltr'>statu</span> <span class='ocrx_word' id='word_1_5' title='bbox 506 187 579 223; x_wconf 73' lang='lat' dir='ltr'>viae</span> <span class='ocrx_word' id='word_1_6' title='bbox 599 214 609 232; x_wconf 86' lang='lat'>,</span> <span class='ocrx_word' id='word_1_7' title='bbox 653 184 720 221; x_wconf 77' lang='lat' dir='ltr'>illa</span> <span class='ocrx_word' id='word_1_8' title='bbox 750 196 879 221; x_wconf 88' lang='lat' dir='ltr'>eornm</span> <span class='ocrx_word' id='word_1_9' title='bbox 911 184 1127 221; x_wconf 80' lang='lat' dir='ltr'>obedientia</span> <span class='ocrx_word' id='word_1_10' title='bbox 1157 184 1284 233; x_wconf 85' lang='lat' dir='ltr'>impu-</span> 
     </span>
     <span class='ocr_line' id='line_1_3' title="bbox 164 234 1280 288; baseline -0.012 -3"><span class='ocrx_word' id='word_1_11' title='bbox 164 256 308 285; x_wconf 81' lang='lat' dir='ltr'>taretur</span> <span class='ocrx_word' id='word_1_12' title='bbox 338 243 382 278; x_wconf 78' lang='lat' dir='ltr'>ad</span> <span class='ocrx_word' id='word_1_13' title='bbox 415 242 621 282; x_wconf 82' lang='lat' dir='ltr'>nteritum3</span> <span class='ocrx_word' id='word_1_14' title='bbox 671 250 740 274; x_wconf 84' lang='lat' dir='ltr'>nec</span> <span class='ocrx_word' id='word_1_15' title='bbox 772 245 896 274; x_wconf 80' lang='lat' dir='ltr'>tamen</span> <span class='ocrx_word' id='word_1_16' title='bbox 924 245 1078 288; x_wconf 75' lang='lat' dir='ltr'>possunt</span> <span class='ocrx_word' id='word_1_17' title='bbox 1109 235 1191 272; x_wconf 86' lang='lat' dir='ltr'>Deo</span> <span class='ocrx_word' id='word_1_18' title='bbox 1220 234 1280 285; x_wconf 74' lang='lat' dir='ltr'>jn-</span> 
     </span>
     <span class='ocr_line' id='line_1_4' title="bbox 160 289 1281 344; baseline -0.008 -11"><span class='ocrx_word' id='word_1_19' title='bbox 160 298 264 337; x_wconf 79' lang='lat' dir='ltr'>beuti</span> <span class='ocrx_word' id='word_1_20' title='bbox 295 308 366 331; x_wconf 89' lang='lat' dir='ltr'>non</span> <span class='ocrx_word' id='word_1_21' title='bbox 383 294 648 344; x_wconf 84' lang='lat' dir='ltr'>obtemperare</span> <span class='ocrx_word' id='word_1_22' title='bbox 667 320 676 337; x_wconf 86' lang='lat'>,</span> <span class='ocrx_word' id='word_1_23' title='bbox 706 289 876 342; x_wconf 75' lang='lat' dir='ltr'>adeoque</span> <span class='ocrx_word' id='word_1_24' title='bbox 897 304 964 328; x_wconf 89' lang='lat' dir='ltr'>nec</span> <span class='ocrx_word' id='word_1_25' title='bbox 983 291 1018 327; x_wconf 90' lang='lat' dir='ltr'>in</span> <span class='ocrx_word' id='word_1_26' title='bbox 1040 301 1158 326; x_wconf 77' lang='lat' dir='ltr'>sensu</span> <span class='ocrx_word' id='word_1_27' title='bbox 1172 301 1281 325; x_wconf 78' lang='lat' dir='ltr'>com-</span> 
     </span>
     <span class='ocr_line' id='line_1_5' title="bbox 160 344 1280 401; baseline -0.005 -15"><span class='ocrx_word' id='word_1_28' title='bbox 160 352 285 401; x_wconf 79' lang='lat' dir='ltr'>posito</span> <span class='ocrx_word' id='word_1_29' title='bbox 308 346 392 384; x_wconf 81' lang='lat' dir='ltr'>illas</span> <span class='ocrx_word' id='word_1_30' title='bbox 413 347 574 383; x_wconf 80' lang='lat' dir='ltr'>actiones</span> <span class='ocrx_word' id='word_1_31' title='bbox 590 374 603 392; x_wconf 88' lang='lat'>,</span> <span class='ocrx_word' id='word_1_32' title='bbox 630 357 720 395; x_wconf 81' lang='lat' dir='ltr'>quae</span> <span class='ocrx_word' id='word_1_33' title='bbox 743 344 832 395; x_wconf 82' lang='lat' dir='ltr'>ipsis</span> <span class='ocrx_word' id='word_1_34' title='bbox 855 345 1043 396; x_wconf 55' lang='lat' dir='ltr'>impositae</span> <span class='ocrx_word' id='word_1_35' title='bbox 1064 350 1175 389; x_wconf 84' lang='lat' dir='ltr'>sunt,</span> <span class='ocrx_word' id='word_1_36' title='bbox 1205 354 1280 380; x_wconf 88' lang='lat' dir='ltr'>non</span> 
     </span>
     <span class='ocr_line' id='line_1_6' title="bbox 159 394 1279 448; baseline -0.005 -9"><span class='ocrx_word' id='word_1_37' title='bbox 159 413 358 448; x_wconf 83' lang='lat' dir='ltr'>exercere,</span> <span class='ocrx_word' id='word_1_38' title='bbox 389 399 449 436; x_wconf 71' lang='lat' dir='ltr'>sed</span> <span class='ocrx_word' id='word_1_39' title='bbox 475 397 604 436; x_wconf 76' lang='lat' dir='ltr'>solum</span> <span class='ocrx_word' id='word_1_40' title='bbox 636 397 674 435; x_wconf 89' lang='lat' dir='ltr'>in</span> <span class='ocrx_word' id='word_1_41' title='bbox 701 410 812 435; x_wconf 45' lang='lat' dir='ltr'>‘sensu</span> <span class='ocrx_word' id='word_1_42' title='bbox 841 398 990 445; x_wconf 83' lang='lat' dir='ltr'>diviso,</span> <span class='ocrx_word' id='word_1_43' title='bbox 1018 396 1054 432; x_wconf 70' lang='grc' dir='ltr'>ἃ</span> <span class='ocrx_word' id='word_1_44' title='bbox 1084 394 1279 443; x_wconf 80' lang='lat' dir='ltr'>absolute,</span> 
     </span>
     <span class='ocr_line' id='line_1_7' title="bbox 160 450 801 504; baseline -0.006 -12"><span class='ocrx_word' id='word_1_45' title='bbox 160 463 199 493; x_wconf 87' lang='lat' dir='ltr'>ut</span> <span class='ocrx_word' id='word_1_46' title='bbox 228 467 343 504; x_wconf 81' lang='lat' dir='ltr'>supra</span> <span class='ocrx_word' id='word_1_47' title='bbox 372 453 540 490; x_wconf 76' lang='lat' dir='ltr'>diximus</span> <span class='ocrx_word' id='word_1_48' title='bbox 571 465 676 488; x_wconf 88' lang='lat' dir='ltr'>num.</span> <span class='ocrx_word' id='word_1_49' title='bbox 710 450 801 489; x_wconf 83' lang='grc'><strong>250.</strong></span> 
     </span>
    </p>

    <p class='ocr_par' dir='ltr' id='par_1_2' title="bbox 155 502 1280 878">
     <span class='ocr_line' id='line_1_8' title="bbox 216 502 1279 557; baseline -0.007 -11"><span class='ocrx_word' id='word_1_50' title='bbox 216 507 306 546; x_wconf 78' lang='grc'><strong>256.</strong></span> <span class='ocrx_word' id='word_1_51' title='bbox 337 507 428 544; x_wconf 86' lang='lat' dir='ltr'>lust.</span> <span class='ocrx_word' id='word_1_52' title='bbox 463 506 618 557; x_wconf 76' lang='lat' dir='ltr'>prime.</span> <span class='ocrx_word' id='word_1_53' title='bbox 667 502 726 541; x_wconf 79' lang='lat' dir='ltr'>Ex</span> <span class='ocrx_word' id='word_1_54' title='bbox 757 503 828 543; x_wconf 81' lang='lat' dir='ltr'>hac</span> <span class='ocrx_word' id='word_1_55' title='bbox 865 503 1034 542; x_wconf 83' lang='lat' dir='ltr'>doctriua</span> <span class='ocrx_word' id='word_1_56' title='bbox 1075 503 1247 555; x_wconf 84' lang='lat' dir='ltr'>sequitur</span> <span class='ocrx_word' id='word_1_57' title='bbox 1269 531 1279 550; x_wconf 90' lang='lat'>,</span> 
     </span>
     <span class='ocr_line' id='line_1_9' title="bbox 155 557 1276 599; baseline -0.006 0"><span class='ocrx_word' id='word_1_58' title='bbox 155 560 351 599; x_wconf 79' lang='lat' dir='ltr'>Christum</span> <span class='ocrx_word' id='word_1_59' title='bbox 380 573 457 597; x_wconf 82' lang='lat' dir='ltr'>non</span> <span class='ocrx_word' id='word_1_60' title='bbox 490 559 603 595; x_wconf 80' lang='lat' dir='ltr'>fuisse</span> <span class='ocrx_word' id='word_1_61' title='bbox 633 557 799 595; x_wconf 87' lang='lat' dir='ltr'>liberum</span> <span class='ocrx_word' id='word_1_62' title='bbox 830 559 877 595; x_wconf 83' lang='lat' dir='ltr'>ad</span> <span class='ocrx_word' id='word_1_63' title='bbox 905 557 1144 594; x_wconf 70' lang='lat' dir='ltr'><strong>subeundam</strong></span> <span class='ocrx_word' id='word_1_64' title='bbox 1175 569 1276 593; x_wconf 86' lang='lat' dir='ltr'>mor-</span> 
     </span>
     <span class='ocr_line' id='line_1_10' title="bbox 157 611 1276 663; baseline -0.008 -11"><span class='ocrx_word' id='word_1_65' title='bbox 157 623 233 652; x_wconf 84' lang='lat' dir='ltr'>tem</span> <span class='ocrx_word' id='word_1_66' title='bbox 253 642 263 659; x_wconf 95' lang='lat'><em>‚</em></span> <span class='ocrx_word' id='word_1_67' title='bbox 288 613 362 650; x_wconf 59' lang='lat' dir='ltr'>&gt;snb</span> <span class='ocrx_word' id='word_1_68' title='bbox 393 612 464 650; x_wconf 86' lang='lat' dir='ltr'>hac</span> <span class='ocrx_word' id='word_1_69' title='bbox 495 611 801 663; x_wconf 84' lang='lat' dir='ltr'>reduplicatione</span> <span class='ocrx_word' id='word_1_70' title='bbox 819 641 829 657; x_wconf 87' lang='lat'>,</span> <span class='ocrx_word' id='word_1_71' title='bbox 859 619 1054 661; x_wconf 79' lang='lat' dir='ltr'>quatenus</span> <span class='ocrx_word' id='word_1_72' title='bbox 1075 617 1276 658; x_wconf 66' lang='lat' dir='ltr'>praecepta</span> 
     </span>
     <span class='ocr_line' id='line_1_11' title="bbox 159 661 1277 713; baseline -0.006 -8"><span class='ocrx_word' id='word_1_73' title='bbox 159 678 248 706; x_wconf 76' lang='lat' dir='ltr'>erat</span> <span class='ocrx_word' id='word_1_74' title='bbox 264 679 289 703; x_wconf 82' lang='lat' dir='ltr'>a</span> <span class='ocrx_word' id='word_1_75' title='bbox 308 665 454 710; x_wconf 70' lang='lat' dir='ltr'>Patr33</span> <span class='ocrx_word' id='word_1_76' title='bbox 484 679 548 702; x_wconf 86' lang='lat' dir='ltr'>seu</span> <span class='ocrx_word' id='word_1_77' title='bbox 579 665 623 702; x_wconf 86' lang='lat' dir='ltr'>ad</span> <span class='ocrx_word' id='word_1_78' title='bbox 646 664 902 702; x_wconf 73' lang='lat' dir='ltr'>obedientiam</span> <span class='ocrx_word' id='word_1_79' title='bbox 920 661 1159 713; x_wconf 74' lang='lat' dir='ltr'>jor-maliter</span> <span class='ocrx_word' id='word_1_80' title='bbox 1173 675 1277 698; x_wconf 85' lang='lat' dir='ltr'>sum—</span> 
     </span>
     <span class='ocr_line' id='line_1_12' title="bbox 157 714 1278 772; baseline -0.006 -15"><span class='ocrx_word' id='word_1_81' title='bbox 157 730 290 772; x_wconf 82' lang='lat' dir='ltr'>ptam,</span> <span class='ocrx_word' id='word_1_82' title='bbox 317 733 408 757; x_wconf 86' lang='lat' dir='ltr'>cum</span> <span class='ocrx_word' id='word_1_83' title='bbox 441 727 567 756; x_wconf 79' lang='lat' dir='ltr'>tamen</span> <span class='ocrx_word' id='word_1_84' title='bbox 598 731 664 770; x_wconf 84' lang='lat' dir='ltr'>per</span> <span class='ocrx_word' id='word_1_85' title='bbox 694 719 815 767; x_wconf 77' lang='lat' dir='ltr'>ipsam</span> <span class='ocrx_word' id='word_1_86' title='bbox 836 715 1092 753; x_wconf 79' lang='lat' dir='ltr'>obedientiam</span> <span class='ocrx_word' id='word_1_87' title='bbox 1124 714 1278 766; x_wconf 78' lang='lat' dir='ltr'>proprie</span> 
     </span>
     <span class='ocr_line' id='line_1_13' title="bbox 160 766 1280 821; baseline -0.004 -11"><span class='ocrx_word' id='word_1_88' title='bbox 160 774 470 811; x_wconf 80' lang='lat' dir='ltr'>merueritsuam</span> <span class='ocrx_word' id='word_1_89' title='bbox 488 771 779 818; x_wconf 68' lang='lat' dir='ltr'>exaltationem,</span> <span class='ocrx_word' id='word_1_90' title='bbox 809 770 1037 821; x_wconf 81' lang='lat' dir='ltr'>utsuperius</span> <span class='ocrx_word' id='word_1_91' title='bbox 1051 782 1161 808; x_wconf 84' lang='lat' dir='ltr'>num.</span> <span class='ocrx_word' id='word_1_92' title='bbox 1189 766 1280 818; x_wconf 70' lang='lat'>178·</span> 
     </span>
     <span class='ocr_line' id='line_1_14' title="bbox 160 826 1076 878; baseline -0.004 -14"><span class='ocrx_word' id='word_1_93' title='bbox 160 826 365 878; x_wconf 85' lang='lat' dir='ltr'>probatum</span> <span class='ocrx_word' id='word_1_94' title='bbox 395 826 494 863; x_wconf 82' lang='lat' dir='ltr'>fuit.</span> <span class='ocrx_word' id='word_1_95' title='bbox 1071 831 1076 833; x_wconf 76' lang='grc'><em>“</em></span> 
     </span>
    </p>

    <p class='ocr_par' dir='ltr' id='par_1_3' title="bbox 157 876 1284 1358">
     <span class='ocr_line' id='line_1_15' title="bbox 214 876 1279 931; baseline -0.006 -14"><span class='ocrx_word' id='word_1_96' title='bbox 214 880 304 930; x_wconf 79' lang='grc'><strong>257.</strong></span> <span class='ocrx_word' id='word_1_97' title='bbox 340 878 551 931; x_wconf 55' lang='lat' dir='ltr'>Respond„</span> <span class='ocrx_word' id='word_1_98' title='bbox 581 876 719 915; x_wconf 77' lang='lat' dir='ltr'>Christi</span> <span class='ocrx_word' id='word_1_99' title='bbox 742 876 956 915; x_wconf 88' lang='lat' dir='ltr'>libertatem</span> <span class='ocrx_word' id='word_1_100' title='bbox 987 876 1155 923; x_wconf 77' lang='lat' dir='ltr'>salvari,</span> <span class='ocrx_word' id='word_1_101' title='bbox 1185 876 1279 926; x_wconf 80' lang='lat' dir='ltr'>quia</span> 
     </span>
     <span class='ocr_line' id='line_1_16' title="bbox 159 930 1278 984; baseline -0.005 -13"><span class='ocrx_word' id='word_1_102' title='bbox 159 933 285 972; x_wconf 79' lang='lat' dir='ltr'>adhuc</span> <span class='ocrx_word' id='word_1_103' title='bbox 314 933 383 970; x_wconf 91' lang='lat' dir='ltr'>sub</span> <span class='ocrx_word' id='word_1_104' title='bbox 413 931 482 975; x_wconf 75' lang='lat' dir='ltr'>illa</span> <span class='ocrx_word' id='word_1_105' title='bbox 520 931 822 984; x_wconf 83' lang='lat' dir='ltr'>reduplicatione</span> <span class='ocrx_word' id='word_1_106' title='bbox 864 930 1042 969; x_wconf 85' lang='lat' dir='ltr'>manebat</span> <span class='ocrx_word' id='word_1_107' title='bbox 1072 931 1109 967; x_wconf 89' lang='lat' dir='ltr'>in</span> <span class='ocrx_word' id='word_1_108' title='bbox 1140 941 1183 966; x_wconf 90' lang='lat' dir='ltr'>eo</span> <span class='ocrx_word' id='word_1_109' title='bbox 1214 941 1278 979; x_wconf 87' lang='lat' dir='ltr'>po-</span> 
     </span>
     <span class='ocr_line' id='line_1_17' title="bbox 161 983 1279 1031; baseline -0.006 -6"><span class='ocrx_word' id='word_1_110' title='bbox 161 987 279 1025; x_wconf 79' lang='lat' dir='ltr'>tentia</span> <span class='ocrx_word' id='word_1_111' title='bbox 309 999 381 1023; x_wconf 89' lang='lat' dir='ltr'>non</span> <span class='ocrx_word' id='word_1_112' title='bbox 411 985 600 1023; x_wconf 72' lang='lat' dir='ltr'>subeundi</span> <span class='ocrx_word' id='word_1_113' title='bbox 632 994 792 1022; x_wconf 78' lang='lat' dir='ltr'>mortem</span> <span class='ocrx_word' id='word_1_114' title='bbox 823 983 995 1021; x_wconf 87' lang='lat' dir='ltr'>absolute</span> <span class='ocrx_word' id='word_1_115' title='bbox 1018 1013 1028 1031; x_wconf 86' lang='lat'>,</span> <span class='ocrx_word' id='word_1_116' title='bbox 1059 983 1092 1019; x_wconf 77' lang='lat' dir='ltr'>8t</span> <span class='ocrx_word' id='word_1_117' title='bbox 1124 984 1161 1020; x_wconf 88' lang='lat' dir='ltr'>iu</span> <span class='ocrx_word' id='word_1_118' title='bbox 1191 994 1279 1019; x_wconf 79' lang='lat' dir='ltr'>sen-</span> 
     </span>
     <span class='ocr_line' id='line_1_18' title="bbox 157 1037 1280 1090; baseline -0.006 -11"><span class='ocrx_word' id='word_1_119' title='bbox 157 1054 204 1079; x_wconf 68' lang='lat' dir='ltr'>su</span> <span class='ocrx_word' id='word_1_120' title='bbox 234 1039 381 1088; x_wconf 58' lang='lat' dir='ltr'>diviso,</span> <span class='ocrx_word' id='word_1_121' title='bbox 413 1048 451 1076; x_wconf 85' lang='lat' dir='ltr'>ut</span> <span class='ocrx_word' id='word_1_122' title='bbox 482 1038 714 1090; x_wconf 79' lang='lat' dir='ltr'>explicatum</span> <span class='ocrx_word' id='word_1_123' title='bbox 746 1047 823 1074; x_wconf 74' lang='lat' dir='ltr'>est.</span> <span class='ocrx_word' id='word_1_124' title='bbox 855 1037 989 1088; x_wconf 78' lang='lat' dir='ltr'>Neque</span> <span class='ocrx_word' id='word_1_125' title='bbox 1019 1037 1121 1073; x_wconf 87' lang='lat' dir='ltr'>enim</span> <span class='ocrx_word' id='word_1_126' title='bbox 1152 1048 1280 1073; x_wconf 83' lang='lat' dir='ltr'>neces-</span> 
     </span>
     <span class='ocr_line' id='line_1_19' title="bbox 159 1087 1284 1144; baseline -0.004 -13"><span class='ocrx_word' id='word_1_127' title='bbox 159 1109 197 1131; x_wconf 85' lang='lat' dir='ltr'>se</span> <span class='ocrx_word' id='word_1_128' title='bbox 227 1101 333 1140; x_wconf 82' lang='lat' dir='ltr'>erat,</span> <span class='ocrx_word' id='word_1_129' title='bbox 363 1102 426 1130; x_wconf 87' lang='lat' dir='ltr'>aut</span> <span class='ocrx_word' id='word_1_130' title='bbox 455 1092 539 1130; x_wconf 89' lang='lat' dir='ltr'>fieri</span> <span class='ocrx_word' id='word_1_131' title='bbox 571 1099 741 1144; x_wconf 85' lang='lat' dir='ltr'>poterat,</span> <span class='ocrx_word' id='word_1_132' title='bbox 772 1098 812 1127; x_wconf 85' lang='lat' dir='ltr'>ut</span> <span class='ocrx_word' id='word_1_133' title='bbox 841 1089 926 1128; x_wconf 81' lang='lat' dir='ltr'>haec</span> <span class='ocrx_word' id='word_1_134' title='bbox 957 1091 1032 1127; x_wconf 87' lang='lat' dir='ltr'>duo</span> <span class='ocrx_word' id='word_1_135' title='bbox 1061 1087 1176 1126; x_wconf 85' lang='lat' dir='ltr'>simul</span> <span class='ocrx_word' id='word_1_136' title='bbox 1193 1101 1284 1126; x_wconf 88' lang='lat' dir='ltr'>con-</span> 
     </span>
     <span class='ocr_line' id='line_1_20' title="bbox 161 1142 1283 1198; baseline -0.006 -14"><span class='ocrx_word' id='word_1_137' title='bbox 161 1148 410 1198; x_wconf 68' lang='lat' dir='ltr'>jungerentur</span> <span class='ocrx_word' id='word_1_138' title='bbox 428 1176 438 1194; x_wconf 88' lang='lat'>,</span> <span class='ocrx_word' id='word_1_139' title='bbox 470 1146 690 1197; x_wconf 67' lang='lat' dir='ltr'>impotentia</span> <span class='ocrx_word' id='word_1_140' title='bbox 722 1145 935 1196; x_wconf 72' lang='lat' dir='ltr'>peccandi,</span> <span class='ocrx_word' id='word_1_141' title='bbox 967 1142 1001 1178; x_wconf 86' lang='lat'>&amp;</span> <span class='ocrx_word' id='word_1_142' title='bbox 1022 1144 1283 1194; x_wconf 62' lang='lat' dir='ltr'>potentia‘non</span> 
     </span>
     <span class='ocr_line' id='line_1_21' title="bbox 159 1193 1284 1249; baseline -0.007 -11"><span class='ocrx_word' id='word_1_143' title='bbox 159 1199 392 1248; x_wconf 82' lang='lat' dir='ltr'>obediendi,</span> <span class='ocrx_word' id='word_1_144' title='bbox 436 1200 499 1236; x_wconf 87' lang='lat' dir='ltr'>sed</span> <span class='ocrx_word' id='word_1_145' title='bbox 529 1200 615 1236; x_wconf 82' lang='lat' dir='ltr'>satis</span> <span class='ocrx_word' id='word_1_146' title='bbox 645 1206 750 1246; x_wconf 84' lang='lat' dir='ltr'>erat,</span> <span class='ocrx_word' id='word_1_147' title='bbox 794 1206 836 1235; x_wconf 86' lang='lat' dir='ltr'>ut</span> <span class='ocrx_word' id='word_1_148' title='bbox 864 1211 953 1235; x_wconf 88' lang='lat' dir='ltr'>cum</span> <span class='ocrx_word' id='word_1_149' title='bbox 985 1205 1205 1249; x_wconf 71' lang='lat' dir='ltr'>praecepto,</span> <span class='ocrx_word' id='word_1_150' title='bbox 1250 1193 1284 1230; x_wconf 70' lang='grc' dir='ltr'>δε</span> 
     </span>
     <span class='ocr_line' id='line_1_22' title="bbox 162 1250 1283 1304; baseline -0.005 -13"><span class='ocrx_word' id='word_1_151' title='bbox 162 1267 252 1293; x_wconf 88' lang='lat' dir='ltr'>cum</span> <span class='ocrx_word' id='word_1_152' title='bbox 283 1254 365 1304; x_wconf 83' lang='lat' dir='ltr'>ipsa</span> <span class='ocrx_word' id='word_1_153' title='bbox 380 1251 597 1290; x_wconf 79' lang='lat' dir='ltr'>obedientia</span> <span class='ocrx_word' id='word_1_154' title='bbox 611 1250 906 1303; x_wconf 81' lang='lat' dir='ltr'>conjungeretur</span> <span class='ocrx_word' id='word_1_155' title='bbox 921 1252 1091 1303; x_wconf 79' lang='lat' dir='ltr'>potentia</span> <span class='ocrx_word' id='word_1_156' title='bbox 1120 1250 1167 1287; x_wconf 87' lang='lat' dir='ltr'>ad</span> <span class='ocrx_word' id='word_1_157' title='bbox 1184 1262 1283 1287; x_wconf 90' lang='lat' dir='ltr'>mor-</span> 
     </span>
     <span class='ocr_line' id='line_1_23' title="bbox 163 1305 952 1358; baseline -0.004 -13"><span class='ocrx_word' id='word_1_158' title='bbox 163 1316 239 1345; x_wconf 83' lang='lat' dir='ltr'>tem</span> <span class='ocrx_word' id='word_1_159' title='bbox 271 1320 338 1358; x_wconf 85' lang='lat' dir='ltr'>per</span> <span class='ocrx_word' id='word_1_160' title='bbox 368 1321 430 1354; x_wconf 80' lang='lat' dir='ltr'>se,</span> <span class='ocrx_word' id='word_1_161' title='bbox 462 1306 494 1342; x_wconf 83' lang='lat'>&amp;</span> <span class='ocrx_word' id='word_1_162' title='bbox 525 1305 697 1344; x_wconf 79' lang='lat' dir='ltr'>absolute</span> <span class='ocrx_word' id='word_1_163' title='bbox 724 1305 923 1344; x_wconf 73' lang='lat' dir='ltr'>vitandam</span> <span class='ocrx_word' id='word_1_164' title='bbox 943 1331 952 1342; x_wconf 86' lang='lat'><strong><em>.</em></strong></span> 
     </span>
    </p>

    <p class='ocr_par' dir='ltr' id='par_1_4' title="bbox 160 1357 1293 2101">
     <span class='ocr_line' id='line_1_24' title="bbox 189 1357 1286 1410; baseline -0.005 -12"><span class='ocrx_word' id='word_1_165' title='bbox 189 1387 193 1392; x_wconf 87' lang='lat'><em>-</em></span> <span class='ocrx_word' id='word_1_166' title='bbox 218 1359 314 1398; x_wconf 78' lang='grc'><strong>258.</strong></span> <span class='ocrx_word' id='word_1_167' title='bbox 348 1361 459 1397; x_wconf 75' lang='lat' dir='ltr'>Addit</span> <span class='ocrx_word' id='word_1_168' title='bbox 490 1360 687 1398; x_wconf 88' lang='lat' dir='ltr'>Lemosius</span> <span class='ocrx_word' id='word_1_169' title='bbox 706 1388 716 1406; x_wconf 88' lang='lat'>,</span> <span class='ocrx_word' id='word_1_170' title='bbox 747 1388 772 1406; x_wconf 87' lang='lat'>‚,</span> <span class='ocrx_word' id='word_1_171' title='bbox 794 1357 1167 1410; x_wconf 65' lang='lat' dir='ltr'>potuisse&#39;Christtnn</span> <span class='ocrx_word' id='word_1_172' title='bbox 1196 1369 1286 1394; x_wconf 87' lang='lat' dir='ltr'>cum</span> 
     </span>
     <span class='ocr_line' id='line_1_25' title="bbox 162 1410 1286 1465; baseline -0.004 -15"><span class='ocrx_word' id='word_1_173' title='bbox 162 1444 189 1463; x_wconf 83' lang='lat'><strong>„</strong></span> <span class='ocrx_word' id='word_1_174' title='bbox 218 1422 412 1465; x_wconf 77' lang='lat' dir='ltr'>praecepto</span> <span class='ocrx_word' id='word_1_175' title='bbox 441 1414 487 1450; x_wconf 82' lang='lat' dir='ltr'>de</span> <span class='ocrx_word' id='word_1_176' title='bbox 515 1427 582 1450; x_wconf 86' lang='lat' dir='ltr'>sua</span> <span class='ocrx_word' id='word_1_177' title='bbox 607 1421 757 1459; x_wconf 83' lang='lat' dir='ltr'>morte,</span> <span class='ocrx_word' id='word_1_178' title='bbox 801 1413 923 1450; x_wconf 84' lang='lat' dir='ltr'>immo</span> <span class='ocrx_word' id='word_1_179' title='bbox 960 1425 1049 1449; x_wconf 89' lang='lat' dir='ltr'>cnm</span> <span class='ocrx_word' id='word_1_180' title='bbox 1093 1410 1286 1450; x_wconf 84' lang='lat' dir='ltr'>voluntate</span> 
     </span>
     <span class='ocr_line' id='line_1_26' title="bbox 164 1462 1287 1517; baseline -0.004 -14"><span class='ocrx_word' id='word_1_181' title='bbox 164 1497 190 1516; x_wconf 85' lang='lat'><strong>„</strong></span> <span class='ocrx_word' id='word_1_182' title='bbox 222 1465 367 1503; x_wconf 80' lang='lat' dir='ltr'>efficaci</span> <span class='ocrx_word' id='word_1_183' title='bbox 387 1496 397 1514; x_wconf 89' lang='lat'>,</span> <span class='ocrx_word' id='word_1_184' title='bbox 429 1465 461 1501; x_wconf 69' lang='grc' dir='ltr'>δε</span> <span class='ocrx_word' id='word_1_185' title='bbox 482 1465 654 1503; x_wconf 82' lang='lat' dir='ltr'>absoluta</span> <span class='ocrx_word' id='word_1_186' title='bbox 673 1495 682 1513; x_wconf 87' lang='lat'>‚</span> <span class='ocrx_word' id='word_1_187' title='bbox 713 1479 790 1517; x_wconf 88' lang='lat' dir='ltr'>qua</span> <span class='ocrx_word' id='word_1_188' title='bbox 820 1465 940 1503; x_wconf 87' lang='lat' dir='ltr'>voluit</span> <span class='ocrx_word' id='word_1_189' title='bbox 972 1465 1097 1513; x_wconf 88' lang='lat' dir='ltr'>mori,</span> <span class='ocrx_word' id='word_1_190' title='bbox 1129 1474 1168 1501; x_wconf 93' lang='lat' dir='ltr'>ut</span> <span class='ocrx_word' id='word_1_191' title='bbox 1196 1462 1287 1500; x_wconf 88' lang='lat' dir='ltr'>obe-</span> 
     </span>
     <span class='ocr_line' id='line_1_27' title="bbox 164 1515 1288 1569; baseline -0.003 -13"><span class='ocrx_word' id='word_1_192' title='bbox 164 1550 189 1569; x_wconf 73' lang='lat'>„</span> <span class='ocrx_word' id='word_1_193' title='bbox 218 1519 341 1567; x_wconf 84' lang='lat' dir='ltr'>diret,</span> <span class='ocrx_word' id='word_1_194' title='bbox 373 1519 514 1556; x_wconf 82' lang='lat' dir='ltr'>habere</span> <span class='ocrx_word' id='word_1_195' title='bbox 545 1518 783 1558; x_wconf 77' lang='lat' dir='ltr'>inefficacem</span> <span class='ocrx_word' id='word_1_196' title='bbox 813 1519 1047 1557; x_wconf 84' lang='lat' dir='ltr'>voluntatem</span> <span class='ocrx_word' id='word_1_197' title='bbox 1066 1548 1077 1567; x_wconf 87' lang='lat'>,</span> <span class='ocrx_word' id='word_1_198' title='bbox 1107 1532 1185 1569; x_wconf 83' lang='lat' dir='ltr'>qua</span> <span class='ocrx_word' id='word_1_199' title='bbox 1207 1515 1288 1554; x_wconf 88' lang='lat' dir='ltr'>vel-</span> 
     </span>
     <span class='ocr_line' id='line_1_28' title="bbox 164 1573 1289 1624; baseline -0.003 -14"><span class='ocrx_word' id='word_1_200' title='bbox 164 1603 189 1622; x_wconf 71' lang='lat'>„</span> <span class='ocrx_word' id='word_1_201' title='bbox 219 1573 268 1610; x_wconf 83' lang='lat' dir='ltr'>let</span> <span class='ocrx_word' id='word_1_202' title='bbox 299 1586 370 1610; x_wconf 91' lang='lat' dir='ltr'>non</span> <span class='ocrx_word' id='word_1_203' title='bbox 401 1573 525 1622; x_wconf 86' lang='lat' dir='ltr'>mori,</span> <span class='ocrx_word' id='word_1_204' title='bbox 568 1573 779 1612; x_wconf 86' lang='lat' dir='ltr'>secundum</span> <span class='ocrx_word' id='word_1_205' title='bbox 810 1573 911 1624; x_wconf 83' lang='lat' dir='ltr'>quod</span> <span class='ocrx_word' id='word_1_206' title='bbox 943 1585 1042 1611; x_wconf 86' lang='lat' dir='ltr'>mors</span> <span class='ocrx_word' id='word_1_207' title='bbox 1085 1573 1219 1609; x_wconf 84' lang='lat' dir='ltr'>nociva</span> <span class='ocrx_word' id='word_1_208' title='bbox 1251 1585 1289 1607; x_wconf 92' lang='lat' dir='ltr'>e-</span> 
     </span>
     <span class='ocr_line' id='line_1_29' title="bbox 165 1624 1288 1678; baseline -0.002 -15"><span class='ocrx_word' id='word_1_209' title='bbox 165 1657 191 1678; x_wconf 69' lang='lat'><strong>„</strong></span> <span class='ocrx_word' id='word_1_210' title='bbox 221 1635 278 1663; x_wconf 86' lang='lat' dir='ltr'>rat</span> <span class='ocrx_word' id='word_1_211' title='bbox 307 1636 455 1664; x_wconf 62' lang='lat' dir='ltr'>naturae</span> <span class='ocrx_word' id='word_1_212' title='bbox 474 1657 484 1674; x_wconf 90' lang='lat'>,</span> <span class='ocrx_word' id='word_1_213' title='bbox 515 1627 724 1665; x_wconf 85' lang='lat' dir='ltr'>secundum</span> <span class='ocrx_word' id='word_1_214' title='bbox 754 1627 856 1678; x_wconf 84' lang='lat' dir='ltr'>quod</span> <span class='ocrx_word' id='word_1_215' title='bbox 887 1627 933 1663; x_wconf 83' lang='lat' dir='ltr'>ad</span> <span class='ocrx_word' id='word_1_216' title='bbox 965 1625 1074 1663; x_wconf 84' lang='lat' dir='ltr'>illam</span> <span class='ocrx_word' id='word_1_217' title='bbox 1105 1624 1288 1662; x_wconf 84' lang='lat' dir='ltr'>naturali-</span> 
     </span>
     <span class='ocr_line' id='line_1_30' title="bbox 164 1678 1290 1732; baseline -0.001 -16"><span class='ocrx_word' id='word_1_218' title='bbox 164 1710 192 1730; x_wconf 83' lang='lat'>„</span> <span class='ocrx_word' id='word_1_219' title='bbox 223 1689 278 1717; x_wconf 89' lang='lat' dir='ltr'>ter</span> <span class='ocrx_word' id='word_1_220' title='bbox 308 1694 382 1717; x_wconf 84' lang='lat' dir='ltr'>non</span> <span class='ocrx_word' id='word_1_221' title='bbox 412 1680 763 1718; x_wconf 77' lang='lat' dir='ltr'>determinabatur.</span> <span class='ocrx_word' id='word_1_222' title='bbox 795 1680 837 1718; x_wconf 88' lang='lat' dir='ltr'>In</span> <span class='ocrx_word' id='word_1_223' title='bbox 868 1693 944 1732; x_wconf 78' lang='lat' dir='ltr'>quo</span> <span class='ocrx_word' id='word_1_224' title='bbox 976 1679 1088 1716; x_wconf 88' lang='lat' dir='ltr'>valde</span> <span class='ocrx_word' id='word_1_225' title='bbox 1119 1678 1290 1730; x_wconf 80' lang='lat' dir='ltr'>explica-</span> 
     </span>
     <span class='ocr_line' id='line_1_31' title="bbox 166 1732 1291 1786; baseline 0 -17"><span class='ocrx_word' id='word_1_226' title='bbox 166 1762 193 1783; x_wconf 75' lang='lat'>„</span> <span class='ocrx_word' id='word_1_227' title='bbox 223 1743 282 1769; x_wconf 87' lang='lat' dir='ltr'>tur</span> <span class='ocrx_word' id='word_1_228' title='bbox 312 1733 464 1770; x_wconf 71' lang='lat' dir='ltr'>libertas</span> <span class='ocrx_word' id='word_1_229' title='bbox 493 1733 632 1771; x_wconf 78' lang='lat' dir='ltr'>Christi</span> <span class='ocrx_word' id='word_1_230' title='bbox 664 1734 894 1786; x_wconf 82' lang='lat' dir='ltr'>acceptando</span> <span class='ocrx_word' id='word_1_231' title='bbox 939 1743 1126 1771; x_wconf 86' lang='lat' dir='ltr'>mortem.</span> <span class='ocrx_word' id='word_1_232' title='bbox 1171 1732 1291 1770; x_wconf 85' lang='lat' dir='ltr'>Docet</span> 
     </span>
     <span class='ocr_line' id='line_1_32' title="bbox 162 1785 1292 1835; baseline 0.003 -14"><span class='ocrx_word' id='word_1_233' title='bbox 162 1814 198 1835; x_wconf 78' lang='lat'>.„</span> <span class='ocrx_word' id='word_1_234' title='bbox 229 1785 334 1822; x_wconf 86' lang='lat' dir='ltr'>enim</span> <span class='ocrx_word' id='word_1_235' title='bbox 364 1785 403 1822; x_wconf 84' lang='lat' dir='ltr'>S.</span> <span class='ocrx_word' id='word_1_236' title='bbox 434 1786 603 1822; x_wconf 79' lang='lat' dir='ltr'>Thomas</span> <span class='ocrx_word' id='word_1_237' title='bbox 622 1816 631 1833; x_wconf 87' lang='lat'>‚</span> <span class='ocrx_word' id='word_1_238' title='bbox 661 1786 856 1824; x_wconf 63' lang='lat' dir='ltr'>Christum</span> <span class='ocrx_word' id='word_1_239' title='bbox 887 1786 1096 1824; x_wconf 75' lang='lat' dir='ltr'>efficaciter</span> <span class='ocrx_word' id='word_1_240' title='bbox 1120 1786 1292 1824; x_wconf 77' lang='lat' dir='ltr'>voluisse</span> 
     </span>
     <span class='ocr_line' id='line_1_33' title="bbox 169 1838 1292 1892; baseline 0 -15"><span class='ocrx_word' id='word_1_241' title='bbox 169 1868 196 1889; x_wconf 89' lang='lat'>„</span> <span class='ocrx_word' id='word_1_242' title='bbox 228 1848 386 1877; x_wconf 76' lang='lat' dir='ltr'>mortem</span> <span class='ocrx_word' id='word_1_243' title='bbox 405 1868 415 1886; x_wconf 86' lang='lat'>,</span> <span class='ocrx_word' id='word_1_244' title='bbox 459 1838 669 1874; x_wconf 88' lang='lat' dir='ltr'>secundum</span> <span class='ocrx_word' id='word_1_245' title='bbox 700 1841 800 1888; x_wconf 86' lang='lat' dir='ltr'>quod</span> <span class='ocrx_word' id='word_1_246' title='bbox 831 1854 852 1875; x_wconf 87' lang='lat' dir='ltr'>a</span> <span class='ocrx_word' id='word_1_247' title='bbox 882 1840 988 1876; x_wconf 84' lang='lat' dir='ltr'>Patre</span> <span class='ocrx_word' id='word_1_248' title='bbox 1032 1849 1226 1892; x_wconf 69' lang='lat' dir='ltr'>praecepta</span> <span class='ocrx_word' id='word_1_249' title='bbox 1254 1855 1292 1877; x_wconf 91' lang='lat' dir='ltr'>e-</span> 
     </span>
     <span class='ocr_line' id='line_1_34' title="bbox 173 1890 1293 1942; baseline 0.002 -14"><span class='ocrx_word' id='word_1_250' title='bbox 173 1921 199 1941; x_wconf 83' lang='lat'><strong>„</strong></span> <span class='ocrx_word' id='word_1_251' title='bbox 232 1902 311 1938; x_wconf 80' lang='lat' dir='ltr'>rat,</span> <span class='ocrx_word' id='word_1_252' title='bbox 355 1891 388 1926; x_wconf 77' lang='lat'>8&lt;</span> <span class='ocrx_word' id='word_1_253' title='bbox 420 1891 626 1928; x_wconf 85' lang='lat' dir='ltr'>secundum</span> <span class='ocrx_word' id='word_1_254' title='bbox 659 1890 755 1928; x_wconf 80' lang='lat' dir='ltr'>alias</span> <span class='ocrx_word' id='word_1_255' title='bbox 786 1893 944 1928; x_wconf 79' lang='lat' dir='ltr'>rationes</span> <span class='ocrx_word' id='word_1_256' title='bbox 974 1895 1213 1942; x_wconf 77' lang='lat' dir='ltr'>superiores3</span> <span class='ocrx_word' id='word_1_257' title='bbox 1257 1893 1293 1929; x_wconf 71' lang='grc'>8(</span> 
     </span>
     <span class='ocr_line' id='line_1_35' title="bbox 160 1943 1291 1994; baseline 0.001 -13"><span class='ocrx_word' id='word_1_258' title='bbox 160 1956 197 1994; x_wconf 75' lang='grc'>’,,</span> <span class='ocrx_word' id='word_1_259' title='bbox 227 1943 417 1981; x_wconf 80' lang='lat' dir='ltr'>velleitate</span> <span class='ocrx_word' id='word_1_260' title='bbox 442 1943 637 1981; x_wconf 75' lang='lat' dir='ltr'>inefficaci</span> <span class='ocrx_word' id='word_1_261' title='bbox 668 1943 832 1981; x_wconf 77' lang='lat' dir='ltr'>noluisse</span> <span class='ocrx_word' id='word_1_262' title='bbox 863 1954 1050 1991; x_wconf 83' lang='lat' dir='ltr'>mortem,</span> <span class='ocrx_word' id='word_1_263' title='bbox 1081 1946 1291 1982; x_wconf 85' lang='lat' dir='ltr'>secundum</span> 
     </span>
     <span class='ocr_line' id='line_1_36' title="bbox 174 1997 1293 2050; baseline 0 -16"><span class='ocrx_word' id='word_1_264' title='bbox 174 2028 200 2047; x_wconf 86' lang='lat'>,‚</span> <span class='ocrx_word' id='word_1_265' title='bbox 230 1997 331 2050; x_wconf 86' lang='lat' dir='ltr'>quod</span> <span class='ocrx_word' id='word_1_266' title='bbox 363 1998 499 2034; x_wconf 84' lang='lat' dir='ltr'>nociva</span> <span class='ocrx_word' id='word_1_267' title='bbox 530 2005 608 2033; x_wconf 87' lang='lat' dir='ltr'>erat</span> <span class='ocrx_word' id='word_1_268' title='bbox 647 1999 822 2049; x_wconf 86' lang='lat' dir='ltr'>corpori,</span> <span class='ocrx_word' id='word_1_269' title='bbox 864 1997 927 2034; x_wconf 87' lang='lat' dir='ltr'>vel</span> <span class='ocrx_word' id='word_1_270' title='bbox 950 1998 1169 2036; x_wconf 60' lang='lat' dir='ltr'>&lt;secuudum</span> <span class='ocrx_word' id='word_1_271' title='bbox 1194 1997 1293 2034; x_wconf 76' lang='lat' dir='ltr'>alia-s</span> 
     </span>
     <span class='ocr_line' id='line_1_37' title="bbox 171 2050 696 2101; baseline -0.006 -13"><span class='ocrx_word' id='word_1_272' title='bbox 171 2081 198 2101; x_wconf 83' lang='lat'>„</span> <span class='ocrx_word' id='word_1_273' title='bbox 229 2053 392 2088; x_wconf 75' lang='lat' dir='ltr'>rationes</span> <span class='ocrx_word' id='word_1_274' title='bbox 422 2050 620 2087; x_wconf 76' lang='lat' dir='ltr'>inferiores</span> <span class='ocrx_word' id='word_1_275' title='bbox 638 2075 648 2086; x_wconf 92' lang='lat'><strong>.</strong></span> <span class='ocrx_word' id='word_1_276' title='bbox 670 2052 696 2070; x_wconf 78' lang='grc'><strong>“</strong></span> 
     </span>
    </p>

    <p class='ocr_par' dir='ltr' id='par_1_5' title="bbox 169 2099 1298 2422">
     <span class='ocr_line' id='line_1_38' title="bbox 227 2099 1294 2157; baseline -0.003 -15"><span class='ocrx_word' id='word_1_277' title='bbox 227 2105 318 2157; x_wconf 67' lang='grc'><strong>259.</strong></span> <span class='ocrx_word' id='word_1_278' title='bbox 349 2105 438 2141; x_wconf 78' lang='lat' dir='ltr'>lust.</span> <span class='ocrx_word' id='word_1_279' title='bbox 470 2101 662 2142; x_wconf 85' lang='lat' dir='ltr'>secundo.</span> <span class='ocrx_word' id='word_1_280' title='bbox 693 2099 735 2140; x_wconf 86' lang='lat' dir='ltr'>Si</span> <span class='ocrx_word' id='word_1_281' title='bbox 763 2101 935 2140; x_wconf 82' lang='lat' dir='ltr'>Christus</span> <span class='ocrx_word' id='word_1_282' title='bbox 964 2110 1049 2139; x_wconf 83' lang='lat' dir='ltr'>actu</span> <span class='ocrx_word' id='word_1_283' title='bbox 1079 2114 1155 2139; x_wconf 87' lang='lat' dir='ltr'>non</span> <span class='ocrx_word' id='word_1_284' title='bbox 1186 2117 1294 2139; x_wconf 82' lang='lat' dir='ltr'>acce-</span> 
     </span>
     <span class='ocr_line' id='line_1_39' title="bbox 169 2155 1297 2212; baseline -0.004 -16"><span class='ocrx_word' id='word_1_285' title='bbox 169 2166 306 2212; x_wconf 79' lang='lat' dir='ltr'>ptasset</span> <span class='ocrx_word' id='word_1_286' title='bbox 336 2167 524 2206; x_wconf 81' lang='lat' dir='ltr'>mortem,</span> <span class='ocrx_word' id='word_1_287' title='bbox 555 2167 640 2196; x_wconf 84' lang='lat' dir='ltr'>actu</span> <span class='ocrx_word' id='word_1_288' title='bbox 672 2156 792 2193; x_wconf 81' lang='lat' dir='ltr'>factus</span> <span class='ocrx_word' id='word_1_289' title='bbox 824 2156 952 2193; x_wconf 83' lang='lat' dir='ltr'>fuisset</span> <span class='ocrx_word' id='word_1_290' title='bbox 984 2155 1232 2202; x_wconf 72' lang='lat' dir='ltr'>inobediens,</span> <span class='ocrx_word' id='word_1_291' title='bbox 1263 2155 1297 2191; x_wconf 75' lang='lat' dir='ltr'>St</span> 
     </span>
     <span class='ocr_line' id='line_1_40' title="bbox 172 2212 1296 2266; baseline -0.003 -18"><span class='ocrx_word' id='word_1_292' title='bbox 172 2220 386 2266; x_wconf 76' lang='lat' dir='ltr'>peccasset:</span> <span class='ocrx_word' id='word_1_293' title='bbox 425 2225 512 2263; x_wconf 77' lang='lat' dir='ltr'>ergo</span> <span class='ocrx_word' id='word_1_294' title='bbox 540 2212 570 2248; x_wconf 78' lang='lat' dir='ltr'>si</span> <span class='ocrx_word' id='word_1_295' title='bbox 602 2218 746 2262; x_wconf 82' lang='lat' dir='ltr'>poterat</span> <span class='ocrx_word' id='word_1_296' title='bbox 776 2224 848 2247; x_wconf 90' lang='lat' dir='ltr'>non</span> <span class='ocrx_word' id='word_1_297' title='bbox 879 2217 1076 2260; x_wconf 80' lang='lat' dir='ltr'>acceptare</span> <span class='ocrx_word' id='word_1_298' title='bbox 1104 2218 1296 2256; x_wconf 80' lang='lat' dir='ltr'>mortem,</span> 
     </span>
     <span class='ocr_line' id='line_1_41' title="bbox 171 2262 1297 2318; baseline -0.004 -15"><span class='ocrx_word' id='word_1_299' title='bbox 171 2274 315 2318; x_wconf 85' lang='lat' dir='ltr'>poterat</span> <span class='ocrx_word' id='word_1_300' title='bbox 346 2265 570 2312; x_wconf 78' lang='lat' dir='ltr'>inobedire,</span> <span class='ocrx_word' id='word_1_301' title='bbox 599 2263 632 2300; x_wconf 70' lang='grc' dir='ltr'><strong>ἃ</strong></span> <span class='ocrx_word' id='word_1_302' title='bbox 664 2276 821 2315; x_wconf 85' lang='lat' dir='ltr'>peccare</span> <span class='ocrx_word' id='word_1_303' title='bbox 840 2291 848 2300; x_wconf 91' lang='lat'><strong><em>.</em></strong></span> <span class='ocrx_word' id='word_1_304' title='bbox 887 2263 1049 2315; x_wconf 77' lang='lat' dir='ltr'>Couseq.</span> <span class='ocrx_word' id='word_1_305' title='bbox 1079 2262 1264 2313; x_wconf 83' lang='lat' dir='ltr'>probatur</span> <span class='ocrx_word' id='word_1_306' title='bbox 1287 2292 1297 2310; x_wconf 93' lang='lat'>,</span> 
     </span>
     <span class='ocr_line' id='line_1_42' title="bbox 173 2315 1298 2371; baseline -0.003 -16"><span class='ocrx_word' id='word_1_307' title='bbox 173 2320 293 2371; x_wconf 84' lang='lat' dir='ltr'>quia,</span> <span class='ocrx_word' id='word_1_308' title='bbox 318 2328 363 2357; x_wconf 61' lang='lat' dir='ltr'>‘ut</span> <span class='ocrx_word' id='word_1_309' title='bbox 393 2331 598 2356; x_wconf 83' lang='lat' dir='ltr'>commune</span> <span class='ocrx_word' id='word_1_310' title='bbox 628 2318 698 2355; x_wconf 79' lang='lat' dir='ltr'>fert</span> <span class='ocrx_word' id='word_1_311' title='bbox 730 2316 975 2370; x_wconf 79' lang='lat' dir='ltr'>proloquium</span> <span class='ocrx_word' id='word_1_312' title='bbox 998 2346 1007 2364; x_wconf 89' lang='lat'>,</span> <span class='ocrx_word' id='word_1_313' title='bbox 1037 2317 1132 2353; x_wconf 82' lang='lat' dir='ltr'>sicut</span> <span class='ocrx_word' id='word_1_314' title='bbox 1163 2330 1200 2353; x_wconf 84' lang='lat' dir='ltr'>se</span> <span class='ocrx_word' id='word_1_315' title='bbox 1230 2315 1298 2353; x_wconf 78' lang='lat' dir='ltr'>lia-</span> 
     </span>
     <span class='ocr_line' id='line_1_43' title="bbox 173 2369 1271 2422; baseline -0.003 -12"><span class='ocrx_word' id='word_1_316' title='bbox 173 2372 238 2410; x_wconf 78' lang='lat' dir='ltr'>bet</span> <span class='ocrx_word' id='word_1_317' title='bbox 267 2381 369 2410; x_wconf 84' lang='lat' dir='ltr'>actus</span> <span class='ocrx_word' id='word_1_318' title='bbox 398 2371 444 2409; x_wconf 81' lang='lat' dir='ltr'>ad</span> <span class='ocrx_word' id='word_1_319' title='bbox 474 2379 628 2418; x_wconf 80' lang='lat' dir='ltr'>ac&#39;tun,</span> <span class='ocrx_word' id='word_1_320' title='bbox 663 2372 712 2409; x_wconf 84' lang='lat' dir='ltr'>ita</span> <span class='ocrx_word' id='word_1_321' title='bbox 742 2371 905 2422; x_wconf 81' lang='lat' dir='ltr'>potentia</span> <span class='ocrx_word' id='word_1_322' title='bbox 934 2369 981 2407; x_wconf 89' lang='lat' dir='ltr'>ad</span> <span class='ocrx_word' id='word_1_323' title='bbox 1011 2370 1243 2421; x_wconf 86' lang='lat' dir='ltr'>potentiam.</span> <span class='ocrx_word' id='word_1_324' title='bbox 1262 2398 1271 2407; x_wconf 54' lang='lat' dir='ltr'>t</span> 
     </span>
    </p>

    <p class='ocr_par' dir='ltr' id='par_1_6' title="bbox 173 2424 1305 3120">
     <span class='ocr_line' id='line_1_44' title="bbox 232 2424 1298 2477; baseline -0.003 -13"><span class='ocrx_word' id='word_1_325' title='bbox 232 2426 324 2471; x_wconf 69' lang='lat'>240.</span> <span class='ocrx_word' id='word_1_326' title='bbox 356 2424 468 2477; x_wconf 83' lang='lat' dir='ltr'>Resp.</span> <span class='ocrx_word' id='word_1_327' title='bbox 497 2426 582 2462; x_wconf 86' lang='lat' dir='ltr'>dist.</span> <span class='ocrx_word' id='word_1_328' title='bbox 613 2438 716 2462; x_wconf 85' lang='lat' dir='ltr'>cons.</span> <span class='ocrx_word' id='word_1_329' title='bbox 735 2454 745 2472; x_wconf 85' lang='lat'>,</span> <span class='ocrx_word' id='word_1_330' title='bbox 788 2425 819 2461; x_wconf 89' lang='lat' dir='ltr'>si</span> <span class='ocrx_word' id='word_1_331' title='bbox 848 2431 992 2475; x_wconf 85' lang='lat' dir='ltr'>poterat</span> <span class='ocrx_word' id='word_1_332' title='bbox 1023 2437 1095 2460; x_wconf 91' lang='lat' dir='ltr'>non</span> <span class='ocrx_word' id='word_1_333' title='bbox 1125 2430 1298 2474; x_wconf 81' lang='lat' dir='ltr'>accepta-</span> 
     </span>
     <span class='ocr_line' id='line_1_45' title="bbox 173 2477 1300 2528; baseline -0.004 -11"><span class='ocrx_word' id='word_1_334' title='bbox 173 2492 216 2517; x_wconf 75' lang='lat' dir='ltr'>re</span> <span class='ocrx_word' id='word_1_335' title='bbox 242 2488 407 2518; x_wconf 80' lang='lat' dir='ltr'>mortem</span> <span class='ocrx_word' id='word_1_336' title='bbox 439 2481 478 2516; x_wconf 91' lang='lat' dir='ltr'>in</span> <span class='ocrx_word' id='word_1_337' title='bbox 508 2491 626 2516; x_wconf 68' lang='lat' dir='ltr'>sensu</span> <span class='ocrx_word' id='word_1_338' title='bbox 655 2481 870 2528; x_wconf 76' lang='lat' dir='ltr'>composito</span> <span class='ocrx_word' id='word_1_339' title='bbox 900 2490 990 2514; x_wconf 87' lang='lat' dir='ltr'>cum</span> <span class='ocrx_word' id='word_1_340' title='bbox 1020 2477 1170 2514; x_wconf 88' lang='lat' dir='ltr'>decreto</span> <span class='ocrx_word' id='word_1_341' title='bbox 1191 2506 1202 2524; x_wconf 80' lang='lat'>,</span> <span class='ocrx_word' id='word_1_342' title='bbox 1234 2490 1300 2527; x_wconf 83' lang='lat' dir='ltr'>po-</span> 
     </span>
     <span class='ocr_line' id='line_1_46' title="bbox 174 2531 1301 2585; baseline -0.004 -14"><span class='ocrx_word' id='word_1_343' title='bbox 174 2541 268 2571; x_wconf 76' lang='lat' dir='ltr'>terat</span> <span class='ocrx_word' id='word_1_344' title='bbox 298 2533 492 2571; x_wconf 85' lang='lat' dir='ltr'>inobedire</span> <span class='ocrx_word' id='word_1_345' title='bbox 523 2532 651 2578; x_wconf 80' lang='lat' dir='ltr'>Patri,</span> <span class='ocrx_word' id='word_1_346' title='bbox 682 2531 904 2585; x_wconf 41' lang='grc' dir='ltr'>διε-ρεηοᾶτθ</span> <span class='ocrx_word' id='word_1_347' title='bbox 927 2561 936 2578; x_wconf 90' lang='lat'>,</span> <span class='ocrx_word' id='word_1_348' title='bbox 962 2543 1095 2576; x_wconf 56' lang='lat' dir='ltr'>conc„</span> <span class='ocrx_word' id='word_1_349' title='bbox 1137 2531 1166 2567; x_wconf 84' lang='lat' dir='ltr'>si</span> <span class='ocrx_word' id='word_1_350' title='bbox 1198 2540 1301 2581; x_wconf 72' lang='lat' dir='ltr'>pote-</span> 
     </span>
     <span class='ocr_line' id='line_1_47' title="bbox 174 2584 1296 2636; baseline -0.004 -11"><span class='ocrx_word' id='word_1_351' title='bbox 174 2597 232 2626; x_wconf 71' lang='lat' dir='ltr'>rat</span> <span class='ocrx_word' id='word_1_352' title='bbox 260 2596 407 2625; x_wconf 83' lang='lat' dir='ltr'>tantum</span> <span class='ocrx_word' id='word_1_353' title='bbox 432 2587 605 2626; x_wconf 48' lang='lat' dir='ltr'>{insensu</span> <span class='ocrx_word' id='word_1_354' title='bbox 627 2584 746 2622; x_wconf 62' lang='lat' dir='ltr'>diviso</span> <span class='ocrx_word' id='word_1_355' title='bbox 765 2615 774 2633; x_wconf 78' lang='lat'>,</span> <span class='ocrx_word' id='word_1_356' title='bbox 807 2597 898 2636; x_wconf 82' lang='lat' dir='ltr'>nego</span> <span class='ocrx_word' id='word_1_357' title='bbox 911 2610 926 2622; x_wconf 87' lang='lat'>-.</span> <span class='ocrx_word' id='word_1_358' title='bbox 958 2584 1296 2630; x_wconf 78' lang='lat' dir='ltr'>Quemadmodum</span> 
     </span>
     <span class='ocr_line' id='line_1_48' title="bbox 176 2638 1301 2691; baseline -0.004 -13"><span class='ocrx_word' id='word_1_359' title='bbox 176 2641 419 2691; x_wconf 72' lang='lat' dir='ltr'>praescientia</span> <span class='ocrx_word' id='word_1_360' title='bbox 448 2640 521 2678; x_wconf 80' lang='lat' dir='ltr'>Dei</span> <span class='ocrx_word' id='word_1_361' title='bbox 566 2652 639 2677; x_wconf 86' lang='lat' dir='ltr'>non</span> <span class='ocrx_word' id='word_1_362' title='bbox 668 2638 765 2677; x_wconf 85' lang='lat' dir='ltr'>tollit</span> <span class='ocrx_word' id='word_1_363' title='bbox 803 2652 933 2676; x_wconf 88' lang='lat' dir='ltr'>rerum</span> <span class='ocrx_word' id='word_1_364' title='bbox 975 2638 1271 2689; x_wconf 75' lang='lat' dir='ltr'>contingentiam</span> <span class='ocrx_word' id='word_1_365' title='bbox 1286 2649 1301 2685; x_wconf 72' lang='lat'>.‘,</span> 
     </span>
     <span class='ocr_line' id='line_1_49' title="bbox 179 2691 1302 2740; baseline -0.004 -9"><span class='ocrx_word' id='word_1_366' title='bbox 179 2703 241 2732; x_wconf 84' lang='lat' dir='ltr'>aut</span> <span class='ocrx_word' id='word_1_367' title='bbox 270 2694 482 2732; x_wconf 75' lang='lat' dir='ltr'>humanam</span> <span class='ocrx_word' id='word_1_368' title='bbox 515 2693 728 2731; x_wconf 82' lang='lat' dir='ltr'>libertatem</span> <span class='ocrx_word' id='word_1_369' title='bbox 748 2722 758 2740; x_wconf 86' lang='lat'>,</span> <span class='ocrx_word' id='word_1_370' title='bbox 783 2702 827 2729; x_wconf 74' lang='lat' dir='ltr'>ut</span> <span class='ocrx_word' id='word_1_371' title='bbox 856 2701 1047 2729; x_wconf 76' lang='lat' dir='ltr'>ostensum</span> <span class='ocrx_word' id='word_1_372' title='bbox 1079 2691 1152 2729; x_wconf 82' lang='lat' dir='ltr'>fuit</span> <span class='ocrx_word' id='word_1_373' title='bbox 1183 2692 1222 2728; x_wconf 88' lang='lat' dir='ltr'>in</span> <span class='ocrx_word' id='word_1_374' title='bbox 1253 2691 1302 2728; x_wconf 86' lang='lat' dir='ltr'>ll.</span> 
     </span>
     <span class='ocr_line' id='line_1_50' title="bbox 180 2745 1302 2799; baseline -0.003 -15"><span class='ocrx_word' id='word_1_375' title='bbox 180 2747 293 2786; x_wconf 89' lang='lat' dir='ltr'>Tom.</span> <span class='ocrx_word' id='word_1_376' title='bbox 323 2748 416 2799; x_wconf 85' lang='lat' dir='ltr'>quia</span> <span class='ocrx_word' id='word_1_377' title='bbox 446 2760 501 2784; x_wconf 83' lang='lat' dir='ltr'>res</span> <span class='ocrx_word' id='word_1_378' title='bbox 531 2761 553 2785; x_wconf 84' lang='lat' dir='ltr'>a</span> <span class='ocrx_word' id='word_1_379' title='bbox 583 2745 666 2782; x_wconf 67' lang='lat' dir='ltr'>Deo</span> <span class='ocrx_word' id='word_1_380' title='bbox 696 2747 883 2798; x_wconf 81' lang='lat' dir='ltr'>praescitae</span> <span class='ocrx_word' id='word_1_381' title='bbox 915 2753 1070 2797; x_wconf 65' lang='lat' dir='ltr'>possunt</span> <span class='ocrx_word' id='word_1_382' title='bbox 1112 2757 1184 2783; x_wconf 90' lang='lat' dir='ltr'>non</span> <span class='ocrx_word' id='word_1_383' title='bbox 1216 2759 1302 2782; x_wconf 89' lang='lat' dir='ltr'>eve-</span> 
     </span>
     <span class='ocr_line' id='line_1_51' title="bbox 183 2799 1302 2852; baseline -0.003 -15"><span class='ocrx_word' id='word_1_384' title='bbox 183 2802 264 2838; x_wconf 83' lang='lat' dir='ltr'>nire</span> <span class='ocrx_word' id='word_1_385' title='bbox 293 2802 332 2838; x_wconf 87' lang='lat' dir='ltr'>in</span> <span class='ocrx_word' id='word_1_386' title='bbox 363 2813 482 2838; x_wconf 73' lang='lat' dir='ltr'>sensu</span> <span class='ocrx_word' id='word_1_387' title='bbox 512 2799 631 2838; x_wconf 58' lang='lat' dir='ltr'>diviso</span> <span class='ocrx_word' id='word_1_388' title='bbox 653 2830 663 2848; x_wconf 80' lang='lat'>‚</span> <span class='ocrx_word' id='word_1_389' title='bbox 698 2813 945 2852; x_wconf 60' lang='lat' dir='ltr'>&gt;quamquam</span> <span class='ocrx_word' id='word_1_390' title='bbox 976 2812 1052 2835; x_wconf 90' lang='lat' dir='ltr'>non</span> <span class='ocrx_word' id='word_1_391' title='bbox 1092 2799 1234 2850; x_wconf 82' lang='lat' dir='ltr'>possint</span> <span class='ocrx_word' id='word_1_392' title='bbox 1263 2799 1302 2835; x_wconf 86' lang='lat' dir='ltr'>in</span> 
     </span>
     <span class='ocr_line' id='line_1_52' title="bbox 187 2852 1305 2910; baseline -0.001 -21"><span class='ocrx_word' id='word_1_393' title='bbox 187 2866 300 2891; x_wconf 73' lang='lat' dir='ltr'>sensu</span> <span class='ocrx_word' id='word_1_394' title='bbox 330 2858 573 2910; x_wconf 68' lang='lat' dir='ltr'>composi105</span> <span class='ocrx_word' id='word_1_395' title='bbox 604 2855 655 2891; x_wconf 77' lang='lat' dir='ltr'>ita</span> <span class='ocrx_word' id='word_1_396' title='bbox 686 2852 773 2891; x_wconf 82' lang='lat' dir='ltr'>&amp;in</span> <span class='ocrx_word' id='word_1_397' title='bbox 800 2867 891 2891; x_wconf 83' lang='lat' dir='ltr'>casu</span> <span class='ocrx_word' id='word_1_398' title='bbox 922 2854 1130 2904; x_wconf 76' lang='lat' dir='ltr'>praesenti,</span> <span class='ocrx_word' id='word_1_399' title='bbox 1152 2853 1305 2904; x_wconf 88' lang='lat' dir='ltr'>optime</span> 
     </span>
     <span class='ocr_line' id='line_1_53' title="bbox 186 2905 1304 2958; baseline -0.002 -15"><span class='ocrx_word' id='word_1_400' title='bbox 186 2905 350 2945; x_wconf 82' lang='lat' dir='ltr'>salvatur</span> <span class='ocrx_word' id='word_1_401' title='bbox 378 2908 464 2946; x_wconf 81' lang='lat' dir='ltr'>Jesu</span> <span class='ocrx_word' id='word_1_402' title='bbox 493 2907 633 2945; x_wconf 83' lang='lat' dir='ltr'>Christi</span> <span class='ocrx_word' id='word_1_403' title='bbox 665 2905 843 2955; x_wconf 68' lang='lat' dir='ltr'>libertas,</span> <span class='ocrx_word' id='word_1_404' title='bbox 887 2907 979 2958; x_wconf 83' lang='lat' dir='ltr'>quia</span> <span class='ocrx_word' id='word_1_405' title='bbox 1025 2913 1167 2957; x_wconf 83' lang='lat' dir='ltr'>poterat</span> <span class='ocrx_word' id='word_1_406' title='bbox 1197 2905 1304 2943; x_wconf 86' lang='lat' dir='ltr'>abso-</span> 
     </span>
     <span class='ocr_line' id='line_1_54' title="bbox 186 2957 1304 3011; baseline 0.001 -16"><span class='ocrx_word' id='word_1_407' title='bbox 186 2957 292 3006; x_wconf 84' lang='lat' dir='ltr'>lute,</span> <span class='ocrx_word' id='word_1_408' title='bbox 312 2960 355 2995; x_wconf 66' lang='grc'>·8(</span> <span class='ocrx_word' id='word_1_409' title='bbox 384 2963 423 2999; x_wconf 81' lang='lat' dir='ltr'>in</span> <span class='ocrx_word' id='word_1_410' title='bbox 454 2975 571 2999; x_wconf 78' lang='lat' dir='ltr'>sensu</span> <span class='ocrx_word' id='word_1_411' title='bbox 601 2961 720 2998; x_wconf 69' lang='lat' dir='ltr'>diviso</span> <span class='ocrx_word' id='word_1_412' title='bbox 749 2960 850 2998; x_wconf 88' lang='lat' dir='ltr'>nolle</span> <span class='ocrx_word' id='word_1_413' title='bbox 882 2970 1065 2998; x_wconf 78' lang='lat' dir='ltr'>mortem:</span> <span class='ocrx_word' id='word_1_414' title='bbox 1095 2973 1214 3011; x_wconf 84' lang='lat' dir='ltr'>quam</span> <span class='ocrx_word' id='word_1_415' title='bbox 1246 2959 1304 2997; x_wconf 88' lang='lat' dir='ltr'>in-</span> 
     </span>
     <span class='ocr_line' id='line_1_55' title="bbox 187 3012 1305 3066; baseline 0.002 -18"><span class='ocrx_word' id='word_1_416' title='bbox 187 3012 388 3050; x_wconf 71' lang='lat' dir='ltr'>trinsecam</span> <span class='ocrx_word' id='word_1_417' title='bbox 416 3015 556 3053; x_wconf 76' lang='lat' dir='ltr'>Christi</span> <span class='ocrx_word' id='word_1_418' title='bbox 603 3015 808 3066; x_wconf 73' lang='lat' dir='ltr'>potentiam</span> <span class='ocrx_word' id='word_1_419' title='bbox 840 3027 914 3051; x_wconf 86' lang='lat' dir='ltr'>non</span> <span class='ocrx_word' id='word_1_420' title='bbox 959 3013 1118 3050; x_wconf 86' lang='lat' dir='ltr'>destruit</span> <span class='ocrx_word' id='word_1_421' title='bbox 1154 3026 1305 3064; x_wconf 61' lang='lat' dir='ltr'>‘praece-</span> 
     </span>
     <span class='ocr_line' id='line_1_56' title="bbox 188 3064 1088 3120; baseline 0 -18"><span class='ocrx_word' id='word_1_422' title='bbox 188 3074 300 3117; x_wconf 81' lang='lat' dir='ltr'>ptum</span> <span class='ocrx_word' id='word_1_423' title='bbox 329 3064 445 3104; x_wconf 71' lang='lat' dir='ltr'>Patris</span> <span class='ocrx_word' id='word_1_424' title='bbox 473 3069 744 3120; x_wconf 76' lang='lat' dir='ltr'>superveniens</span> <span class='ocrx_word' id='word_1_425' title='bbox 775 3067 823 3106; x_wconf 80' lang='lat' dir='ltr'>ab</span> <span class='ocrx_word' id='word_1_426' title='bbox 854 3069 1088 3105; x_wconf 85' lang='lat' dir='ltr'>extrinseco.</span> 
     </span>
    </p>

    <p class='ocr_par' dir='ltr' id='par_1_7' title="bbox 195 3118 1311 3387">
     <span class='ocr_line' id='line_1_57' title="bbox 247 3118 1308 3173; baseline -0.002 -15"><span class='ocrx_word' id='word_1_427' title='bbox 247 3119 338 3164; x_wconf 68' lang='lat'>241.</span> <span class='ocrx_word' id='word_1_428' title='bbox 370 3118 562 3170; x_wconf 84' lang='lat' dir='ltr'>Ulterius,</span> <span class='ocrx_word' id='word_1_429' title='bbox 600 3132 639 3159; x_wconf 88' lang='lat' dir='ltr'>ut</span> <span class='ocrx_word' id='word_1_430' title='bbox 669 3135 782 3173; x_wconf 83' lang='lat' dir='ltr'>snpra</span> <span class='ocrx_word' id='word_1_431' title='bbox 825 3121 1038 3158; x_wconf 83' lang='lat' dir='ltr'>notavimus</span> <span class='ocrx_word' id='word_1_432' title='bbox 1068 3134 1107 3157; x_wconf 84' lang='lat' dir='ltr'>n.</span> <span class='ocrx_word' id='word_1_433' title='bbox 1140 3119 1230 3157; x_wconf 81' lang='grc'><strong>252.</strong></span> <span class='ocrx_word' id='word_1_434' title='bbox 1263 3131 1308 3156; x_wconf 84' lang='lat' dir='ltr'>ex</span> 
     </span>
     <span class='ocr_line' id='line_1_58' title="bbox 195 3172 1309 3226; baseline -0.001 -15"><span class='ocrx_word' id='word_1_435' title='bbox 195 3185 272 3226; x_wconf 83' lang='lat' dir='ltr'>quo</span> <span class='ocrx_word' id='word_1_436' title='bbox 308 3172 480 3219; x_wconf 65' lang='lat' dir='ltr'>dicatur,</span> <span class='ocrx_word' id='word_1_437' title='bbox 521 3174 908 3224; x_wconf 67' lang='lat' dir='ltr'>potuisse&#39;Christum</span> <span class='ocrx_word' id='word_1_438' title='bbox 948 3186 1024 3211; x_wconf 88' lang='lat' dir='ltr'>nou</span> <span class='ocrx_word' id='word_1_439' title='bbox 1066 3174 1190 3220; x_wconf 70' lang='lat' dir='ltr'>mori,</span> <span class='ocrx_word' id='word_1_440' title='bbox 1235 3186 1309 3210; x_wconf 87' lang='lat' dir='ltr'>non</span> 
     </span>
     <span class='ocr_line' id='line_1_59' title="bbox 195 3225 1311 3278; baseline -0.003 -13"><span class='ocrx_word' id='word_1_441' title='bbox 195 3226 364 3278; x_wconf 81' lang='lat' dir='ltr'>sequitur</span> <span class='ocrx_word' id='word_1_442' title='bbox 380 3254 390 3273; x_wconf 82' lang='lat'>,</span> <span class='ocrx_word' id='word_1_443' title='bbox 422 3226 534 3262; x_wconf 83' lang='lat' dir='ltr'>etiam</span> <span class='ocrx_word' id='word_1_444' title='bbox 567 3230 726 3276; x_wconf 86' lang='lat' dir='ltr'>potuisse</span> <span class='ocrx_word' id='word_1_445' title='bbox 741 3227 841 3266; x_wconf 87' lang='lat' dir='ltr'>Patri</span> <span class='ocrx_word' id='word_1_446' title='bbox 860 3240 935 3266; x_wconf 82' lang='lat' dir='ltr'>non</span> <span class='ocrx_word' id='word_1_447' title='bbox 955 3227 1111 3264; x_wconf 86' lang='lat' dir='ltr'>obedire</span> <span class='ocrx_word' id='word_1_448' title='bbox 1130 3257 1141 3274; x_wconf 90' lang='lat'>,</span> <span class='ocrx_word' id='word_1_449' title='bbox 1172 3225 1205 3262; x_wconf 72' lang='lat'>8&lt;</span> <span class='ocrx_word' id='word_1_450' title='bbox 1223 3240 1311 3277; x_wconf 84' lang='lat' dir='ltr'>pec-</span> 
     </span>
     <span class='ocr_line' id='line_1_60' title="bbox 196 3278 1310 3333; baseline -0.001 -16"><span class='ocrx_word' id='word_1_451' title='bbox 196 3291 307 3317; x_wconf 82' lang='lat' dir='ltr'>care:</span> <span class='ocrx_word' id='word_1_452' title='bbox 350 3292 439 3315; x_wconf 90' lang='lat' dir='ltr'>nam</span> <span class='ocrx_word' id='word_1_453' title='bbox 470 3278 507 3314; x_wconf 91' lang='lat' dir='ltr'>in</span> <span class='ocrx_word' id='word_1_454' title='bbox 537 3281 661 3328; x_wconf 83' lang='lat' dir='ltr'>prima</span> <span class='ocrx_word' id='word_1_455' title='bbox 693 3283 945 3333; x_wconf 76' lang='lat' dir='ltr'>propositione</span> <span class='ocrx_word' id='word_1_456' title='bbox 966 3280 1015 3318; x_wconf 88' lang='lat' dir='ltr'>-fit</span> <span class='ocrx_word' id='word_1_457' title='bbox 1045 3294 1172 3318; x_wconf 85' lang='lat' dir='ltr'>sensus</span> <span class='ocrx_word' id='word_1_458' title='bbox 1210 3280 1310 3317; x_wconf 90' lang='lat' dir='ltr'>divi-</span> 
     </span>
     <span class='ocr_line' id='line_1_61' title="bbox 197 3330 1311 3387; baseline 0.002 -15"><span class='ocrx_word' id='word_1_459' title='bbox 197 3347 289 3382; x_wconf 67' lang='lat' dir='ltr'>sus,</span> <span class='ocrx_word' id='word_1_460' title='bbox 326 3331 368 3368; x_wconf 66' lang='grc' dir='ltr'>ἃ</span> <span class='ocrx_word' id='word_1_461' title='bbox 396 3330 550 3384; x_wconf 78' lang='lat' dir='ltr'>quando</span> <span class='ocrx_word' id='word_1_462' title='bbox 586 3330 757 3374; x_wconf 77' lang='lat' dir='ltr'>Christus</span> <span class='ocrx_word' id='word_1_463' title='bbox 797 3335 962 3387; x_wconf 81' lang='lat' dir='ltr'>pendeus</span> <span class='ocrx_word' id='word_1_464' title='bbox 992 3335 1032 3372; x_wconf 88' lang='lat' dir='ltr'>in</span> <span class='ocrx_word' id='word_1_465' title='bbox 1062 3347 1182 3373; x_wconf 74' lang='lat' dir='ltr'>eruce</span> <span class='ocrx_word' id='word_1_466' title='bbox 1224 3341 1311 3374; x_wconf 80' lang='lat' dir='ltr'>actu</span> 
     </span>
    </p>
   </div>
   <div class='ocr_carea' id='block_1_2' title="bbox 690 103 1939 150">
    <p class='ocr_par' dir='ltr' id='par_1_8' title="bbox 690 103 1939 150">
     <span class='ocr_line' id='line_1_62' title="bbox 690 103 1939 150; baseline -0.002 0"><span class='ocrx_word' id='word_1_467' title='bbox 690 108 771 150; x_wconf 82' lang='lat' dir='ltr'>DE</span> <span class='ocrx_word' id='word_1_468' title='bbox 805 105 1055 149; x_wconf 77' lang='lat' dir='ltr'><strong>INCARN.</strong></span> <span class='ocrx_word' id='word_1_469' title='bbox 1089 104 1258 147; x_wconf 82' lang='lat' dir='ltr'>SECT.</span> <span class='ocrx_word' id='word_1_470' title='bbox 1289 105 1349 146; x_wconf 86' lang='grc' dir='ltr'>ΙΙ.</span> <span class='ocrx_word' id='word_1_471' title='bbox 1394 103 1538 145; x_wconf 88' lang='lat' dir='ltr'><strong>DISS.</strong></span> <span class='ocrx_word' id='word_1_472' title='bbox 1573 104 1653 146; x_wconf 81' lang='lat' dir='ltr'>lv.</span> <span class='ocrx_word' id='word_1_473' title='bbox 1700 105 1828 147; x_wconf 87' lang='lat' dir='ltr'>CAP.</span> <span class='ocrx_word' id='word_1_474' title='bbox 1862 104 1939 150; x_wconf 91' lang='lat' dir='ltr'>VI.</span> 
     </span>
    </p>
   </div>
   <div class='ocr_carea' id='block_1_3' title="bbox 1343 180 2514 2152">
    <p class='ocr_par' dir='ltr' id='par_1_9' title="bbox 1343 180 2466 654">
     <span class='ocr_line' id='line_1_63' title="bbox 1353 180 2462 234; baseline 0.008 -19"><span class='ocrx_word' id='word_1_475' title='bbox 1353 192 1420 218; x_wconf 88' lang='lat' dir='ltr'>suo</span> <span class='ocrx_word' id='word_1_476' title='bbox 1458 189 1596 216; x_wconf 82' lang='lat' dir='ltr'>aeterno</span> <span class='ocrx_word' id='word_1_477' title='bbox 1625 180 1727 217; x_wconf 81' lang='lat' dir='ltr'>Patri</span> <span class='ocrx_word' id='word_1_478' title='bbox 1755 182 1984 230; x_wconf 80' lang='lat' dir='ltr'>obediebat,</span> <span class='ocrx_word' id='word_1_479' title='bbox 2025 182 2211 221; x_wconf 80' lang='lat' dir='ltr'>retinebat</span> <span class='ocrx_word' id='word_1_480' title='bbox 2253 184 2462 234; x_wconf 73' lang='lat' dir='ltr'>potentiam</span> 
     </span>
     <span class='ocr_line' id='line_1_64' title="bbox 1351 233 2466 290; baseline 0.005 -20"><span class='ocrx_word' id='word_1_481' title='bbox 1351 234 1398 270; x_wconf 81' lang='lat' dir='ltr'>ad</span> <span class='ocrx_word' id='word_1_482' title='bbox 1427 246 1503 270; x_wconf 91' lang='lat' dir='ltr'>non</span> <span class='ocrx_word' id='word_1_483' title='bbox 1534 233 1774 270; x_wconf 80' lang='lat' dir='ltr'>moriendum</span> <span class='ocrx_word' id='word_1_484' title='bbox 1804 234 1994 282; x_wconf 81' lang='lat' dir='ltr'>absolute,</span> <span class='ocrx_word' id='word_1_485' title='bbox 2022 249 2146 290; x_wconf 83' lang='lat' dir='ltr'>neque</span> <span class='ocrx_word' id='word_1_486' title='bbox 2166 238 2267 274; x_wconf 81' lang='lat' dir='ltr'>enini</span> <span class='ocrx_word' id='word_1_487' title='bbox 2298 245 2466 289; x_wconf 76' lang='lat' dir='ltr'>pugnant</span> 
     </span>
     <span class='ocr_line' id='line_1_65' title="bbox 1349 286 2463 342; baseline 0.005 -19"><span class='ocrx_word' id='word_1_488' title='bbox 1349 286 1435 324; x_wconf 76' lang='lat' dir='ltr'>ltaec</span> <span class='ocrx_word' id='word_1_489' title='bbox 1464 286 1561 322; x_wconf 85' lang='lat' dir='ltr'>duo:</span> <span class='ocrx_word' id='word_1_490' title='bbox 1591 286 1762 323; x_wconf 82' lang='lat' dir='ltr'>Christus</span> <span class='ocrx_word' id='word_1_491' title='bbox 1792 286 1872 323; x_wconf 79' lang='lat' dir='ltr'>vult</span> <span class='ocrx_word' id='word_1_492' title='bbox 1902 288 2026 336; x_wconf 85' lang='lat' dir='ltr'>mori,</span> <span class='ocrx_word' id='word_1_493' title='bbox 2055 289 2090 326; x_wconf 84' lang='lat'>&amp;</span> <span class='ocrx_word' id='word_1_494' title='bbox 2118 290 2231 329; x_wconf 85' lang='lat' dir='ltr'>simul</span> <span class='ocrx_word' id='word_1_495' title='bbox 2262 300 2379 342; x_wconf 79' lang='lat' dir='ltr'>potest</span> <span class='ocrx_word' id='word_1_496' title='bbox 2395 290 2463 329; x_wconf 79' lang='lat' dir='ltr'>ab·</span> 
     </span>
     <span class='ocr_line' id='line_1_66' title="bbox 1350 339 2465 395; baseline 0.006 -20"><span class='ocrx_word' id='word_1_497' title='bbox 1350 339 1473 377; x_wconf 82' lang='lat' dir='ltr'>solute</span> <span class='ocrx_word' id='word_1_498' title='bbox 1503 352 1579 377; x_wconf 82' lang='lat' dir='ltr'>non</span> <span class='ocrx_word' id='word_1_499' title='bbox 1611 340 1708 377; x_wconf 81' lang='lat' dir='ltr'>mori</span> <span class='ocrx_word' id='word_1_500' title='bbox 1729 368 1740 386; x_wconf 89' lang='lat'><strong>‚</strong></span> <span class='ocrx_word' id='word_1_501' title='bbox 1778 351 1867 376; x_wconf 88' lang='lat' dir='ltr'>cum</span> <span class='ocrx_word' id='word_1_502' title='bbox 1899 340 2011 377; x_wconf 80' lang='lat' dir='ltr'>etiam</span> <span class='ocrx_word' id='word_1_503' title='bbox 2041 343 2081 379; x_wconf 89' lang='lat' dir='ltr'>in</span> <span class='ocrx_word' id='word_1_504' title='bbox 2109 343 2218 382; x_wconf 87' lang='lat' dir='ltr'>nobis</span> <span class='ocrx_word' id='word_1_505' title='bbox 2246 345 2384 395; x_wconf 72' lang='lat' dir='ltr'>possint</span> <span class='ocrx_word' id='word_1_506' title='bbox 2412 345 2465 382; x_wconf 83' lang='lat' dir='ltr'>si-</span> 
     </span>
     <span class='ocr_line' id='line_1_67' title="bbox 1347 391 2464 448; baseline 0.004 -18"><span class='ocrx_word' id='word_1_507' title='bbox 1347 393 1431 431; x_wconf 83' lang='lat' dir='ltr'>mul</span> <span class='ocrx_word' id='word_1_508' title='bbox 1462 406 1538 430; x_wconf 85' lang='lat' dir='ltr'>esse</span> <span class='ocrx_word' id='word_1_509' title='bbox 1567 400 1671 429; x_wconf 80' lang='lat' dir='ltr'>actus</span> <span class='ocrx_word' id='word_1_510' title='bbox 1700 391 1777 429; x_wconf 81' lang='lat' dir='ltr'>odii</span> <span class='ocrx_word' id='word_1_511' title='bbox 1809 392 1975 444; x_wconf 81' lang='lat' dir='ltr'>exempl.</span> <span class='ocrx_word' id='word_1_512' title='bbox 2004 401 2099 444; x_wconf 81' lang='lat' dir='ltr'>grat.</span> <span class='ocrx_word' id='word_1_513' title='bbox 2119 408 2205 434; x_wconf 84' lang='lat' dir='ltr'>cum</span> <span class='ocrx_word' id='word_1_514' title='bbox 2224 398 2387 448; x_wconf 80' lang='lat' dir='ltr'>potentia</span> <span class='ocrx_word' id='word_1_515' title='bbox 2415 398 2464 436; x_wconf 84' lang='lat' dir='ltr'>ad</span> 
     </span>
     <span class='ocr_line' id='line_1_68' title="bbox 1348 445 2463 500; baseline 0.002 -16"><span class='ocrx_word' id='word_1_516' title='bbox 1348 459 1518 485; x_wconf 77' lang='lat' dir='ltr'>amorem</span> <span class='ocrx_word' id='word_1_517' title='bbox 1537 473 1547 484; x_wconf 86' lang='lat'><strong>.</strong></span> <span class='ocrx_word' id='word_1_518' title='bbox 1577 445 1651 483; x_wconf 82' lang='lat' dir='ltr'>Sed</span> <span class='ocrx_word' id='word_1_519' title='bbox 1679 445 1850 483; x_wconf 73' lang='lat' dir='ltr'>Christus</span> <span class='ocrx_word' id='word_1_520' title='bbox 1866 459 2077 498; x_wconf 81' lang='lat' dir='ltr'>numquam</span> <span class='ocrx_word' id='word_1_521' title='bbox 2093 445 2226 486; x_wconf 86' lang='lat' dir='ltr'>habuit</span> <span class='ocrx_word' id='word_1_522' title='bbox 2256 452 2463 500; x_wconf 82' lang='lat' dir='ltr'>potentiam</span> 
     </span>
     <span class='ocr_line' id='line_1_69' title="bbox 1349 497 2465 551; baseline 0.004 -14"><span class='ocrx_word' id='word_1_523' title='bbox 1349 512 1421 538; x_wconf 84' lang='lat' dir='ltr'>non</span> <span class='ocrx_word' id='word_1_524' title='bbox 1451 499 1652 537; x_wconf 80' lang='lat' dir='ltr'>obediendi</span> <span class='ocrx_word' id='word_1_525' title='bbox 1684 512 1751 535; x_wconf 85' lang='lat' dir='ltr'>suo</span> <span class='ocrx_word' id='word_1_526' title='bbox 1771 497 1898 547; x_wconf 82' lang='lat' dir='ltr'>Patri,</span> <span class='ocrx_word' id='word_1_527' title='bbox 1931 499 1963 534; x_wconf 76' lang='lat' dir='ltr'>8c</span> <span class='ocrx_word' id='word_1_528' title='bbox 1985 499 2194 551; x_wconf 82' lang='lat' dir='ltr'>peccandi,</span> <span class='ocrx_word' id='word_1_529' title='bbox 2222 503 2317 540; x_wconf 87' lang='lat' dir='ltr'>sicut</span> <span class='ocrx_word' id='word_1_530' title='bbox 2340 505 2377 541; x_wconf 92' lang='lat' dir='ltr'>in</span> <span class='ocrx_word' id='word_1_531' title='bbox 2399 516 2465 540; x_wconf 87' lang='lat' dir='ltr'>no·</span> 
     </span>
     <span class='ocr_line' id='line_1_70' title="bbox 1347 550 2465 604; baseline 0.004 -13"><span class='ocrx_word' id='word_1_532' title='bbox 1347 553 1407 591; x_wconf 86' lang='lat' dir='ltr'>bis</span> <span class='ocrx_word' id='word_1_533' title='bbox 1437 553 1545 591; x_wconf 76' lang='lat' dir='ltr'>nulla</span> <span class='ocrx_word' id='word_1_534' title='bbox 1574 561 1625 590; x_wconf 87' lang='lat' dir='ltr'>est</span> <span class='ocrx_word' id='word_1_535' title='bbox 1654 553 1823 604; x_wconf 78' lang='lat' dir='ltr'>potentia</span> <span class='ocrx_word' id='word_1_536' title='bbox 1850 550 1967 590; x_wconf 86' lang='lat' dir='ltr'>simul</span> <span class='ocrx_word' id='word_1_537' title='bbox 2008 551 2264 603; x_wconf 71' lang='lat' dir='ltr'>conjungendi</span> <span class='ocrx_word' id='word_1_538' title='bbox 2306 555 2396 594; x_wconf 84' lang='lat' dir='ltr'>duos</span> <span class='ocrx_word' id='word_1_539' title='bbox 2425 571 2465 594; x_wconf 80' lang='lat' dir='ltr'>a-</span> 
     </span>
     <span class='ocr_line' id='line_1_71' title="bbox 1343 605 2061 654; baseline -0.001 -10"><span class='ocrx_word' id='word_1_540' title='bbox 1343 614 1426 644; x_wconf 88' lang='lat' dir='ltr'>ctus</span> <span class='ocrx_word' id='word_1_541' title='bbox 1455 607 1661 645; x_wconf 76' lang='lat' dir='ltr'>contrarios</span> <span class='ocrx_word' id='word_1_542' title='bbox 1690 606 1795 654; x_wconf 79' lang='lat' dir='ltr'>odii,</span> <span class='ocrx_word' id='word_1_543' title='bbox 1826 605 1859 641; x_wconf 73' lang='grc' dir='ltr'>ἃ</span> <span class='ocrx_word' id='word_1_544' title='bbox 1891 605 2032 643; x_wconf 85' lang='lat' dir='ltr'>amoris</span> <span class='ocrx_word' id='word_1_545' title='bbox 2050 630 2061 643; x_wconf 87' lang='grc'><strong>.</strong></span> 
     </span>
    </p>

    <p class='ocr_par' dir='ltr' id='par_1_10' title="bbox 1345 657 2514 1834">
     <span class='ocr_line' id='line_1_72' title="bbox 1402 657 2464 711; baseline 0.003 -15"><span class='ocrx_word' id='word_1_546' title='bbox 1402 659 1491 698; x_wconf 79' lang='grc'><strong>252.</strong></span> <span class='ocrx_word' id='word_1_547' title='bbox 1520 660 1735 698; x_wconf 86' lang='lat' dir='ltr'>Commune</span> <span class='ocrx_word' id='word_1_548' title='bbox 1764 668 1891 696; x_wconf 84' lang='lat' dir='ltr'>autem</span> <span class='ocrx_word' id='word_1_549' title='bbox 1923 658 2019 697; x_wconf 84' lang='lat' dir='ltr'>illud</span> <span class='ocrx_word' id='word_1_550' title='bbox 2061 657 2340 711; x_wconf 81' lang='lat' dir='ltr'>proloquium:</span> <span class='ocrx_word' id='word_1_551' title='bbox 2381 660 2464 699; x_wconf 72' lang='lat' dir='ltr'>Ste-</span> 
     </span>
     <span class='ocr_line' id='line_1_73' title="bbox 1345 712 2438 762; baseline 0.003 -14"><span class='ocrx_word' id='word_1_552' title='bbox 1345 721 1386 748; x_wconf 72' lang='lat' dir='ltr'>ut</span> <span class='ocrx_word' id='word_1_553' title='bbox 1429 726 1469 750; x_wconf 83' lang='lat' dir='ltr'>se</span> <span class='ocrx_word' id='word_1_554' title='bbox 1507 712 1624 751; x_wconf 69' lang='lat' dir='ltr'>habet:</span> <span class='ocrx_word' id='word_1_555' title='bbox 1663 723 1775 751; x_wconf 77' lang='lat' dir='ltr'>actus</span> <span class='ocrx_word' id='word_1_556' title='bbox 1805 712 1860 750; x_wconf 75' lang='lat' dir='ltr'>ad</span> <span class='ocrx_word' id='word_1_557' title='bbox 1902 721 2068 760; x_wconf 72' lang='lat' dir='ltr'>actum,</span> <span class='ocrx_word' id='word_1_558' title='bbox 2116 716 2175 749; x_wconf 68' lang='lat' dir='ltr'>ica</span> <span class='ocrx_word' id='word_1_559' title='bbox 2203 716 2382 762; x_wconf 78' lang='lat' dir='ltr'>potentia</span> <span class='ocrx_word' id='word_1_560' title='bbox 2411 728 2438 751; x_wconf 87' lang='lat' dir='ltr'>a</span> 
     </span>
     <span class='ocr_line' id='line_1_74' title="bbox 1346 713 2468 816; baseline 0.002 -15"><span class='ocrx_word' id='word_1_561' title='bbox 1346 769 1596 816; x_wconf 78' lang='lat' dir='ltr'>potentiam,</span> <span class='ocrx_word' id='word_1_562' title='bbox 1640 780 1773 805; x_wconf 77' lang='lat' dir='ltr'>verunt</span> <span class='ocrx_word' id='word_1_563' title='bbox 1804 776 1882 814; x_wconf 84' lang='lat' dir='ltr'>est,</span> <span class='ocrx_word' id='word_1_564' title='bbox 1925 765 2133 804; x_wconf 81' lang='lat' dir='ltr'>dummodo</span> <span class='ocrx_word' id='word_1_565' title='bbox 2175 779 2253 803; x_wconf 86' lang='lat' dir='ltr'>nou</span> <span class='ocrx_word' id='word_1_566' title='bbox 2299 713 2468 811; x_wconf 54' lang='lat' dir='ltr'>variettii</span> 
     </span>
     <span class='ocr_line' id='line_1_75' title="bbox 1346 816 2467 867; baseline 0.002 -11"><span class='ocrx_word' id='word_1_567' title='bbox 1346 832 1473 856; x_wconf 88' lang='lat' dir='ltr'>sensus</span> <span class='ocrx_word' id='word_1_568' title='bbox 1494 849 1505 867; x_wconf 78' lang='lat'>,</span> <span class='ocrx_word' id='word_1_569' title='bbox 1536 818 1652 858; x_wconf 87' lang='lat' dir='ltr'>uthic</span> <span class='ocrx_word' id='word_1_570' title='bbox 1681 830 1780 859; x_wconf 87' lang='lat' dir='ltr'>certe</span> <span class='ocrx_word' id='word_1_571' title='bbox 1812 821 2002 859; x_wconf 81' lang='lat' dir='ltr'>variatur:</span> <span class='ocrx_word' id='word_1_572' title='bbox 2033 833 2124 857; x_wconf 86' lang='lat' dir='ltr'>nam</span> <span class='ocrx_word' id='word_1_573' title='bbox 2154 820 2192 857; x_wconf 88' lang='lat' dir='ltr'>in</span> <span class='ocrx_word' id='word_1_574' title='bbox 2221 828 2306 856; x_wconf 82' lang='lat' dir='ltr'>actu</span> <span class='ocrx_word' id='word_1_575' title='bbox 2323 820 2366 857; x_wconf 84' lang='lat' dir='ltr'>fit</span> <span class='ocrx_word' id='word_1_576' title='bbox 2385 816 2467 858; x_wconf 75' lang='lat' dir='ltr'>seti-</span> 
     </span>
     <span class='ocr_line' id='line_1_76' title="bbox 1347 873 2467 926; baseline 0.003 -17"><span class='ocrx_word' id='word_1_577' title='bbox 1347 885 1413 911; x_wconf 82' lang='lat' dir='ltr'>sus</span> <span class='ocrx_word' id='word_1_578' title='bbox 1438 874 1665 923; x_wconf 81' lang='lat' dir='ltr'>compositus</span> <span class='ocrx_word' id='word_1_579' title='bbox 1684 904 1694 921; x_wconf 93' lang='lat'>,</span> <span class='ocrx_word' id='word_1_580' title='bbox 1727 875 1765 912; x_wconf 92' lang='lat' dir='ltr'>in</span> <span class='ocrx_word' id='word_1_581' title='bbox 1796 874 1963 926; x_wconf 81' lang='lat' dir='ltr'>potentia</span> <span class='ocrx_word' id='word_1_582' title='bbox 1993 883 2121 912; x_wconf 81' lang='lat' dir='ltr'>autem</span> <span class='ocrx_word' id='word_1_583' title='bbox 2150 887 2280 911; x_wconf 69' lang='lat' dir='ltr'>sensus</span> <span class='ocrx_word' id='word_1_584' title='bbox 2294 873 2467 912; x_wconf 82' lang='lat' dir='ltr'>divisus.</span> 
     </span>
     <span class='ocr_line' id='line_1_77' title="bbox 1348 924 2469 980; baseline 0.002 -17"><span class='ocrx_word' id='word_1_585' title='bbox 1348 925 1412 963; x_wconf 80' lang='lat' dir='ltr'>Sic</span> <span class='ocrx_word' id='word_1_586' title='bbox 1443 926 1471 962; x_wconf 92' lang='lat' dir='ltr'>si</span> <span class='ocrx_word' id='word_1_587' title='bbox 1502 928 1589 977; x_wconf 85' lang='lat' dir='ltr'>quis</span> <span class='ocrx_word' id='word_1_588' title='bbox 1617 927 1668 963; x_wconf 79' lang='lat' dir='ltr'>ita</span> <span class='ocrx_word' id='word_1_589' title='bbox 1698 927 1914 979; x_wconf 82' lang='lat' dir='ltr'>colligeret:</span> <span class='ocrx_word' id='word_1_590' title='bbox 1953 928 1982 965; x_wconf 84' lang='lat' dir='ltr'>si</span> <span class='ocrx_word' id='word_1_591' title='bbox 2013 941 2082 975; x_wconf 86' lang='lat' dir='ltr'>ea,</span> <span class='ocrx_word' id='word_1_592' title='bbox 2114 940 2202 979; x_wconf 81' lang='lat' dir='ltr'>quae</span> <span class='ocrx_word' id='word_1_593' title='bbox 2233 924 2339 965; x_wconf 85' lang='lat' dir='ltr'>Deus</span> <span class='ocrx_word' id='word_1_594' title='bbox 2367 941 2469 980; x_wconf 83' lang='lat' dir='ltr'>prae-</span> 
     </span>
     <span class='ocr_line' id='line_1_78' title="bbox 1350 979 2469 1032; baseline 0.002 -16"><span class='ocrx_word' id='word_1_595' title='bbox 1350 980 1480 1026; x_wconf 86' lang='lat' dir='ltr'>scivit,</span> <span class='ocrx_word' id='word_1_596' title='bbox 1511 988 1599 1016; x_wconf 86' lang='lat' dir='ltr'>actu</span> <span class='ocrx_word' id='word_1_597' title='bbox 1628 992 1700 1016; x_wconf 90' lang='lat' dir='ltr'>non</span> <span class='ocrx_word' id='word_1_598' title='bbox 1731 983 1946 1028; x_wconf 84' lang='lat' dir='ltr'>evenirent,</span> <span class='ocrx_word' id='word_1_599' title='bbox 1987 979 2184 1018; x_wconf 77' lang='lat' dir='ltr'>falleretur</span> <span class='ocrx_word' id='word_1_600' title='bbox 2214 981 2340 1032; x_wconf 86' lang='lat' dir='ltr'>reipsa</span> <span class='ocrx_word' id='word_1_601' title='bbox 2368 981 2469 1019; x_wconf 82' lang='lat' dir='ltr'>divi-</span> 
     </span>
     <span class='ocr_line' id='line_1_79' title="bbox 1349 1033 2467 1085; baseline 0.003 -16"><span class='ocrx_word' id='word_1_602' title='bbox 1349 1045 1400 1069; x_wconf 82' lang='lat' dir='ltr'>na</span> <span class='ocrx_word' id='word_1_603' title='bbox 1431 1033 1694 1082; x_wconf 64' lang='lat' dir='ltr'>praescientia:</span> <span class='ocrx_word' id='word_1_604' title='bbox 1724 1046 1812 1082; x_wconf 79' lang='lat' dir='ltr'>ergo</span> <span class='ocrx_word' id='word_1_605' title='bbox 1841 1035 1872 1070; x_wconf 91' lang='lat' dir='ltr'>si</span> <span class='ocrx_word' id='word_1_606' title='bbox 1903 1043 2047 1083; x_wconf 80' lang='lat' dir='ltr'>possent</span> <span class='ocrx_word' id='word_1_607' title='bbox 2077 1047 2147 1071; x_wconf 89' lang='lat' dir='ltr'>nou</span> <span class='ocrx_word' id='word_1_608' title='bbox 2178 1036 2351 1083; x_wconf 85' lang='lat' dir='ltr'>evenire,</span> <span class='ocrx_word' id='word_1_609' title='bbox 2382 1048 2467 1085; x_wconf 88' lang='lat' dir='ltr'>pos-</span> 
     </span>
     <span class='ocr_line' id='line_1_80' title="bbox 1352 1085 2468 1136; baseline 0.001 -13"><span class='ocrx_word' id='word_1_610' title='bbox 1352 1094 1405 1123; x_wconf 82' lang='lat' dir='ltr'>set</span> <span class='ocrx_word' id='word_1_611' title='bbox 1436 1085 1520 1123; x_wconf 83' lang='lat' dir='ltr'>falli</span> <span class='ocrx_word' id='word_1_612' title='bbox 1550 1085 1678 1124; x_wconf 76' lang='lat' dir='ltr'>divina</span> <span class='ocrx_word' id='word_1_613' title='bbox 1708 1087 1976 1136; x_wconf 67' lang='lat' dir='ltr'>praescietitia;</span> <span class='ocrx_word' id='word_1_614' title='bbox 2019 1087 2119 1124; x_wconf 88' lang='lat' dir='ltr'>male</span> <span class='ocrx_word' id='word_1_615' title='bbox 2149 1088 2468 1135; x_wconf 69' lang='lat' dir='ltr'>ratioc‘iuarezur‚</span> 
     </span>
     <span class='ocr_line' id='line_1_81' title="bbox 1352 1138 2474 1191; baseline 0.002 -16"><span class='ocrx_word' id='word_1_616' title='bbox 1352 1139 1387 1175; x_wconf 71' lang='lat'>8&lt;</span> <span class='ocrx_word' id='word_1_617' title='bbox 1406 1138 1499 1177; x_wconf 68' lang='lat' dir='ltr'>falsa</span> <span class='ocrx_word' id='word_1_618' title='bbox 1529 1148 1623 1176; x_wconf 85' lang='lat' dir='ltr'>esset</span> <span class='ocrx_word' id='word_1_619' title='bbox 1651 1139 1940 1191; x_wconf 83' lang='lat' dir='ltr'>consequentia3</span> <span class='ocrx_word' id='word_1_620' title='bbox 1972 1139 2010 1175; x_wconf 92' lang='lat' dir='ltr'>in</span> <span class='ocrx_word' id='word_1_621' title='bbox 2039 1141 2275 1178; x_wconf 81' lang='lat' dir='ltr'>antecedenti</span> <span class='ocrx_word' id='word_1_622' title='bbox 2305 1143 2405 1178; x_wconf 89' lang='lat' dir='ltr'>enim</span> <span class='ocrx_word' id='word_1_623' title='bbox 2428 1141 2474 1178; x_wconf 87' lang='lat' dir='ltr'>fit</span> 
     </span>
     <span class='ocr_line' id='line_1_82' title="bbox 1352 1191 2471 1243; baseline 0 -13"><span class='ocrx_word' id='word_1_624' title='bbox 1352 1205 1493 1230; x_wconf 75' lang='lat' dir='ltr'>sensus</span> <span class='ocrx_word' id='word_1_625' title='bbox 1524 1197 1784 1243; x_wconf 77' lang='lat' dir='ltr'>compositus,</span> <span class='ocrx_word' id='word_1_626' title='bbox 1815 1191 1848 1227; x_wconf 76' lang='lat'>8&lt;</span> <span class='ocrx_word' id='word_1_627' title='bbox 1867 1193 1903 1229; x_wconf 89' lang='lat' dir='ltr'>in</span> <span class='ocrx_word' id='word_1_628' title='bbox 1935 1193 2181 1243; x_wconf 79' lang='lat' dir='ltr'>consequenti</span> <span class='ocrx_word' id='word_1_629' title='bbox 2208 1206 2347 1230; x_wconf 78' lang='lat' dir='ltr'>sensus</span> <span class='ocrx_word' id='word_1_630' title='bbox 2377 1193 2471 1231; x_wconf 64' lang='lat' dir='ltr'>‹lic-z·-</span> 
     </span>
     <span class='ocr_line' id='line_1_83' title="bbox 1355 1245 2475 1298; baseline 0.001 -14"><span class='ocrx_word' id='word_1_631' title='bbox 1355 1260 1451 1284; x_wconf 75' lang='lat' dir='ltr'>Sus:</span> <span class='ocrx_word' id='word_1_632' title='bbox 1481 1260 1569 1298; x_wconf 83' lang='lat' dir='ltr'>quae</span> <span class='ocrx_word' id='word_1_633' title='bbox 1600 1248 1705 1284; x_wconf 85' lang='lat' dir='ltr'>enim</span> <span class='ocrx_word' id='word_1_634' title='bbox 1726 1261 1747 1283; x_wconf 79' lang='lat' dir='ltr'>a</span> <span class='ocrx_word' id='word_1_635' title='bbox 1768 1245 1851 1283; x_wconf 88' lang='lat' dir='ltr'>Deo</span> <span class='ocrx_word' id='word_1_636' title='bbox 1881 1247 2057 1296; x_wconf 85' lang='lat' dir='ltr'>praescita</span> <span class='ocrx_word' id='word_1_637' title='bbox 2086 1253 2199 1292; x_wconf 83' lang='lat' dir='ltr'>sunt,</span> <span class='ocrx_word' id='word_1_638' title='bbox 2227 1257 2382 1296; x_wconf 84' lang='lat' dir='ltr'>possunt</span> <span class='ocrx_word' id='word_1_639' title='bbox 2402 1260 2475 1286; x_wconf 86' lang='lat' dir='ltr'>non</span> 
     </span>
     <span class='ocr_line' id='line_1_84' title="bbox 1355 1298 2474 1348; baseline 0 -11"><span class='ocrx_word' id='word_1_640' title='bbox 1355 1302 1534 1348; x_wconf 82' lang='lat' dir='ltr'>evenire,</span> <span class='ocrx_word' id='word_1_641' title='bbox 1581 1301 1619 1338; x_wconf 87' lang='lat' dir='ltr'>in</span> <span class='ocrx_word' id='word_1_642' title='bbox 1650 1313 1767 1338; x_wconf 77' lang='lat' dir='ltr'>sensu</span> <span class='ocrx_word' id='word_1_643' title='bbox 1804 1298 1951 1347; x_wconf 52' lang='lat' dir='ltr'>dicim,</span> <span class='ocrx_word' id='word_1_644' title='bbox 1997 1311 2070 1336; x_wconf 89' lang='lat' dir='ltr'>non</span> <span class='ocrx_word' id='word_1_645' title='bbox 2101 1299 2142 1337; x_wconf 92' lang='lat' dir='ltr'>in</span> <span class='ocrx_word' id='word_1_646' title='bbox 2170 1310 2288 1336; x_wconf 78' lang='lat' dir='ltr'>sensu</span> <span class='ocrx_word' id='word_1_647' title='bbox 2317 1311 2474 1347; x_wconf 84' lang='lat' dir='ltr'>compo-</span> 
     </span>
     <span class='ocr_line' id='line_1_85' title="bbox 1354 1350 2471 1392; baseline -0.002 -2"><span class='ocrx_word' id='word_1_648' title='bbox 1354 1358 1456 1391; x_wconf 74' lang='lat' dir='ltr'>sito.</span> <span class='ocrx_word' id='word_1_649' title='bbox 1512 1353 1578 1392; x_wconf 87' lang='lat' dir='ltr'>Sic</span> <span class='ocrx_word' id='word_1_650' title='bbox 1607 1354 1647 1391; x_wconf 85' lang='lat' dir='ltr'>in</span> <span class='ocrx_word' id='word_1_651' title='bbox 1679 1368 1766 1392; x_wconf 86' lang='lat' dir='ltr'>casu</span> <span class='ocrx_word' id='word_1_652' title='bbox 1798 1362 1920 1391; x_wconf 87' lang='lat' dir='ltr'>nostro</span> <span class='ocrx_word' id='word_1_653' title='bbox 1950 1366 2038 1390; x_wconf 90' lang='lat' dir='ltr'>cum</span> <span class='ocrx_word' id='word_1_654' title='bbox 2075 1352 2239 1390; x_wconf 86' lang='lat' dir='ltr'>dicitur:</span> <span class='ocrx_word' id='word_1_655' title='bbox 2288 1351 2330 1388; x_wconf 60' lang='lat' dir='ltr'>Si·</span> <span class='ocrx_word' id='word_1_656' title='bbox 2364 1350 2471 1389; x_wconf 70' lang='lat' dir='ltr'>Cim·-</span> 
     </span>
     <span class='ocr_line' id='line_1_86' title="bbox 1355 1403 2472 1457; baseline -0.002 -13"><span class='ocrx_word' id='word_1_657' title='bbox 1355 1416 1462 1444; x_wconf 77' lang='lat' dir='ltr'>stum</span> <span class='ocrx_word' id='word_1_658' title='bbox 1492 1416 1587 1444; x_wconf 75' lang='lat' dir='ltr'>actu</span> <span class='ocrx_word' id='word_1_659' title='bbox 1617 1419 1696 1445; x_wconf 81' lang='lat' dir='ltr'>non</span> <span class='ocrx_word' id='word_1_660' title='bbox 1739 1415 1993 1457; x_wconf 75' lang='lat' dir='ltr'>acceptasset</span> <span class='ocrx_word' id='word_1_661' title='bbox 2022 1414 2195 1443; x_wconf 80' lang='lat' dir='ltr'>mortem</span> <span class='ocrx_word' id='word_1_662' title='bbox 2237 1403 2307 1443; x_wconf 62' lang='lat' dir='ltr'>sibi</span> <span class='ocrx_word' id='word_1_663' title='bbox 2335 1419 2362 1442; x_wconf 90' lang='lat' dir='ltr'>a</span> <span class='ocrx_word' id='word_1_664' title='bbox 2393 1404 2472 1442; x_wconf 81' lang='lat' dir='ltr'>Pa-</span> 
     </span>
     <span class='ocr_line' id='line_1_87' title="bbox 1356 1457 2514 1512; baseline -0.001 -15"><span class='ocrx_word' id='word_1_665' title='bbox 1356 1470 1414 1498; x_wconf 79' lang='lat' dir='ltr'>tre</span> <span class='ocrx_word' id='word_1_666' title='bbox 1445 1469 1713 1512; x_wconf 70' lang='lat' dir='ltr'>praeceptam,</span> <span class='ocrx_word' id='word_1_667' title='bbox 1731 1461 1882 1512; x_wconf 75' lang='lat' dir='ltr'>fuisset</span> <span class='ocrx_word' id='word_1_668' title='bbox 1912 1468 2005 1497; x_wconf 78' lang='lat' dir='ltr'>actu</span> <span class='ocrx_word' id='word_1_669' title='bbox 2034 1457 2282 1507; x_wconf 73' lang='lat' dir='ltr'>inobediens,</span> <span class='ocrx_word' id='word_1_670' title='bbox 2324 1458 2368 1496; x_wconf 90' lang='lat' dir='ltr'>fit</span> <span class='ocrx_word' id='word_1_671' title='bbox 2396 1472 2480 1497; x_wconf 84' lang='lat' dir='ltr'>sen·</span> <span class='ocrx_word' id='word_1_672' title='bbox 2511 1477 2514 1479; x_wconf 97' lang='lat'>·</span> 
     </span>
     <span class='ocr_line' id='line_1_88' title="bbox 1359 1513 2478 1567; baseline -0.002 -16"><span class='ocrx_word' id='word_1_673' title='bbox 1359 1529 1420 1552; x_wconf 82' lang='lat' dir='ltr'>sus</span> <span class='ocrx_word' id='word_1_674' title='bbox 1450 1516 1706 1567; x_wconf 86' lang='lat' dir='ltr'>compositus.</span> <span class='ocrx_word' id='word_1_675' title='bbox 1753 1516 1852 1552; x_wconf 89' lang='lat' dir='ltr'>Cum</span> <span class='ocrx_word' id='word_1_676' title='bbox 1882 1527 1970 1552; x_wconf 83' lang='lat' dir='ltr'>vero</span> <span class='ocrx_word' id='word_1_677' title='bbox 2000 1513 2186 1551; x_wconf 86' lang='lat' dir='ltr'>infertur:</span> <span class='ocrx_word' id='word_1_678' title='bbox 2229 1525 2322 1565; x_wconf 79' lang='lat' dir='ltr'>ergo</span> <span class='ocrx_word' id='word_1_679' title='bbox 2351 1517 2384 1550; x_wconf 80' lang='lat' dir='ltr'>si</span> <span class='ocrx_word' id='word_1_680' title='bbox 2413 1525 2478 1564; x_wconf 87' lang='lat' dir='ltr'>po-</span> 
     </span>
     <span class='ocr_line' id='line_1_89' title="bbox 1357 1571 2479 1616; baseline -0.001 -11"><span class='ocrx_word' id='word_1_681' title='bbox 1357 1573 1493 1605; x_wconf 71' lang='lat' dir='ltr'>tuisset</span> <span class='ocrx_word' id='word_1_682' title='bbox 1534 1577 1707 1606; x_wconf 78' lang='lat' dir='ltr'>mortem</span> <span class='ocrx_word' id='word_1_683' title='bbox 1751 1582 1832 1605; x_wconf 84' lang='lat' dir='ltr'>non</span> <span class='ocrx_word' id='word_1_684' title='bbox 1873 1576 2116 1615; x_wconf 77' lang='lat' dir='ltr'>acceptare,</span> <span class='ocrx_word' id='word_1_685' title='bbox 2163 1571 2348 1616; x_wconf 79' lang='lat' dir='ltr'>potuisset</span> <span class='ocrx_word' id='word_1_686' title='bbox 2392 1577 2479 1604; x_wconf 80' lang='lat' dir='ltr'>esse</span> 
     </span>
     <span class='ocr_line' id='line_1_90' title="bbox 1356 1620 2483 1671; baseline -0.002 -12"><span class='ocrx_word' id='word_1_687' title='bbox 1356 1621 1607 1671; x_wconf 71' lang='lat' dir='ltr'>inobediens,</span> <span class='ocrx_word' id='word_1_688' title='bbox 1637 1623 1686 1662; x_wconf 61' lang='grc' dir='ltr'>ἔθ’</span> <span class='ocrx_word' id='word_1_689' title='bbox 1717 1634 1911 1671; x_wconf 82' lang='lat' dir='ltr'>peccare,</span> <span class='ocrx_word' id='word_1_690' title='bbox 1943 1621 1985 1659; x_wconf 87' lang='lat' dir='ltr'>fit</span> <span class='ocrx_word' id='word_1_691' title='bbox 2006 1634 2131 1659; x_wconf 74' lang='lat' dir='ltr'>sensus</span> <span class='ocrx_word' id='word_1_692' title='bbox 2147 1621 2313 1667; x_wconf 79' lang='lat' dir='ltr'>divisus,</span> <span class='ocrx_word' id='word_1_693' title='bbox 2344 1620 2483 1657; x_wconf 84' lang='lat' dir='ltr'>&amp;con-</span> 
     </span>
     <span class='ocr_line' id='line_1_91' title="bbox 1359 1671 2482 1729; baseline -0.004 -16"><span class='ocrx_word' id='word_1_694' title='bbox 1359 1677 1555 1729; x_wconf 79' lang='lat' dir='ltr'>sequentia</span> <span class='ocrx_word' id='word_1_695' title='bbox 1584 1684 1635 1713; x_wconf 85' lang='lat' dir='ltr'>est</span> <span class='ocrx_word' id='word_1_696' title='bbox 1665 1675 1789 1722; x_wconf 75' lang='lat' dir='ltr'>falsa5</span> <span class='ocrx_word' id='word_1_697' title='bbox 1819 1677 1912 1728; x_wconf 85' lang='lat' dir='ltr'>quia</span> <span class='ocrx_word' id='word_1_698' title='bbox 1942 1684 1980 1711; x_wconf 89' lang='lat' dir='ltr'>ut</span> <span class='ocrx_word' id='word_1_699' title='bbox 2010 1675 2156 1712; x_wconf 81' lang='lat' dir='ltr'>dictum</span> <span class='ocrx_word' id='word_1_700' title='bbox 2186 1683 2268 1722; x_wconf 80' lang='lat' dir='ltr'>est,</span> <span class='ocrx_word' id='word_1_701' title='bbox 2305 1671 2482 1710; x_wconf 72' lang='lat' dir='ltr'>absolute</span> 
     </span>
     <span class='ocr_line' id='line_1_92' title="bbox 1360 1727 2483 1780; baseline -0.004 -13"><span class='ocrx_word' id='word_1_702' title='bbox 1360 1731 1484 1768; x_wconf 84' lang='lat' dir='ltr'>soium</span> <span class='ocrx_word' id='word_1_703' title='bbox 1503 1760 1513 1778; x_wconf 85' lang='lat'>,</span> <span class='ocrx_word' id='word_1_704' title='bbox 1558 1727 1592 1766; x_wconf 84' lang='lat'>&amp;</span> <span class='ocrx_word' id='word_1_705' title='bbox 1622 1731 1662 1767; x_wconf 89' lang='lat' dir='ltr'>in</span> <span class='ocrx_word' id='word_1_706' title='bbox 1690 1743 1809 1767; x_wconf 75' lang='lat' dir='ltr'>sensu</span> <span class='ocrx_word' id='word_1_707' title='bbox 1839 1728 1984 1776; x_wconf 66' lang='lat' dir='ltr'>(lirim,</span> <span class='ocrx_word' id='word_1_708' title='bbox 2034 1736 2179 1780; x_wconf 83' lang='lat' dir='ltr'>poterat</span> <span class='ocrx_word' id='word_1_709' title='bbox 2217 1736 2380 1765; x_wconf 86' lang='lat' dir='ltr'>mortem</span> <span class='ocrx_word' id='word_1_710' title='bbox 2409 1737 2483 1762; x_wconf 83' lang='lat' dir='ltr'>non</span> 
     </span>
     <span class='ocr_line' id='line_1_93' title="bbox 1357 1794 1585 1834; baseline 0 -14"><span class='ocrx_word' id='word_1_711' title='bbox 1357 1794 1557 1834; x_wconf 75' lang='lat' dir='ltr'>acceptare</span> <span class='ocrx_word' id='word_1_712' title='bbox 1575 1810 1585 1820; x_wconf 87' lang='lat'>.</span> 
     </span>
    </p>

    <p class='ocr_par' dir='ltr' id='par_1_11' title="bbox 1359 1829 2491 2152">
     <span class='ocr_line' id='line_1_94' title="bbox 1417 1829 2486 1887; baseline -0.006 -13"><span class='ocrx_word' id='word_1_713' title='bbox 1417 1837 1509 1882; x_wconf 73' lang='lat'>245.</span> <span class='ocrx_word' id='word_1_714' title='bbox 1538 1836 1586 1874; x_wconf 85' lang='lat' dir='ltr'>Et</span> <span class='ocrx_word' id='word_1_715' title='bbox 1616 1835 1702 1874; x_wconf 80' lang='lat' dir='ltr'>haee</span> <span class='ocrx_word' id='word_1_716' title='bbox 1731 1835 1892 1884; x_wconf 82' lang='lat' dir='ltr'>omnia,</span> <span class='ocrx_word' id='word_1_717' title='bbox 1936 1846 2176 1887; x_wconf 83' lang='lat' dir='ltr'>quamquam</span> <span class='ocrx_word' id='word_1_718' title='bbox 2205 1829 2388 1880; x_wconf 76' lang='lat' dir='ltr'>subtilia,</span> <span class='ocrx_word' id='word_1_719' title='bbox 2427 1832 2486 1869; x_wconf 85' lang='lat' dir='ltr'>in-</span> 
     </span>
     <span class='ocr_line' id='line_1_95' title="bbox 1360 1885 2488 1942; baseline -0.005 -15"><span class='ocrx_word' id='word_1_720' title='bbox 1360 1890 1482 1942; x_wconf 82' lang='lat' dir='ltr'>telligi</span> <span class='ocrx_word' id='word_1_721' title='bbox 1516 1889 1618 1928; x_wconf 83' lang='lat' dir='ltr'>baud</span> <span class='ocrx_word' id='word_1_722' title='bbox 1648 1889 1860 1928; x_wconf 79' lang='lat' dir='ltr'>difficulter</span> <span class='ocrx_word' id='word_1_723' title='bbox 1891 1897 2042 1941; x_wconf 82' lang='lat' dir='ltr'>possunt</span> <span class='ocrx_word' id='word_1_724' title='bbox 2071 1889 2117 1925; x_wconf 91' lang='lat' dir='ltr'>de</span> <span class='ocrx_word' id='word_1_725' title='bbox 2147 1895 2294 1933; x_wconf 83' lang='lat' dir='ltr'>morte,</span> <span class='ocrx_word' id='word_1_726' title='bbox 2330 1885 2430 1937; x_wconf 50' lang='lat' dir='ltr'>quae*</span> <span class='ocrx_word' id='word_1_727' title='bbox 2449 1896 2488 1921; x_wconf 82' lang='lat' dir='ltr'>e·</span> 
     </span>
     <span class='ocr_line' id='line_1_96' title="bbox 1359 1937 2488 1996; baseline -0.004 -16"><span class='ocrx_word' id='word_1_728' title='bbox 1359 1954 1419 1981; x_wconf 83' lang='lat' dir='ltr'>rat</span> <span class='ocrx_word' id='word_1_729' title='bbox 1450 1944 1624 1982; x_wconf 85' lang='lat' dir='ltr'>medium</span> <span class='ocrx_word' id='word_1_730' title='bbox 1655 1957 1724 1996; x_wconf 89' lang='lat' dir='ltr'>per</span> <span class='ocrx_word' id='word_1_731' title='bbox 1754 1958 1819 1991; x_wconf 84' lang='lat' dir='ltr'>se,</span> <span class='ocrx_word' id='word_1_732' title='bbox 1864 1942 1897 1978; x_wconf 74' lang='lat'>8&lt;</span> <span class='ocrx_word' id='word_1_733' title='bbox 1929 1952 2060 1980; x_wconf 82' lang='lat' dir='ltr'>natura</span> <span class='ocrx_word' id='word_1_734' title='bbox 2090 1955 2159 1979; x_wconf 74' lang='lat' dir='ltr'>sua</span> <span class='ocrx_word' id='word_1_735' title='bbox 2189 1939 2409 1978; x_wconf 66' lang='lat' dir='ltr'>indifferens</span> <span class='ocrx_word' id='word_1_736' title='bbox 2439 1937 2488 1976; x_wconf 85' lang='lat' dir='ltr'>ad</span> 
     </span>
     <span class='ocr_line' id='line_1_97' title="bbox 1362 1993 2488 2049; baseline -0.003 -17"><span class='ocrx_word' id='word_1_737' title='bbox 1362 1996 1481 2033; x_wconf 83' lang='lat' dir='ltr'>finem</span> <span class='ocrx_word' id='word_1_738' title='bbox 1514 1997 1651 2044; x_wconf 77' lang='lat' dir='ltr'>illuni,</span> <span class='ocrx_word' id='word_1_739' title='bbox 1682 1997 1729 2033; x_wconf 80' lang='lat' dir='ltr'>ad</span> <span class='ocrx_word' id='word_1_740' title='bbox 1760 2011 1876 2049; x_wconf 86' lang='lat' dir='ltr'>quem</span> <span class='ocrx_word' id='word_1_741' title='bbox 1897 1995 2070 2033; x_wconf 85' lang='lat' dir='ltr'>Christus</span> <span class='ocrx_word' id='word_1_742' title='bbox 2091 2005 2169 2033; x_wconf 86' lang='lat' dir='ltr'>erat</span> <span class='ocrx_word' id='word_1_743' title='bbox 2197 1993 2488 2039; x_wconf 79' lang='lat' dir='ltr'>determinatus,</span> 
     </span>
     <span class='ocr_line' id='line_1_98' title="bbox 1363 2047 2489 2098; baseline -0.003 -14"><span class='ocrx_word' id='word_1_744' title='bbox 1363 2047 1398 2084; x_wconf 70' lang='grc' dir='ltr'>ἃ</span> <span class='ocrx_word' id='word_1_745' title='bbox 1428 2048 1550 2084; x_wconf 76' lang='lat' dir='ltr'>solum</span> <span class='ocrx_word' id='word_1_746' title='bbox 1584 2051 1685 2086; x_wconf 82' lang='lat' dir='ltr'>facta</span> <span class='ocrx_word' id='word_1_747' title='bbox 1709 2057 1793 2086; x_wconf 85' lang='lat' dir='ltr'>&#39;erat</span> <span class='ocrx_word' id='word_1_748' title='bbox 1824 2051 1996 2087; x_wconf 88' lang='lat' dir='ltr'>medium</span> <span class='ocrx_word' id='word_1_749' title='bbox 2018 2049 2273 2087; x_wconf 83' lang='lat' dir='ltr'>necessarium</span> <span class='ocrx_word' id='word_1_750' title='bbox 2295 2060 2341 2084; x_wconf 79' lang='lat' dir='ltr'>ex</span> <span class='ocrx_word' id='word_1_751' title='bbox 2360 2058 2489 2098; x_wconf 86' lang='lat' dir='ltr'>super-</span> 
     </span>
     <span class='ocr_line' id='line_1_99' title="bbox 1363 2100 2491 2152; baseline -0.003 -14"><span class='ocrx_word' id='word_1_752' title='bbox 1363 2102 1537 2138; x_wconf 89' lang='lat' dir='ltr'>veniente</span> <span class='ocrx_word' id='word_1_753' title='bbox 1567 2100 1720 2148; x_wconf 82' lang='lat' dir='ltr'>libero,</span> <span class='ocrx_word' id='word_1_754' title='bbox 1766 2102 1799 2137; x_wconf 72' lang='lat'>8&lt;</span> <span class='ocrx_word' id='word_1_755' title='bbox 1830 2103 1993 2151; x_wconf 88' lang='lat' dir='ltr'>positivo</span> <span class='ocrx_word' id='word_1_756' title='bbox 2024 2103 2154 2139; x_wconf 84' lang='lat' dir='ltr'>aeterni</span> <span class='ocrx_word' id='word_1_757' title='bbox 2186 2101 2303 2139; x_wconf 80' lang='lat' dir='ltr'>Patris</span> <span class='ocrx_word' id='word_1_758' title='bbox 2345 2113 2491 2152; x_wconf 82' lang='lat' dir='ltr'>praece-</span> 
     </span>
    </p>
   </div>
   <div class='ocr_carea' id='block_1_4' title="bbox 1366 2153 2491 2252">
    <p class='ocr_par' dir='ltr' id='par_1_12' title="bbox 1366 2153 2491 2252">
     <span class='ocr_line' id='line_1_100' title="bbox 1366 2153 2491 2204; baseline 0.001 -17"><span class='ocrx_word' id='word_1_759' title='bbox 1366 2162 1431 2203; x_wconf 86' lang='lat' dir='ltr'>pto</span> <span class='ocrx_word' id='word_1_760' title='bbox 1449 2183 1458 2198; x_wconf 90' lang='lat'><strong>‚</strong></span> <span class='ocrx_word' id='word_1_761' title='bbox 1489 2154 1590 2204; x_wconf 88' lang='lat' dir='ltr'>quod</span> <span class='ocrx_word' id='word_1_762' title='bbox 1622 2155 1863 2192; x_wconf 76' lang='lat' dir='ltr'>intrinsecam</span> <span class='ocrx_word' id='word_1_763' title='bbox 1895 2153 1985 2190; x_wconf 84' lang='lat' dir='ltr'>Jesu</span> <span class='ocrx_word' id='word_1_764' title='bbox 2013 2154 2156 2191; x_wconf 86' lang='lat' dir='ltr'>Christi</span> <span class='ocrx_word' id='word_1_765' title='bbox 2185 2153 2400 2191; x_wconf 81' lang='lat' dir='ltr'>libertatem</span> <span class='ocrx_word' id='word_1_766' title='bbox 2417 2164 2491 2190; x_wconf 89' lang='lat' dir='ltr'>non</span> 
     </span>
     <span class='ocr_line' id='line_1_101' title="bbox 1367 2204 1970 2252; baseline 0 -10"><span class='ocrx_word' id='word_1_767' title='bbox 1367 2204 1552 2252; x_wconf 82' lang='lat' dir='ltr'>tollebat,</span> <span class='ocrx_word' id='word_1_768' title='bbox 1583 2219 1654 2242; x_wconf 86' lang='lat' dir='ltr'>nec</span> <span class='ocrx_word' id='word_1_769' title='bbox 1686 2206 1942 2241; x_wconf 86' lang='lat' dir='ltr'>imminuebat</span> <span class='ocrx_word' id='word_1_770' title='bbox 1960 2231 1970 2242; x_wconf 86' lang='lat'>.</span> 
     </span>
    </p>
   </div>
   <div class='ocr_carea' id='block_1_5' title="bbox 1366 2254 2497 3379">
    <p class='ocr_par' dir='ltr' id='par_1_13' title="bbox 1368 2254 2497 2791">
     <span class='ocr_line' id='line_1_102' title="bbox 1424 2254 2492 2307; baseline -0.003 -12"><span class='ocrx_word' id='word_1_771' title='bbox 1424 2257 1516 2303; x_wconf 72' lang='grc'>244.</span> <span class='ocrx_word' id='word_1_772' title='bbox 1547 2256 1621 2295; x_wconf 84' lang='lat' dir='ltr'>Sed</span> <span class='ocrx_word' id='word_1_773' title='bbox 1639 2254 1843 2293; x_wconf 82' lang='lat' dir='ltr'>difficultas</span> <span class='ocrx_word' id='word_1_774' title='bbox 1861 2256 1980 2293; x_wconf 87' lang='lat' dir='ltr'>multo</span> <span class='ocrx_word' id='word_1_775' title='bbox 1996 2257 2147 2307; x_wconf 83' lang='lat' dir='ltr'>gravior</span> <span class='ocrx_word' id='word_1_776' title='bbox 2161 2258 2348 2302; x_wconf 83' lang='lat' dir='ltr'>exoritur,</span> <span class='ocrx_word' id='word_1_777' title='bbox 2370 2269 2492 2307; x_wconf 84' lang='lat' dir='ltr'>quan-</span> 
     </span>
     <span class='ocr_line' id='line_1_103' title="bbox 1368 2306 2494 2362; baseline -0.004 -13"><span class='ocrx_word' id='word_1_778' title='bbox 1368 2312 1416 2350; x_wconf 86' lang='lat' dir='ltr'>do</span> <span class='ocrx_word' id='word_1_779' title='bbox 1445 2312 1569 2362; x_wconf 84' lang='lat' dir='ltr'>agitur</span> <span class='ocrx_word' id='word_1_780' title='bbox 1598 2312 1644 2348; x_wconf 89' lang='lat' dir='ltr'>de</span> <span class='ocrx_word' id='word_1_781' title='bbox 1674 2310 1751 2347; x_wconf 89' lang='lat' dir='ltr'>illis</span> <span class='ocrx_word' id='word_1_782' title='bbox 1781 2309 1929 2347; x_wconf 82' lang='lat' dir='ltr'>actibus</span> <span class='ocrx_word' id='word_1_783' title='bbox 1951 2339 1962 2356; x_wconf 85' lang='lat'>,</span> <span class='ocrx_word' id='word_1_784' title='bbox 2011 2311 2077 2361; x_wconf 87' lang='lat' dir='ltr'>qui</span> <span class='ocrx_word' id='word_1_785' title='bbox 2109 2310 2380 2347; x_wconf 85' lang='lat' dir='ltr'>connexionem</span> <span class='ocrx_word' id='word_1_786' title='bbox 2425 2306 2494 2345; x_wconf 78' lang='lat' dir='ltr'>ha·</span> 
     </span>
     <span class='ocr_line' id='line_1_104' title="bbox 1368 2361 2497 2414; baseline -0.005 -11"><span class='ocrx_word' id='word_1_787' title='bbox 1368 2365 1461 2403; x_wconf 89' lang='lat' dir='ltr'>bent</span> <span class='ocrx_word' id='word_1_788' title='bbox 1493 2365 1744 2402; x_wconf 81' lang='lat' dir='ltr'>necessariam</span> <span class='ocrx_word' id='word_1_789' title='bbox 1775 2376 1864 2401; x_wconf 87' lang='lat' dir='ltr'>cum</span> <span class='ocrx_word' id='word_1_790' title='bbox 1897 2362 2032 2410; x_wconf 74' lang='lat' dir='ltr'>ultimo</span> <span class='ocrx_word' id='word_1_791' title='bbox 2061 2362 2165 2410; x_wconf 86' lang='lat' dir='ltr'>fine,</span> <span class='ocrx_word' id='word_1_792' title='bbox 2209 2361 2258 2400; x_wconf 84' lang='lat' dir='ltr'>ad</span> <span class='ocrx_word' id='word_1_793' title='bbox 2286 2375 2400 2414; x_wconf 89' lang='lat' dir='ltr'>quem</span> <span class='ocrx_word' id='word_1_794' title='bbox 2431 2373 2497 2399; x_wconf 82' lang='lat' dir='ltr'>vo-</span> 
     </span>
     <span class='ocr_line' id='line_1_105' title="bbox 1370 2417 2496 2463; baseline -0.005 -6"><span class='ocrx_word' id='word_1_795' title='bbox 1370 2418 1496 2457; x_wconf 86' lang='lat' dir='ltr'>luntas</span> <span class='ocrx_word' id='word_1_796' title='bbox 1526 2417 1668 2456; x_wconf 83' lang='lat' dir='ltr'>Christi</span> <span class='ocrx_word' id='word_1_797' title='bbox 1699 2426 1777 2454; x_wconf 86' lang='lat' dir='ltr'>erat</span> <span class='ocrx_word' id='word_1_798' title='bbox 1808 2418 2021 2455; x_wconf 75' lang='lat' dir='ltr'>necessario</span> <span class='ocrx_word' id='word_1_799' title='bbox 2039 2417 2309 2463; x_wconf 84' lang='lat' dir='ltr'>determinata,</span> <span class='ocrx_word' id='word_1_800' title='bbox 2342 2422 2380 2452; x_wconf 88' lang='lat' dir='ltr'>ut</span> <span class='ocrx_word' id='word_1_801' title='bbox 2409 2422 2496 2452; x_wconf 88' lang='lat' dir='ltr'>sunt</span> 
     </span>
     <span class='ocr_line' id='line_1_106' title="bbox 1369 2469 2497 2521; baseline -0.007 -10"><span class='ocrx_word' id='word_1_802' title='bbox 1369 2483 1475 2511; x_wconf 85' lang='lat' dir='ltr'>actus</span> <span class='ocrx_word' id='word_1_803' title='bbox 1504 2471 1721 2509; x_wconf 82' lang='lat' dir='ltr'>dilectionis</span> <span class='ocrx_word' id='word_1_804' title='bbox 1744 2470 1817 2509; x_wconf 87' lang='lat' dir='ltr'>Dei</span> <span class='ocrx_word' id='word_1_805' title='bbox 1835 2496 1845 2508; x_wconf 87' lang='lat'>.</span> <span class='ocrx_word' id='word_1_806' title='bbox 1878 2469 1958 2508; x_wconf 93' lang='lat' dir='ltr'>Hoc</span> <span class='ocrx_word' id='word_1_807' title='bbox 1989 2478 2257 2521; x_wconf 82' lang='lat' dir='ltr'>argumentum</span> <span class='ocrx_word' id='word_1_808' title='bbox 2279 2469 2331 2506; x_wconf 86' lang='lat' dir='ltr'>ita</span> <span class='ocrx_word' id='word_1_809' title='bbox 2358 2479 2497 2520; x_wconf 87' lang='lat' dir='ltr'>propo·</span> 
     </span>
     <span class='ocr_line' id='line_1_107' title="bbox 1371 2520 2495 2576; baseline -0.008 -11"><span class='ocrx_word' id='word_1_810' title='bbox 1371 2528 1429 2565; x_wconf 86' lang='lat' dir='ltr'>nit</span> <span class='ocrx_word' id='word_1_811' title='bbox 1471 2525 1512 2563; x_wconf 89' lang='lat' dir='ltr'>S.</span> <span class='ocrx_word' id='word_1_812' title='bbox 1545 2524 1716 2562; x_wconf 86' lang='lat' dir='ltr'>Thomas</span> <span class='ocrx_word' id='word_1_813' title='bbox 1747 2524 1785 2563; x_wconf 80' lang='grc'>5.</span> <span class='ocrx_word' id='word_1_814' title='bbox 1829 2523 1870 2563; x_wconf 84' lang='grc' dir='ltr'>Ρ.</span> <span class='ocrx_word' id='word_1_815' title='bbox 1905 2532 2046 2576; x_wconf 63' lang='lat' dir='ltr'>quaest.</span> <span class='ocrx_word' id='word_1_816' title='bbox 2082 2525 2143 2562; x_wconf 77' lang='lat'>18.</span> <span class='ocrx_word' id='word_1_817' title='bbox 2187 2531 2257 2559; x_wconf 87' lang='lat' dir='ltr'>art.</span> <span class='ocrx_word' id='word_1_818' title='bbox 2287 2522 2326 2567; x_wconf 70' lang='grc'>4.</span> <span class='ocrx_word' id='word_1_819' title='bbox 2370 2535 2406 2557; x_wconf 90' lang='lat' dir='ltr'>n.</span> <span class='ocrx_word' id='word_1_820' title='bbox 2438 2520 2495 2558; x_wconf 75' lang='lat'>3.:</span> 
     </span>
     <span class='ocr_line' id='line_1_108' title="bbox 1373 2573 2496 2629; baseline -0.006 -11"><span class='ocrx_word' id='word_1_821' title='bbox 1373 2610 1399 2629; x_wconf 76' lang='lat'>,‚</span> <span class='ocrx_word' id='word_1_822' title='bbox 1432 2579 1618 2618; x_wconf 88' lang='lat' dir='ltr'>Liberum</span> <span class='ocrx_word' id='word_1_823' title='bbox 1650 2578 1854 2616; x_wconf 80' lang='lat' dir='ltr'>arbitrium</span> <span class='ocrx_word' id='word_1_824' title='bbox 1885 2592 1924 2615; x_wconf 88' lang='lat' dir='ltr'>se</span> <span class='ocrx_word' id='word_1_825' title='bbox 1955 2577 2070 2616; x_wconf 79' lang='lat' dir='ltr'>habet</span> <span class='ocrx_word' id='word_1_826' title='bbox 2099 2577 2147 2615; x_wconf 88' lang='lat' dir='ltr'>ad</span> <span class='ocrx_word' id='word_1_827' title='bbox 2169 2586 2401 2627; x_wconf 87' lang='lat' dir='ltr'>utrumque,</span> <span class='ocrx_word' id='word_1_828' title='bbox 2431 2573 2496 2612; x_wconf 83' lang='lat' dir='ltr'>sed</span> 
     </span>
     <span class='ocr_line' id='line_1_109' title="bbox 1374 2629 2494 2682; baseline -0.006 -11"><span class='ocrx_word' id='word_1_829' title='bbox 1374 2664 1400 2682; x_wconf 89' lang='lat'>„</span> <span class='ocrx_word' id='word_1_830' title='bbox 1432 2632 1604 2671; x_wconf 87' lang='lat' dir='ltr'>voluntas</span> <span class='ocrx_word' id='word_1_831' title='bbox 1641 2631 1781 2670; x_wconf 81' lang='lat' dir='ltr'>Christi</span> <span class='ocrx_word' id='word_1_832' title='bbox 1824 2632 1896 2668; x_wconf 80' lang='lat' dir='ltr'>fuit</span> <span class='ocrx_word' id='word_1_833' title='bbox 1940 2631 2192 2670; x_wconf 81' lang='lat' dir='ltr'>determinata</span> <span class='ocrx_word' id='word_1_834' title='bbox 2233 2629 2280 2666; x_wconf 84' lang='lat' dir='ltr'>ad</span> <span class='ocrx_word' id='word_1_835' title='bbox 2324 2629 2494 2673; x_wconf 88' lang='lat' dir='ltr'>bonum,</span> 
     </span>
     <span class='ocr_line' id='line_1_110' title="bbox 1372 2681 2495 2739; baseline -0.007 -15"><span class='ocrx_word' id='word_1_836' title='bbox 1372 2717 1400 2736; x_wconf 87' lang='lat'><strong>„</strong></span> <span class='ocrx_word' id='word_1_837' title='bbox 1430 2688 1617 2739; x_wconf 83' lang='lat' dir='ltr'>quianon</span> <span class='ocrx_word' id='word_1_838' title='bbox 1642 2688 1771 2737; x_wconf 80' lang='lat' dir='ltr'>potuit</span> <span class='ocrx_word' id='word_1_839' title='bbox 1799 2699 1995 2737; x_wconf 83' lang='lat' dir='ltr'>peccare3</span> <span class='ocrx_word' id='word_1_840' title='bbox 2045 2699 2132 2737; x_wconf 84' lang='lat' dir='ltr'>ergo</span> <span class='ocrx_word' id='word_1_841' title='bbox 2161 2685 2202 2722; x_wconf 91' lang='lat' dir='ltr'>in</span> <span class='ocrx_word' id='word_1_842' title='bbox 2230 2681 2378 2721; x_wconf 80' lang='lat' dir='ltr'>Christo</span> <span class='ocrx_word' id='word_1_843' title='bbox 2419 2691 2495 2717; x_wconf 80' lang='lat' dir='ltr'>non</span> 
     </span>
     <span class='ocr_line' id='line_1_111' title="bbox 1373 2737 1968 2791; baseline 0.002 -14"><span class='ocrx_word' id='word_1_844' title='bbox 1373 2771 1401 2791; x_wconf 76' lang='lat'>‚,</span> <span class='ocrx_word' id='word_1_845' title='bbox 1434 2742 1506 2778; x_wconf 81' lang='lat' dir='ltr'>fuit</span> <span class='ocrx_word' id='word_1_846' title='bbox 1537 2739 1704 2777; x_wconf 89' lang='lat' dir='ltr'>liberum</span> <span class='ocrx_word' id='word_1_847' title='bbox 1735 2737 1968 2778; x_wconf 81' lang='lat' dir='ltr'>arbitrium·</span> 
     </span>
    </p>

    <p class='ocr_par' dir='ltr' id='par_1_14' title="bbox 1366 2787 2495 3379">
     <span class='ocr_line' id='line_1_112' title="bbox 1432 2787 2495 2844; baseline -0.008 -13"><span class='ocrx_word' id='word_1_848' title='bbox 1432 2793 1523 2839; x_wconf 72' lang='lat'>245.</span> <span class='ocrx_word' id='word_1_849' title='bbox 1558 2792 1742 2844; x_wconf 81' lang='lat' dir='ltr'>Respond.</span> <span class='ocrx_word' id='word_1_850' title='bbox 1787 2802 1914 2830; x_wconf 85' lang='lat' dir='ltr'>autem</span> <span class='ocrx_word' id='word_1_851' title='bbox 1961 2789 2194 2844; x_wconf 82' lang='lat' dir='ltr'>Angelicus:</span> <span class='ocrx_word' id='word_1_852' title='bbox 2252 2787 2495 2839; x_wconf 84' lang='lat' dir='ltr'>„Voluntas</span> 
     </span>
     <span class='ocr_line' id='line_1_113' title="bbox 1366 2844 2492 2897; baseline -0.009 -12"><span class='ocrx_word' id='word_1_853' title='bbox 1366 2878 1403 2897; x_wconf 25' lang='lat'>⁷„</span> <span class='ocrx_word' id='word_1_854' title='bbox 1433 2848 1572 2885; x_wconf 83' lang='lat' dir='ltr'>Christi</span> <span class='ocrx_word' id='word_1_855' title='bbox 1601 2847 1688 2884; x_wconf 89' lang='lat' dir='ltr'>licet</span> <span class='ocrx_word' id='word_1_856' title='bbox 1721 2846 1834 2883; x_wconf 87' lang='lat' dir='ltr'>fuerit</span> <span class='ocrx_word' id='word_1_857' title='bbox 1863 2847 2113 2885; x_wconf 81' lang='lat' dir='ltr'>determinata</span> <span class='ocrx_word' id='word_1_858' title='bbox 2142 2845 2188 2882; x_wconf 84' lang='lat' dir='ltr'>ad</span> <span class='ocrx_word' id='word_1_859' title='bbox 2215 2844 2359 2881; x_wconf 87' lang='lat' dir='ltr'>bonum</span> <span class='ocrx_word' id='word_1_860' title='bbox 2377 2871 2387 2888; x_wconf 81' lang='lat'>,</span> <span class='ocrx_word' id='word_1_861' title='bbox 2419 2853 2492 2876; x_wconf 86' lang='lat' dir='ltr'>non</span> 
     </span>
     <span class='ocr_line' id='line_1_114' title="bbox 1375 2893 2493 2951; baseline -0.009 -12"><span class='ocrx_word' id='word_1_862' title='bbox 1375 2932 1402 2951; x_wconf 85' lang='lat'>„</span> <span class='ocrx_word' id='word_1_863' title='bbox 1432 2910 1558 2938; x_wconf 86' lang='lat' dir='ltr'>tamen</span> <span class='ocrx_word' id='word_1_864' title='bbox 1589 2909 1640 2937; x_wconf 88' lang='lat' dir='ltr'>est</span> <span class='ocrx_word' id='word_1_865' title='bbox 1668 2900 1915 2938; x_wconf 80' lang='lat' dir='ltr'>determinata</span> <span class='ocrx_word' id='word_1_866' title='bbox 1945 2901 1992 2937; x_wconf 80' lang='lat' dir='ltr'>ad</span> <span class='ocrx_word' id='word_1_867' title='bbox 2022 2899 2093 2936; x_wconf 85' lang='lat' dir='ltr'>hoc</span> <span class='ocrx_word' id='word_1_868' title='bbox 2111 2927 2121 2945; x_wconf 85' lang='lat'><strong>‚</strong></span> <span class='ocrx_word' id='word_1_869' title='bbox 2150 2896 2210 2933; x_wconf 80' lang='lat' dir='ltr'>vel</span> <span class='ocrx_word' id='word_1_870' title='bbox 2241 2896 2286 2933; x_wconf 87' lang='lat' dir='ltr'>ad</span> <span class='ocrx_word' id='word_1_871' title='bbox 2309 2894 2405 2932; x_wconf 87' lang='lat' dir='ltr'>illud</span> <span class='ocrx_word' id='word_1_872' title='bbox 2426 2893 2493 2930; x_wconf 89' lang='lat' dir='ltr'>bo-</span> 
     </span>
     <span class='ocr_line' id='line_1_115' title="bbox 1375 2946 2495 3004; baseline -0.008 -12"><span class='ocrx_word' id='word_1_873' title='bbox 1375 2985 1399 3004; x_wconf 82' lang='lat'><strong>„</strong></span> <span class='ocrx_word' id='word_1_874' title='bbox 1431 2969 1558 2992; x_wconf 86' lang='lat' dir='ltr'>num.</span> <span class='ocrx_word' id='word_1_875' title='bbox 1615 2953 1662 2990; x_wconf 91' lang='lat' dir='ltr'>Et</span> <span class='ocrx_word' id='word_1_876' title='bbox 1707 2953 1789 2990; x_wconf 89' lang='lat' dir='ltr'>ideo</span> <span class='ocrx_word' id='word_1_877' title='bbox 1826 2955 1986 3004; x_wconf 86' lang='lat' dir='ltr'>pertinet</span> <span class='ocrx_word' id='word_1_878' title='bbox 2028 2951 2074 2988; x_wconf 89' lang='lat' dir='ltr'>ad</span> <span class='ocrx_word' id='word_1_879' title='bbox 2119 2951 2312 2988; x_wconf 83' lang='lat' dir='ltr'>Christum</span> <span class='ocrx_word' id='word_1_880' title='bbox 2350 2946 2495 2998; x_wconf 49' lang='lat' dir='ltr'>‘eligere</span> 
     </span>
     <span class='ocr_line' id='line_1_116' title="bbox 1376 3001 2491 3060; baseline -0.009 -15"><span class='ocrx_word' id='word_1_881' title='bbox 1376 3039 1402 3058; x_wconf 78' lang='lat'>,‚</span> <span class='ocrx_word' id='word_1_882' title='bbox 1434 3021 1502 3060; x_wconf 90' lang='lat' dir='ltr'>per</span> <span class='ocrx_word' id='word_1_883' title='bbox 1530 3006 1697 3044; x_wconf 89' lang='lat' dir='ltr'>liberum</span> <span class='ocrx_word' id='word_1_884' title='bbox 1730 3007 1931 3044; x_wconf 83' lang='lat' dir='ltr'>arbitrium</span> <span class='ocrx_word' id='word_1_885' title='bbox 1974 3004 2247 3042; x_wconf 82' lang='lat' dir='ltr'>confirmatum</span> <span class='ocrx_word' id='word_1_886' title='bbox 2291 3003 2328 3039; x_wconf 83' lang='lat' dir='ltr'>in</span> <span class='ocrx_word' id='word_1_887' title='bbox 2366 3001 2491 3047; x_wconf 89' lang='lat' dir='ltr'>bono,</span> 
     </span>
     <span class='ocr_line' id='line_1_117' title="bbox 1375 3056 2493 3112; baseline -0.008 -13"><span class='ocrx_word' id='word_1_888' title='bbox 1375 3093 1403 3112; x_wconf 86' lang='lat'>„</span> <span class='ocrx_word' id='word_1_889' title='bbox 1433 3062 1541 3100; x_wconf 78' lang='lat' dir='ltr'>sicuti</span> <span class='ocrx_word' id='word_1_890' title='bbox 1573 3061 1619 3097; x_wconf 86' lang='lat' dir='ltr'>ad</span> <span class='ocrx_word' id='word_1_891' title='bbox 1651 3060 1807 3097; x_wconf 82' lang='lat' dir='ltr'>Beatos.</span> <span class='ocrx_word' id='word_1_892' title='bbox 1838 3060 1968 3109; x_wconf 83' lang='lat' dir='ltr'>Itaque</span> <span class='ocrx_word' id='word_1_893' title='bbox 1997 3056 2166 3095; x_wconf 79' lang='lat' dir='ltr'>Christus</span> <span class='ocrx_word' id='word_1_894' title='bbox 2196 3056 2385 3095; x_wconf 84' lang='lat' dir='ltr'>Dominus</span> <span class='ocrx_word' id='word_1_895' title='bbox 2415 3061 2493 3091; x_wconf 81' lang='lat' dir='ltr'>erat</span> 
     </span>
     <span class='ocr_line' id='line_1_118' title="bbox 1379 3105 2490 3165; baseline -0.008 -12"><span class='ocrx_word' id='word_1_896' title='bbox 1379 3146 1405 3165; x_wconf 86' lang='lat'>„</span> <span class='ocrx_word' id='word_1_897' title='bbox 1433 3114 1701 3153; x_wconf 82' lang='lat' dir='ltr'>determinatus</span> <span class='ocrx_word' id='word_1_898' title='bbox 1731 3112 1996 3159; x_wconf 70' lang='lat' dir='ltr'>naturaliter,</span> <span class='ocrx_word' id='word_1_899' title='bbox 2027 3110 2061 3147; x_wconf 68' lang='grc'>8(</span> <span class='ocrx_word' id='word_1_900' title='bbox 2091 3109 2236 3162; x_wconf 85' lang='lat' dir='ltr'>absque</span> <span class='ocrx_word' id='word_1_901' title='bbox 2251 3108 2424 3146; x_wconf 78' lang='lat' dir='ltr'>libertate</span> <span class='ocrx_word' id='word_1_902' title='bbox 2444 3105 2490 3144; x_wconf 86' lang='lat' dir='ltr'>ad</span> 
     </span>
     <span class='ocr_line' id='line_1_119' title="bbox 1380 3161 2490 3220; baseline -0.008 -14"><span class='ocrx_word' id='word_1_903' title='bbox 1380 3199 1407 3218; x_wconf 86' lang='lat'>„</span> <span class='ocrx_word' id='word_1_904' title='bbox 1437 3166 1672 3220; x_wconf 81' lang='lat' dir='ltr'>diligendum</span> <span class='ocrx_word' id='word_1_905' title='bbox 1702 3166 1829 3204; x_wconf 88' lang='lat' dir='ltr'>Deum</span> <span class='ocrx_word' id='word_1_906' title='bbox 1847 3196 1857 3213; x_wconf 87' lang='lat'>,</span> <span class='ocrx_word' id='word_1_907' title='bbox 1887 3161 2019 3215; x_wconf 78' lang='lat' dir='ltr'>quoad</span> <span class='ocrx_word' id='word_1_908' title='bbox 2048 3164 2410 3217; x_wconf 56' lang='lat' dir='ltr'>spectficastonem,</span> <span class='ocrx_word' id='word_1_909' title='bbox 2441 3161 2490 3197; x_wconf 72' lang='lat' dir='ltr'>ita.</span> 
     </span>
     <span class='ocr_line' id='line_1_120' title="bbox 1381 3212 2489 3272; baseline -0.008 -12"><span class='ocrx_word' id='word_1_910' title='bbox 1381 3253 1408 3272; x_wconf 83' lang='lat'>,‚</span> <span class='ocrx_word' id='word_1_911' title='bbox 1440 3232 1477 3260; x_wconf 87' lang='lat' dir='ltr'>ut</span> <span class='ocrx_word' id='word_1_912' title='bbox 1507 3234 1578 3258; x_wconf 91' lang='lat' dir='ltr'>non</span> <span class='ocrx_word' id='word_1_913' title='bbox 1609 3229 1699 3257; x_wconf 79' lang='lat' dir='ltr'>esset</span> <span class='ocrx_word' id='word_1_914' title='bbox 1727 3219 1773 3256; x_wconf 83' lang='lat' dir='ltr'>ad</span> <span class='ocrx_word' id='word_1_915' title='bbox 1802 3220 2017 3270; x_wconf 85' lang='lat' dir='ltr'>oppositum</span> <span class='ocrx_word' id='word_1_916' title='bbox 2045 3217 2174 3263; x_wconf 88' lang='lat' dir='ltr'>liber;</span> <span class='ocrx_word' id='word_1_917' title='bbox 2203 3226 2281 3254; x_wconf 85' lang='lat' dir='ltr'>erat</span> <span class='ocrx_word' id='word_1_918' title='bbox 2297 3226 2422 3254; x_wconf 86' lang='lat' dir='ltr'>tamen</span> <span class='ocrx_word' id='word_1_919' title='bbox 2443 3212 2489 3249; x_wconf 85' lang='lat' dir='ltr'>li-</span> 
     </span>
     <span class='ocr_line' id='line_1_121' title="bbox 1381 3266 2488 3324; baseline -0.01 -10"><span class='ocrx_word' id='word_1_920' title='bbox 1381 3306 1407 3324; x_wconf 86' lang='lat'><strong>„</strong></span> <span class='ocrx_word' id='word_1_921' title='bbox 1436 3276 1530 3322; x_wconf 84' lang='lat' dir='ltr'>ber,</span> <span class='ocrx_word' id='word_1_922' title='bbox 1579 3281 1762 3324; x_wconf 79' lang='lat' dir='ltr'>quantum</span> <span class='ocrx_word' id='word_1_923' title='bbox 1793 3273 1839 3310; x_wconf 82' lang='lat' dir='ltr'>ad</span> <span class='ocrx_word' id='word_1_924' title='bbox 1870 3272 1970 3309; x_wconf 90' lang='lat' dir='ltr'>hunc</span> <span class='ocrx_word' id='word_1_925' title='bbox 1989 3302 2001 3320; x_wconf 89' lang='lat'>‚</span> <span class='ocrx_word' id='word_1_926' title='bbox 2042 3271 2103 3311; x_wconf 83' lang='lat' dir='ltr'>vel</span> <span class='ocrx_word' id='word_1_927' title='bbox 2136 3271 2249 3309; x_wconf 88' lang='lat' dir='ltr'>illum</span> <span class='ocrx_word' id='word_1_928' title='bbox 2273 3280 2402 3307; x_wconf 53' lang='lat' dir='ltr'>*actum</span> <span class='ocrx_word' id='word_1_929' title='bbox 2422 3292 2432 3303; x_wconf 89' lang='lat'><strong>.</strong></span> <span class='ocrx_word' id='word_1_930' title='bbox 2458 3266 2488 3315; x_wconf 67' lang='lat' dir='ltr'>f‘</span> 
     </span>
     <span class='ocr_line' id='line_1_122' title="bbox 1379 3318 2489 3379; baseline -0.013 -8"><span class='ocrx_word' id='word_1_931' title='bbox 1379 3329 1461 3371; x_wconf 83' lang='lat' dir='ltr'>Hoc</span> <span class='ocrx_word' id='word_1_932' title='bbox 1484 3328 1533 3369; x_wconf 56' lang='lat' dir='ltr'>›Sv</span> <span class='ocrx_word' id='word_1_933' title='bbox 1553 3326 1721 3367; x_wconf 73' lang='lat' dir='ltr'>&#39;Thomas</span> <span class='ocrx_word' id='word_1_934' title='bbox 1750 3339 1923 3379; x_wconf 82' lang='lat' dir='ltr'>expresse</span> <span class='ocrx_word' id='word_1_935' title='bbox 1942 3326 2056 3366; x_wconf 39' lang='lat' dir='ltr'>*docet</span> <span class='ocrx_word' id='word_1_936' title='bbox 2086 3326 2201 3376; x_wconf 80' lang='lat' dir='ltr'>etiam</span> <span class='ocrx_word' id='word_1_937' title='bbox 2225 3324 2269 3364; x_wconf 76' lang='lat' dir='ltr'>:in</span> <span class='ocrx_word' id='word_1_938' title='bbox 2279 3323 2349 3361; x_wconf 19' lang='lat'>111¹.</span> <span class='ocrx_word' id='word_1_939' title='bbox 2378 3318 2489 3359; x_wconf 55' lang='lat' dir='ltr'>Sento</span> 
     </span>
    </p>
   </div>
   <div class='ocr_carea' id='block_1_6' title="bbox 2332 3371 2437 3414">
    <p class='ocr_par' dir='ltr' id='par_1_15' title="bbox 2332 3371 2437 3414">
     <span class='ocr_line' id='line_1_123' title="bbox 2332 3371 2437 3414; baseline 0 0"><span class='ocrx_word' id='word_1_940' title='bbox 2332 3371 2437 3414; x_wconf 67' lang='lat' dir='ltr'>Dist-</span> 
     </span>
    </p>
   </div>
  </div>
 </body>
</html>
