2583 3685
805 105 887 153 DE
921 105 1033 150 LIB.
1067 104 1199 151 ΑΗΒ.
1232 103 1379 148 POST
1416 104 1580 147 PECC.

55 197 101 230 tu
125 196 271 229 natura
298 187 414 239 lapsae
442 197 566 225 servos
600 198 678 224 esse
703 189 857 236 peccati
876 217 886 234 ,
930 195 993 224 aut
1030 199 1162 225 corru-

81 247 222 282 tionis.
254 240 352 279 Nam
383 240 507 291 primo
533 238 704 278 Christus
733 240 922 278 Dominus
949 239 1096 278 Judaeis
1125 254 1163 277 se

55 254 195 338 liberos.
218 305 294 333 esse
322 291 548 344 jactantibus
576 293 764 346 respondit
793 293 933 333 Joann.
964 292 1066 331 Vlll.
1098 293 1163 337 54.

56 349 185 396 Amen
211 358 336 385 amen
364 345 450 384 dico
479 344 605 396 vobis,
649 351 742 399 quia
770 351 928 395 omnis,
970 350 1034 397 qui
1055 346 1162 396 facit

53 408 285 456 peccatum,
313 412 445 439 servus
474 408 531 438 est
559 404 741 450 peccati.
791 399 934 438 Pariter
961 399 1002 438 S.
1032 398 1162 438 Petrus

54 467 91 499 η,
119 451 240 506 Epist.
269 453 319 492 ll.
354 466 414 507 ¹9·
443 453 489 491 de
518 454 750 506 quibusdam
779 453 955 498 dicebat,
984 465 1051 490 eos
1079 465 1160 489 ser-

50 508 230 547 uos-'esse
257 510 545 559 corruptionis;
591 520 620 545 a
648 521 723 559 quo
751 510 858 544 enim
887 509 971 557 qut's
999 518 1160 555 supera-

49 564 112 601 tus
138 568 224 608 est,
254 558 368 613 hujus
396 561 447 602 <9⁰
475 573 606 599 servus
634 570 719 600 est.
749 560 861 608 Quod
881 559 996 596 etiam
1017 560 1158 610 saepius

49 614 184 666 repetit
213 612 414 666 Apostolus
441 613 582 652 Paulus
610 614 657 652 ad
689 612 845 652 Roman.
866 625 900 648 c.
919 609 985 648 Vl.
1015 611 1094 648 imo
1123 612 1160 648 in

50 675 89 705 2.
120 666 241 719 Epist.
270 667 317 705 ad
347 665 521 708 Timotli.
549 668 597 705 ll.
625 666 688 705 26.
716 665 899 718 quosdam
928 676 1160 701 commemo-

48 726 134 768 rat,
164 721 230 773 qui
260 734 284 758 a
311 719 467 759 diabolo
494 723 635 771 captivi
662 726 845 758 tenentur
874 716 929 754 acl
959 720 1078 767 ipsius
1098 731 1159 755 vo-

50 773 273 812 luntatem:
316 772 467 813 nullum
495 785 582 826 ergo
609 780 661 811 est
701 772 741 810 in
771 770 1034 826 peccatoribus
1063 770 1158 810 libe-

47 839 135 869 rum
165 826 368 865 arbitrium
384 852 400 868 ..

104 880 198 919 225.
228 879 338 932 Resp.
395 887 579 919 occatores
605 878 682 916 dici
724 889 854 916 servos
880 881 1062 928 peccati,
1109 878 1159 918 &

47 936 223 984 captivos
247 931 391 971 diaboi
418 945 525 971 sensu
552 930 708 970 latiore:
738 943 809 969 non
825 932 933 984 quasi
954 930 1076 970 libero
1096 944 1160 970 vo-

47 984 200 1026 luntatis
225 984 384 1025 arbitrio
411 986 487 1023 sint
527 997 678 1038 prorsus
720 984 928 1038 expoliati,
975 985 1039 1023 sed
1067 986 1161 1037 quia

46 1041 175 1096 pravis
189 1037 383 1079 habitibus
398 1037 585 1090 implicati
602 1068 614 1086 ,
643 1036 856 1076 voluntarie
870 1037 1053 1076 obediunt
1074 1052 1160 1089 pec-

43 1100 154 1140 cato,
200 1091 237 1132 ἃ,
263 1090 447 1141 diabolo,
490 1092 600 1131 sicuti
631 1093 727 1130 servi
756 1091 936 1130 obediunt
977 1092 1165 1137 domino..

43 1144 175 1184 Verba
199 1153 326 1184 autem
383 1154 546 1184 ostrema
559 1145 606 1186 S.
617 1143 728 1183 Pauli
755 1143 810 1182 ad
839 1147 958 1194 ipsius
986 1143 1164 1182 volunta-

45 1198 212 1238 tem³ab
234 1159 432 1253 aliquibus
460 1197 729 1249 interpretibus
750 1198 965 1236 referuntur
979 1228 988 1245 ‚
1018 1210 1093 1236 non
1115 1198 1162 1235 ad

42 1251 216 1302 diaboli,
243 1252 307 1290 sed
327 1249 375 1290 ad
390 1250 466 1289 Dei
494 1250 728 1289 voluntatem·
752 1264 829 1304 qua
858 1251 1060 1302 permittit,
1091 1250 1161 1289 ali-

42 1314 138 1361 quos
165 1303 310 1345 diaboli
339 1304 559 1356 captivitate
595 1306 738 1342 teneri.
785 1304 972 1343 Audiatur
1001 1304 1041 1343 S.
1072 1304 1166 1342 Ber-⁴

44 1358 187 1400 nardus
215 1356 341 1396 Serm.
371 1356 437 1395 81.
469 1360 509 1395 in
541 1355 665 1397 Cant..
689 1371 729 1396 n.
761 1371 797 1408 7.
848 1355 1040 1396 Voluntas
1069 1365 1127 1395 est
1148 1387 1159 1406 ‚

45 1422 135 1463 quoe
163 1421 232 1458 se,
261 1422 355 1451 cum
384 1419 486 1448 esset
516 1409 666 1459 libera,
695 1423 852 1448 servam
869 1409 977 1462 fecit
1004 1415 1160 1462 peccati

44 1470 208 1516 peccato
235 1462 490 1502 assentiendo
506 1488 523 1501 .

54 1516 60 1522 ’
99 1513 192 1554 226.
221 1513 298 1552 Ob.
340 1514 529 1554 secundo.
578 1514 619 1552 S.
650 1516 807 1566 August.
852 1519 892 1552 in
929 1515 1162 1554 Enchiritlt'o

44 1581 88 1609 ca
119 1593 130 1606 .
159 1566 225 1606 50.
255 1565 369 1606 Tom.
391 1566 459 1605 VJ.
489 1567 638 1620 inquit:
669 1597 694 1614 „
725 1567 866 1606 Libero
893 1568 1052 1610 arbitrio
1081 1583 1161 1606 ma-

42 1621 69 1674 ,'·‚
89 1582 134 1658 pe
162 1628 269 1659 utens
297 1618 411 1659 homo
438 1619 473 1658 ἃ
501 1634 540 1658 se
569 1620 760 1673 perdidit,
803 1619 837 1658 8t
868 1621 1019 1673 ipsum:
1066 1623 1163 1660 sicut

45 1703 72 1727 ,·,
100 1674 205 1712 enim
231 1673 300 1726 qui
328 1687 367 1713 se
393 1675 556 1722 occidit,
587 1675 719 1726 utique
747 1674 909 1714 vivendo
930 1689 968 1711 se
996 1671 1162 1723 occidit,

44 1756 71 1776 „
101 1726 164 1766 sed
192 1740 231 1766 se
257 1727 464 1768 occidendo
476 1739 553 1766 non
570 1728 664 1766 vivit
755 1728 807 1766 ita
823 1741 911 1766 cum
934 1727 1058 1766 libero
1074 1742 1163 1780 pec-

45 1809 72 1830 „
99 1788 207 1819 catur
235 1779 415 1830 arbitrio,
457 1782 599 1820 victore
627 1790 781 1832 peccato
823 1783 1005 1822 amissum
1035 1790 1087 1818 est
1115 1781 1163 1818 li·

44 1861 72 1882 „
100 1832 239 1872 berum
268 1833 473 1872 arbitrium
503 1836 558 1872 “.
588 1833 669 1873 Hoc
698 1835 838 1886 saepius
867 1837 1000 1885 repetit
1030 1834 1070 1873 S.
1093 1834 1167 1872 Pa-

42 1894 122 1934 ter3
169 1887 248 1925 imo
276 1885 310 1922 &
337 1886 378 1926 S.
407 1886 637 1926 Coelestinus
665 1887 795 1940 Papa,
843 1887 877 1924 &
906 1888 1082 1941 Synodus
1112 1889 1160 1926 ΙΙ.

42 1940 277 1979 Arausicana
292 1969 309 1987 „
333 1939 366 1977 ἃ
383 1939 556 1979 Ecclesia
569 1940 835 1992 Lugdunensis
851 1971 861 1989 ‚
891 1942 925 1978 ἃ
947 1942 1013 1980 alii
1035 1941 1160 1980 Patres

42 2006 122 2035 nou
146 1993 264 2046 pauci,
288 1992 424 2035 iisdem
481 1992 566 2032 lane
595 1994 723 2033 verbis
754 1996 810 2032 usi
844 2003 930 2033 sunt
959 1995 1006 2033 ad
1036 1995 1158 2047 expli·

41 2046 215 2085 candum
238 2044 379 2085 lethale
406 2008 548 2086 &nimis
576 2060 645 2099 per
666 2056 864 2099 peccatum
883 2047 1072 2101 originale
1092 2061 1165 2087 no-

38 2106 114 2138 stro
141 2098 271 2138 libero.
292 2099 452 2139 arbitrio
479 2099 675 2139 inflictum
706 2100 771 2153 (a)
789 2126 811 2143 .

48 2153 54 2158 ’
94 2165 185 2204 227.
214 2151 331 2207 Resp..
357 2153 415 2192 his
429 2153 470 2194 S.
488 2153 715 2209 Augustini,
744 2153 986 2209 aliorumque
1001 2155 1162 2197 Patrum

36 2202 303 2247 locutionibus·
336 2207 518 2246 duntaxat
560 2207 794 2260 significari,
842 2210 958 2248 fuisse
999 2219 1156 2262 peccato

36 2260 161 2319 primi.
186 2261 350 2349 parentis
379 2262 584 2300 extinctam
615 2261 831 2300 libertatem
860 2277 1012 2301 omnem
1029 2293 1040 2311 ,
1078 2276 1154 2304 non

38 2320 190 2351 natura
205 2325 292 2362 em,
322 2313 390 2356 sed,
413 2314 763 2363 supernaturalem
784 2317 829 2354 ad
847 2317 1068 2355 faciendum
1088 2316 1154 2354 bo-

39 2376 135 2402 num
163 2364 354 2414 salutare,
401 2365 436 2402 8:
466 2367 506 2403 in
547 2367 679 2404 ordine
720 2369 1028 2420 supernaturali,
1077 2370 1152 2407 nisi

39 2415 211 2457 Christus
231 2417 424 2456 Dominus
453 2431 521 2456 sua
547 2420 668 2469 gratia
696 2421 807 2458 nobis
835 2421 933 2461 lianc
963 2425 1084 2475 ipsam
1106 2421 1152 2460 li-

38 2467 225 2509 bertatem
255 2471 446 2508 restituat.
477 2470 616 2508 Sensus
643 2472 773 2523 itaque
802 2482 876 2521 est,
905 2488 971 2512 nos
1000 2485 1155 2526 peccato

39 2521 141 2561 Adae·
163 2520 309 2574 justitia
335 2521 512 2576 originali
578 2525 714 2561 rivatos
731 2553 742 2571 ,
786 2525 977 2577 factosque
1006 2526 1157 2565 diaboli.

40 2575 216 2627 captivos.
235 2588 314 2615 nou
342 2588 447 2628 posse
475 2538 624 2616 viribus
666 2576 782 2616 liberi
811 2578 961 2616 arbitrii
1005 2578 1153 2629 aliquid

37 2627 130 2668 boni
159 2628 457 2682 supernaturalis
485 2643 622 2681 agere,
653 2643 716 2668 seu
748 2640 786 2668 nt
807 2631 952 2669 ibidem
983 2631 1154 2684 loquitur

39 2680 81 2721 S.
110 2680 272 2730 Ductor,
310 2685 464 2721 meritis
491 2695 654 2732 operum
684 2694 905 2722 nostrorum
935 2690 1118 2735 reparari
1139 2700 1153 2728 ;

38 2734 108 2778 sed,
129 2747 202 2776 nos.
220 2733 294 2774 hoc
322 2749 429 2797 posse
457 2750 547 2776 cum
575 2738 697 2789 gratia
725 2737 883 2776 Domini
921 2741 1037 2777 nostri
1066 2738 1160 2778 Jesu.

43 2869 108 2904 raon
133 2860 264 2904 quidem
287 2862 484 2905 exequendo
511 2863 545 2895 in
570 2873 694 2905 opere,
725 2863 777 2895 vel
802 2867 1045 2895 consentiente<
1063 2875 1154 2895 men-

45 2910 105 2944 te,
129 2905 320 2940 :ubsolam
346 2910 621 2952 concupiscendo
649 2909 828 2942 secundum
851 2914 1048 2953 passionem
1077 2922 1155 2942 sen-

47 2949 164 2983 sibilie
188 2962 385 2995 αρρεειιιιες
411 2958 454 2991 (7,
479 2957 545 2989 illa
570 2958 850 2999 concupiscentia
877 2966 930 2990 est
954 2965 1075 2999 praeter
1099 2969 1154 2989 ru-

48 2998 170 3029 tionem
183 3017 204 3037 ‚⁴
231 3001 270 3031 (7·
296 3003 532 3040 intellectuum
569 3007 646 3046 quia
669 3005 828 3045 pravenit
854 3003 929 3050 ejus
949 3003 1121 3048 judicium
1141 3023 1153 3042 ‚

45 3053 108 3086 quo
131 3043 333 3094 ndmiente
356 3049 440 3080 tulis
467 3053 621 3091 operatio
647 3049 848 3093 impeditur.
894 3050 1008 3092 Pergit
1035 3058 1152 3093 postea

49 3088 236 3142 Angelicus
259 3089 397 3135 duplici.
415 3093 479 3128 hoc
504 3094 606 3129 modo
630 3095 748 3129 omnia
771 3096 932 3140 Apostoli
958 3095 1065 3128 verba
1093 3107 1153 3127 ex-

45 3146 199 3181 ponere5
225 3143 279 3187 ¹⁸⁸.-
297 3146 335 3171 ιιι
361 3140 638 3184 concupiscentia
665 3153 779 3184 vere,
812 3145 842 3173 ἃ
865 3142 1004 3187 proprie
1032 3152 1153 3185 pecca-

46 3189 122 3214 tum
149 3191 217 3233 non
241 3189 286 3215 sit
304 3203 323 3228 ³,
357 3184 424 3218 nisi
447 3185 640 3231 quando.ei
666 3188 756 3222 liber
780 3189 928 3222 rationis
965 3199 1152 3222 consensus

45 3225 180 3263 accedit
199 3250 208 3259 .
676 3248 685 3256 -

63 3318 70 3326 .
97 3278 145 3311 (a)
177 3273 293 3309 Verba
321 3274 355 3308 S.
382 3276 562 3310 Coelestini
588 3278 623 3311 in
648 3279 759 3324 Epist.
785 3281 828 3315 ad
853 3281 1040 3327 Episcopos
1068 3280 1152 3312 Gal-

46 3319 102 3358 11ae
128 3331 204 3365 cap.
232 3321 286 3365 24.
316 3321 390 3357 haec
416 3331 516 3358 sunt:
559 3344 586 3365 ‚,
613 3325 650 3359 ln
685 3329 972 3371 praevaricatione
998 3326 1081 3362 Adoe
1115 3338 1153 3360 o-

2209 110 2288 162 195

1229 182 1369 222 Christi
1403 193 1626 235 reparante,
1657 183 1690 220 &
1720 192 1898 232 sanante,
1946 197 2034 236 quae
2064 185 2276 223 necessaria
2303 197 2342 220 ο-

1232 238 1364 276 mnino
1394 248 1444 274 est
1474 237 1520 275 ad
1548 239 1727 274 amissam
1758 239 1940 287 justitiam
1973 239 2301 290 recuperandam.

1287 289 1379 328 228.
1408 290 1449 328 S.
1482 291 1710 341 Augustinus
1741 293 1791 328 ita
1822 292 2017 342 perspicue
2038 305 2146 330 suam
2178 302 2343 330 mentem

1231 346 1379 395 aperit,
1411 352 1447 380 ut
1478 356 1551 380 non
1580 343 1654 380 alio
1686 343 1844 395 indigeat
1877 346 2100 397 interprete,
2138 359 2256 397 quam
2286 359 2340 382 se-

1231 398 1340 450 ipso.
1385 396 1430 434 Et
1459 397 1616 448 quidem
1649 398 1772 449 primo
1802 399 1838 434 iu
1870 398 1991 449 Epist.
2024 412 2115 450 217.
2157 399 2202 436 ad
2236 398 2341 436 Vita-

1230 449 1305 487 lem
1335 465 1369 488 c.
1402 450 1440 495 4.
1485 448 1671 487 Liberum
1701 450 1929 498 arbitrium,
1973 454 2127 505 inquit,
2171 451 2226 489 orl
2254 451 2340 488 ‹lilt-

1227 503 1402 555 gendum
1433 502 1566 540 Deum
1596 507 1714 549 primi
1741 508 1895 553 peccati
1914 504 2145 555 gratulante
2173 504 2341 555 perdili-

1231 569 1346 604 mus,
1379 556 1443 594 ubi
1477 558 1675 594 manifeste
1705 558 1898 604 (lectum,
1932 560 1967 595 in
1997 572 2071 610 quo
2093 560 2160 596 sita
2190 560 2235 596 sit
2258 558 2340 596 liaec

1230 609 1343 648 liberi
1362 610 1510 647 arbitrii
1528 610 1695 660 jactura,
1717 624 1852 662 nempe
1869 610 1921 647 ad
1937 610 2177 661 ‹liligeitlum
2194 610 2349 652 Deum.

1230 663 1376 701 Deinde
1407 664 1444 702 in
1473 664 1605 701 eadem
1631 664 1801 716 Epistola
1833 663 1900 700 hoc
1931 660 2133 703 arbitrium
2164 679 2229 718 per
2257 679 2342 716 gra-

1230 718 1321 754 tiam
1352 717 1424 754 Dei
1455 719 1671 769 recuperari
1705 720 1800 754 inter
1831 717 1905 754 alia
1944 717 2028 754 fidei
2069 721 2242 769 dogmata
2272 732 2344 756 nu-

1229 779 1376 817 inerat,
1409 772 1606 822 inquiens:
1637 770 1792 808 Scimus
1810 800 1819 817 ‚
1851 783 1916 807 eos
1934 801 1943 817 ,
1973 784 2033 820 (sus
2051 772 2166 809 corde
2186 776 2341 822 proprio

1229 822 1391 862 credunt
1422 826 1462 860 in
1493 823 1742 872 Dominum,
1777 837 1850 861 sua
1882 823 2084 874 ils-icere
2114 827 2340 873 voluntate,

1228 890 1279 915 ac
1309 876 1429 914 libero
1458 877 1643 915 arbitrio.
1674 876 1804 915 Tertio
1833 889 1875 914 eo
1896 878 1976 929 ipso
2006 879 2042 915 in
2065 893 2149 930 cap.
2168 879 2232 916 50.
2263 878 2342 916 En·

1228 930 1325 970 cliir.
1357 939 1556 984 postquam
1585 931 1767 979 dixisset,
1811 943 1874 967 nos
1904 942 2054 983 propter
2088 933 2224 970 Adami
2260 931 2342 969 cul-

1228 998 1318 1038 pam
1350 986 1465 1022 factos
1494 999 1571 1022 esse
1600 998 1722 1022 servos
1753 986 1925 1038 peccati,
1959 986 2008 1021 ita
2038 985 2191 1022 subdit:
2241 1014 2267 1032 „
2297 998 2342 1021 ac

1228 1068 1255 1087 „
1296 1051 1351 1076 ›er
1381 1038 1450 1075 lioc
1480 1039 1529 1076 ad
1558 1039 1790 1089 peccandum
1824 1038 1922 1075 liber
1951 1041 2082 1090 estqui
2107 1039 2248 1089 peccati
2266 1050 2343 1076 ser·

1229 1121 1254 1141 „
1286 1106 1352 1130 vus
1384 1100 1463 1136 est;
1496 1095 1592 1129 nude
1622 1092 1667 1129 ad
1699 1093 1793 1142 juste
1823 1091 2042 1129 faciendum
2072 1092 2172 1128 liber
2200 1104 2274 1129 non
2305 1106 2351 1128 e·-

1233 1175 1260 1194 „
1292 1147 1365 1192 rit,
1397 1145 1469 1182 nisi
1500 1160 1520 1182 a
1553 1154 1704 1196 peccato
1733 1145 1942 1191 liberatus,
1973 1158 2049 1182 esse
2079 1144 2233 1194 justitia:
2264 1158 2350 1181 coe·

1232 1229 1259 1248 ‚‚
1289 1199 1385 1250 perit
1414 1211 1544 1236 servus
1644 1198 1717 1235 Sed
1747 1200 1793 1234 ad
1824 1199 1918 1235 bene
1948 1198 2168 1235 faciendum
2200 1199 2268 1235 ista
2298 1197 2344 1235 li-

1287 1252 1411 1290 bertas
1442 1253 1540 1289 unde
1578 1252 1647 1289 erit
1678 1250 1824 1288 homini
1869 1251 2044 1298 addicto,
2094 1249 2128 1284 &
2166 1251 2343 1297 vendito,

1231 1334 1256 1352 „
1286 1306 1359 1342 nisi
1389 1305 1580 1353 redimat,
1628 1304 1739 1352 cuius
1769 1304 1834 1342 illa
1866 1316 1937 1342 vox
1981 1312 2034 1340 cst
2063 1302 2208 1353 (Joan.
2239 1302 2345 1341 Vlll.

1230 1387 1255 1406 ,‚
1287 1357 1351 1395 56.
1383 1357 1427 1405 )‚
1476 1357 1518 1395 Si
1546 1371 1611 1395 ros
1640 1356 1759 1395 Filius
1789 1356 2030 1404 liberat-erit,
2060 1365 2153 1394 tunc
2183 1368 2270 1394 vere
2299 1357 2344 1394 [ι’-

1230 1440 1256 1459 „
1286 1409 1367 1448 beri
1396 1413 1501 1448 eritis
1519 1409 1543 1446 ,2
1572 1411 1684 1458 Quod
1715 1420 1920 1462 antequam
1948 1409 2034 1448 fieri
2053 1410 2091 1447 in
2114 1409 2266 1448 homine
2286 1411 2343 1446 in-

1228 1493 1253 1512 „
1286 1465 1430 1515 cipiat‚
1477 1464 1667 1515 quomodo
1696 1465 1899 1516 quisquam
1942 1463 1990 1499 de
2019 1462 2141 1499 libero
2183 1464 2344 1501 arbitrIO

1229 1546 1256 1564 ‚‚
1286 1518 1325 1554 iu
1355 1517 1455 1554 bono
1483 1517 1665 1567 gloriatur
1693 1530 1827 1569 opere,
1858 1518 1925 1568 qui
1956 1514 2133 1553 nondum
2164 1525 2222 1552 est
2249 1514 2344 1553 liber

1231 1597 1257 1616 „
1287 1569 1343 1606 acl
1370 1570 1617 1617 operandum
1647 1569 1769 1618 bene,
1801 1571 1874 1607 nisi
1905 1583 1942 1608 se
1963 1583 2059 1607 vana
2080 1570 2260 1620 superbia
2283 1570 2340 1606 iu-

1231 1649 1263 1668 „
1290 1621 1400 1660 ssatus
1430 1621 1610 1660 extollat?
1640 1626 1667 1644 ‘⁶
1717 1623 1811 1659 Haec
1849 1624 1988 1674 saepius
2030 1625 2164 1674 repetit
2191 1622 2233 1660 S.
2267 1622 2343 1660 Do-

1230 1682 1330 1721 ctor,
1362 1683 1401 1714 ut
1430 1673 1520 1711 Lib.
1536 1674 1644 1711 XlV.
1661 1674 1710 1710 de
1729 1674 1836 1713 civit.
1854 1675 1930 1712 Dec'
1945 1689 2029 1726 cap.
2058 1688 2118 1712 ιι.
2149 1677 2342 1726 iuquiens:

1231 1757 1258 1778 „
1291 1726 1507 1764 Arbitrium
1537 1726 1742 1765 voluntatis
1762 1737 1848 1764 tunc
1864 1737 1915 1764 est
1933 1727 2224 1775 vereliberum,
2254 1742 2345 1767 cum

1231 1809 1257 1829 ,‚
1290 1781 1416 1827 vitiis,
1448 1781 1687 1832 peccatisque
1717 1794 1788 1818 non
1818 1781 1959 1818 servit.
2010 1778 2105 1817 Tale
2134 1779 2264 1818 datum
2295 1790 2345 1819 est

1232 1862 1258 1882 ‚,
1288 1848 1310 1870 a
1340 1834 1447 1881 Deo,
1477 1834 1578 1886 quod
1608 1835 1791 1872 amissum
1814 1835 1967 1886 proprio
1987 1834 2106 1883 vitio,
2137 1834 2207 1871 nisi
2227 1848 2249 1872 a
2268 1847 2345 1886 quo

1231 1916 1257 1936 „
1286 1887 1371 1925 dari
1399 1889 1546 1939 potuit,
1579 1888 1683 1924 reddi
1713 1901 1788 1924 non
1818 1896 1933 1939 potest
1955 1912 1972 1928 .,

1284 1953 1375 1993 229.
1407 1941 1501 1982 Hoec
1530 1950 1629 1978 certe
1673 1940 1913 1988 sufficerent,
1964 1949 2002 1977 ut
2043 1953 2343 1991 cognoscamus,

1226 2008 1343 2047 quam
1376 1994 1590 2033 libertatem
1607 1994 1647 2032 S.
1666 1994 1804 2032 Doctoi·
1833 1995 2010 2031 amissam
2033 1993 2237 2044 intelligat.
2268 1994 2342 2032 Sed

1226 2047 1350 2086 adhuc
1381 2050 1551 2100 apertius
1580 2057 1747 2085 mentem
1763 2061 1875 2086 suam,
1893 2048 2064 2098 exposuit
2084 2046 2172 2085 Lib.
2190 2047 2218 2085 1.
2249 2059 2342 2085 con-

1225 2110 1290 2140 tra
1322 2101 1426 2139 duas.
1451 2105 1569 2152 epist..
1594 2101 1733 2149 Pelag.
1764 2114 1849 2152 cap.
1878 2113 1937 2138 ¹2.
1955 2129 1965 2148 ,
1998 2100 2063 2138 ubi
2093 2098 2249 2138 Juliano
2277 2115 2340 2138 ca-

1224 2154 1376 2192 tholicis
1392 2154 1611 2205 objicienti,
1628 2150 1729 2206 quod
1744 2154 1918 2192 docerent
1935 2183 1945 2202 ‚
1975 2157 2092 2203 primi
2107 2152 2277 2191 hominis
2297 2154 2341 2191 lc·-

1223 2207 1358 2245 berum
1387 2207 1594 2245 arbitrium
1623 2211 1811 2258 periisse,
1859 2208 1915 2247 ita.
1939 2221 2069 2246 secure
2106 2208 2260 2246 nomine
2301 2221 2342 2245 o-

1224 2263 1374 2300 mnium
1404 2261 1626 2314 respondet:
1674 2291 1699 2310 ‚,
1730 2260 1827 2308 Quis
1855 2269 2024 2299 nostrum
2067 2260 2196 2308 dicat,
2239 2261 2342 2313 quod

1225 2345 1251 2364 „
1282 2316 1399 2366 primi
1445 2315 1608 2354 hominis
1640 2323 1794 2368 peccato
1835 2316 1992 2366 perierit
2031 2313 2207 2353 liberum,
2237 2314 2341 2351 arbi-

1223 2399 1250 2419 „
1281 2369 1397 2407 trium
1427 2369 1473 2406 de
1505 2368 1673 2406 humano
1701 2367 1865 2420 genere?
1895 2368 2066 2406 Libertas
2086 2367 2244 2420 quidem
2276 2382 2340 2418 pe-

1223 2452 1250 2471 „
1282 2423 1341 2459 riit
1373 2436 1440 2475 per
1470 2433 1697 2474 peccatum,
1740 2436 1804 2459 seu
1835 2421 1930 2469 illa,
1973 2435 2062 2474 quae
2094 2424 2134 2459 in
2166 2421 2350 2472 paradiso·

1224 2505 1250 2524 „
1280 2476 1381 2523 fuit,
1412 2475 1580 2514 habendi
1611 2476 1766 2527 plenam
1796 2489 1892 2515 cum,
1915 2475 2198 2514 immortalitate
2228 2475 2337 2524 justi-

1223 2528 1372 2576 „tiam
1391 2556 1401 2575 ,
1443 2538 1596 2579 propter
1625 2529 1728 2579 quod
1757 2538 1890 2565 natura
1920 2527 2090 2566 humana
2118 2528 2249 2565 divina
2279 2528 2338 2564 in-

1222 2607 1248 2626 „
1278 2578 1379 2628 diget
1406 2581 1557 2630 gratia,
1586 2581 1731 2616 dicente
1763 2580 1951 2618 Domino:
1981 2579 2023 2617 St
2052 2593 2115 2617 vos
2146 2579 2265 2617 Filius
2293 2579 2338 2614 li-

1223 2659 1249 2679 „
1279 2629 1501 2678 beraverit,
1531 2640 1624 2667 tunc
1653 2643 1741 2668 rere
1770 2630 1878 2667 liberi
1906 2634 2014 2669 eritis
2030 2645 2043 2667 .·
2079 2633 2210 2682 utique
2239 2631 2337 2668 libe·

1225 2713 1250 2732 ‚,
1282 2685 1313 2721 ri
1344 2684 1390 2721 ad
1420 2684 1543 2732 bene,
1575 2682 1748 2736 justeque
1777 2684 1983 2721 vivendum
2013 2686 2067 2721 “.
2115 2683 2258 2722 Totum
2288 2682 2337 2722 il-

1221 2736 1288 2775 lud
1317 2746 1432 2790 caput
1461 2737 1753 2777 exscribendum
1785 2737 1907 2785 foret,
1938 2737 2007 2776 ubi
2033 2750 2122 2775 cum
2154 2735 2336 2787 Apostolo

2184 2790 2282 2829 Pau-

1231 1281 1256 1300 22

1223 2882 1248 2902 „
1277 2872 1375 2894 mnes
1400 2860 1566 2894 homines>
1586 2860 1778 2893 naturalem
1807 2860 2099 2903 possibilitatem,
2125 2862 2336 2894 &innocen-

1224 2929 1249 2947 ‚,
1275 2910 1359 2941 tiam
1387 2906 1600 2952 perdidisse,
1627 2910 1658 2940 δε
1684 2906 1858 2939 neminem
1885 2905 1925 2939 de
1945 2905 2115 2951 profundo
2141 2907 2236 2939 illius
2262 2907 2337 2940 rui-

1223 2975 1250 2995 „
1275 2967 1326 2987 nae
1353 2965 1413 2998 per
1441 2954 1590 2986 liberum
1617 2953 1803 2986 arbitrium
1829 2965 1925 2998 posse
1951 2964 2158 2996 consurgere
2184 2956 2230 2984 “.
2269 2955 2346 2997 Sy·-

1226 2999 1336 3034 nodus
1363 3001 1577 3033 Amusicana
1606 3009 1729 3032 autem·
1749 3010 1823 3043 cap.
1851 2999 1884 3032 6.
1917 2999 1966 3032 ita
1991 2997 2170 3032 definivit:
2215 3021 2241 3039 ‚‚
2268 3001 2335 3033 Ar-

1223 3067 1250 3087 „
1274 3047 1422 3080 bitrium
1449 3046 1639 3078 voluntatis
1667 3046 1700 3078 in
1728 3046 1843 3090 primo
1860 3045 1999 3080 homine
2014 3046 2257 3087 infirmatum,
2280 3047 2334 3078 ni-

1223 3113 1249 3133 „
1275 3095 1303 3126 si
1329 3105 1389 3137 per
1415 3093 1564 3136 gratiam
1591 3092 1756 3136 baptismi
1773 3113 1783 3131 ‚
1810 3104 1876 3126 non
1897 3100 2007 3137 potest
2027 3093 2202 3138 reparari.
2233 3090 2335 3137 Quod

1223 3159 1247 3182 ‚,
1273 3141 1467 3177 amissum,
1511 3138 1575 3169 nisi
1602 3151 1621 3171 a
1646 3150 1715 3182 qno
1740 3139 1852 3183 potuit
1877 3137 1975 3179 dari,
2017 3151 2084 3172 non
2118 3147 2226 3184 potes!
2257 3137 2334 3170 red-

1222 3206 1247 3225 „
1272 3183 1304 3218 di
1332 3189 1379 3216 “.
1407 3186 1457 3218 Ac
1483 3182 1630 3229 denique
1656 3188 1690 3217 5.
1717 3185 1896 3230 Remigius
1921 3186 1956 3218 in
1982 3188 2026 3220 de
2053 3187 2162 3220 tribus
2192 3185 2331 3228 Epic-v-

1221 3234 1267 3265 lis
1296 3232 1432 3264 nomine
1462 3243 1530 3263 suae
1556 3231 1721 3264 Ecclesiae
1750 3231 1888 3276 ajebat:
1932 3253 1958 3274 „
1987 3233 2019 3265 in
2056 3231 2181 3266 idauno
2217 3229 2331 3275 [kf-35-

1221 3299 1245 3318 „
1274 3287 1347 3311 tum
1372 3277 1523 3310 liberum
1551 3278 1738 3310 arbitrium
1767 3280 1808 3313 in.
1826 3279 1988 3324 operibus
2010 3280 2155 3313 mortuis
2183 3279 2338 3312 libi-run

1221 3345 1255 3369 „⁵
1273 3337 1344 3359 esse
1370 3335 1495 3370 posse,
1519 3324 1556 3358 in
1581 3324 1670 3358 vivis
1696 3337 1764 3359 non
1786 3336 1886 3374 posse
1912 3329 1957 3358 “.

1703 3486 1718 3503 A
