2583 3685
870 146 949 191 DE
983 142 1177 192 OPERE
1212 137 1444 186 SEXTAE
1479 137 1629 181 Dnzr.
2261 139 2309 178 g,

94 246 167 287 pro
189 229 363 276 homine,
392 227 460 280 qui
490 234 644 280 peccato
665 226 843 279 originali
864 243 884 265 a
902 229 1088 280 primaeva
1109 228 1198 265 bea-

91 285 248 326 titudine
277 281 481 320 infeliciter
497 282 714 332 exciderat,
750 295 816 319 nec
835 282 1048 319 merebatur
1070 283 1198 332 proin-

88 339 144 378 de·
163 338 201 375 in
232 336 418 374 mundum
462 335 579 373 veluti
611 335 649 374 in
693 344 904 373 terrestrem
947 333 1195 386 paradisum,

89 389 268 428 omuibus
308 388 530 427 affluentem
567 387 743 435 deliciis,
788 390 954 426 intrare.
1002 386 1072 424 Illa
1108 398 1197 422 vero

85 441 321 482 benedictio:
367 441 538 480 Crescite
566 442 616 482 Θ·
645 442 988 492 νηυίιίρΙισιιιηὶηί,
1018 440 1194 491 quamvis

84 496 126 534 in
156 493 310 534 homine
340 497 589 534 successivam
635 496 938 547 propagationem
980 491 1192 542 significet,

84 561 204 600 quam
237 550 338 587 Dens
367 562 410 586 ex
443 562 517 587 uno
546 550 728 598 sanguine
757 547 922 585 derivari
953 544 1124 591 volebat,
1156 545 1194 581 in

119 603 257 641 'scibus
285 611 440 650 tamen,
470 602 507 638 &
534 603 670 640 avibus
700 609 816 653 potest
845 598 922 636 alio
944 598 1054 635 modo
1085 597 1194 634 intel-

85 615 155 706 lilgi
179 669 256 708 pro
286 657 574 707 reproductione
603 655 779 707 perenni,
809 665 885 704 qua
917 650 1036 689 voluit
1067 652 1196 702 singu-

85 706 142 745 hs
169 710 312 760 species
341 710 580 756 conservari,
629 709 707 744 imo
736 707 849 744 etiam
886 704 1043 756 augeri,
1086 713 1197 755 prout

85 774 204 812 genus
235 762 447 804 humanum
478 758 840 821 multiplicabatur.

496 866 666 906 CAPUT
695 863 790 904 VH..

389 972 454 1014 De
480 986 606 1027 opere·
627 972 704 1012 ἀίει·
732 979 860 1011 sextae
877 997 888 1010 .

780 1041 800 1058 O
1075 1049 1078 1053 .

145 1055 382 1134 177.Opus
411 1088 526 1119 sextae
556 1080 632 1119 diei
664 1079 723 1118 liis
751 1078 877 1118 verbis
907 1092 929 1115 a
957 1075 1092 1129 Moyse
1133 1075 1200 1113 de-

83 1134 262 1174 scribitur
291 1149 387 1173 vers.
411 1135 474 1180 94.
506 1133 540 1170 &
566 1148 672 1186 sequ.
704 1163 729 1182 ‚,
759 1133 867 1171 Dixit
896 1143 1044 1183 quoque
1066 1129 1195 1187 Dens,

83 1217 111 1238 „
142 1189 324 1240 producat
352 1197 452 1226 terra
481 1189 650 1225 animam
681 1189 870 1224 viventem
894 1187 931 1222 in
950 1197 1086 1235 genere
1106 1196 1195 1232 suo,

82 1271 110 1291 „
139 1241 307 1293 jumenta
325 1271 337 1289 ,
366 1240 400 1276 ἆ
431 1240 609 1290 reptilia,
638 1239 672 1275 8⁸
702 1239 840 1277 bestias
857 1245 965 1276 terrae
987 1237 1195 1275 secundum

82 1324 110 1346 „
139 1295 282 1346 species
309 1306 422 1331 snas.
454 1292 691 1344 Factumque
722 1301 772 1330 est
803 1293 853 1328 ita
871 1316 881 1329 .
910 1290 960 1328 Et
981 1290 1069 1327 fecit
1090 1289 1195 1329 Deus

85 1375 112 1396 „
141 1347 279 1384 bestias
308 1354 418 1382 terrae
449 1343 558 1395 juxta
599 1347 742 1396 species
771 1357 883 1392 suas,
932 1344 964 1379 &
995 1343 1195 1394 jumenta,

85 1429 112 1448 „
142 1398 176 1434 δι
202 1411 316 1437 omne
344 1398 479 1449 reptile
507 1407 618 1435 terrae
648 1398 687 1434 in
725 1410 860 1449 genere
890 1408 982 1433 suo·
1025 1395 1074 1434 Et
1104 1397 1197 1435 vidit

84 1481 112 1502 „
141 1451 272 1498 Dens,
313 1450 416 1502 quod
445 1459 536 1487 esset
565 1449 706 1487 bonum
738 1453 764 1470 “
787 1474 798 1486 .
846 1449 902 1485 Ita
931 1456 1060 1485 autem
1091 1461 1198 1486 com-

83 1511 272 1542 mentatur
314 1500 414 1538 hune
456 1501 583 1539 locum
613 1501 654 1539 S.
685 1500 860 1539 Thomas·
890 1500 928 1536 1.v
952 1498 994 1536 P.
1032 1514 1101 1550 qu.
1134 1514 1197 1550 72.

83 1563 153 1595 art·-
183 1568 250 1592 un.
285 1553 397 1605 juxta·
423 1567 466 1591 ea
494 1566 584 1605 quae
614 1555 789 1605 superius
816 1553 965 1590 dixerat
995 1551 1050 1588 de<
1071 1554 1198 1603 operi.-

79 1609 154 1649 bus
181 1607 330 1647 dierum
358 1607 682 1660 praecedentium:
713 1636 739 1654 „
768 1606 876 1644 Sicut
905 1606 945 1642 in
974 1604 1035 1642 die
1063 1607 1199 1656 quinto

83 1691 113 1713 ,‚
139 1669 294 1700 ornatur
324 1660 498 1702 medium
521 1673 687 1711 corpus,
728 1659 763 1696 &r
793 1658 988 1710 respondet
1017 1658 1196 1696 secundae

83 1744 112 1765 ‚‚
141 1713 243 1760 diei-5
273 1715 326 1752 ita
354 1715 393 1752 in
421 1722 524 1753 sexto
552 1714 614 1752 die
640 1721 797 1751 ornatur
817 1711 999 1751 infimum
1030 1724 1197 1764 corpus,

78 1765 286 1818 „scilicet
315 1775 420 1806 terra·
440 1781 510 1820 per
539 1765 829 1819 productionem
861 1763 1091 1803 animalium
1123 1775 1196 1802 ter-

84 1849 112 1871 „
141 1821 348 1869 restrium,
384 1820 419 1857 &
444 1821 644 1872 respondet
674 1821 792 1857 tertiae
822 1820 923 1858 diei:
968 1818 1066 1856 unde
1096 1828 1197 1856 utro-

83 1903 112 1923 „
140 1872 258 1926 bique
287 1872 329 1911 fit
359 1875 500 1912 mentio
527 1873 574 1910 de
601 1883 698 1910 terra
716 1899 726 1911 .
755 1873 804 1911 Et
834 1872 896 1910 hic
918 1873 1031 1910 etiam
1062 1886 1196 1912 secuu-

83 1925 232 1976 „dum
262 1927 518 1977 Augustinum
556 1926 645 1965 Lib.
677 1926 726 1964 V.
756 1940 841 1978 sup.
885 1925 1068 1964 Genesim
1109 1939 1196 1977 cap.

84 2009 111 2030 „
145 1979 180 2016 5.
210 1979 393 2018 animalia
422 1981 608 2017 terrestria
627 1980 888 2030 producuntur
908 1979 1197 2030 potentialiter,

77 2055 112 2083 ,5
141 2032 357 2070 secundum·
380 2045 469 2070 vero
496 2031 589 2069 alios
618 2032 777 2070 Sanctos
805 2035 847 2069 in
877 2041 971 2069 actu
1000 2034 1025 2053 “
1044 2058 1054 2070 .

143 2083 230 2135 ¹¹78·
260 2084 443 2125 observat
472 2094 599 2123 autem
630 2095 738 2123 acute
767 2085 808 2124 S„
825 2085 966 2124 Doctor
995 2085 1041 2123 de
1069 2084 1198 2124 bestiis

78 2146 191 2176 terrae
221 2138 366 2177 dictum
394 2151 495 2178 esse:
543 2138 746 2177 Producat
787 2148 898 2178 terr-a.
926 2142 1121 2176 animam
1146 2143 1196 2177 vi.-

78 2199 235 2232 rentem
251 2221 270 2240 ‚.
311 2205 408 2230 cnm-
430 2193 476 2230 de
505 2191 736 2244 reptilibus,
784 2207 849 2231 sen
878 2192 1048 2245 piscibus
1079 2193 1197 2230 maris

76 2245 224 2284 dictum
255 2245 369 2284 fuer-it
398 2259 495 2285 v-ers.
528 2259 592 2285 20.
639 2245 870 2284 Producant
911 2259 1031 2297 aquae
1059 2246 1197 2296 reptile

78 2302 240 2336 animae-
263 2302 419 2338 viventis
435 2313 449 2336 .·
479 2313 548 2338 cur
577 2301 705 2352 itaque
734 2313 818 2338 non-
839 2300 961 2338 etiam-
983 2300 1040 2340 de·
1058 2298 1191 2337 bestiis

78 2359 203 2390 terras·
221 2351 375 2390 dictum.
388 2351 563 2390 similiter
579 2353 651 2390 fuit
667 2365 677 2390 :
707 2352 1021 2391 Producatterra
1041 2351 1196 2404 jumen-

76 2413 142 2452 ta,
173 2404 213 2440 &s
238 2404 416 2456 reptilia'‚
446 2404 479 2440 8t
509 2405 643 2443 bestias
671 2410 826 2443 animoa
854 2410 1012 2444 viventis
1029 2436 1040 2453 ‚
1081 2414 1128 2444 ut
1152 2420 1194 2445 u-

77 2456 268 2507 nobique
288 2456 524 2506 significetur
541 2485 552 2503 ,
584 2456 653 2494 lias
679 2471 878 2508 corporeas
908 2468 1097 2496 creaturas
1127 2457 1194 2496 ha-

76 2508 170 2547 bere
198 2507 355 2560 quidem
384 2511 574 2546 animam
603 2512 819 2557 viventem,
857 2502 929 2547 no'u
958 2519 1087 2547 autem
1117 2524 1195 2548 esse

77 2562 182 2613 ipsas
209 2564 376 2599 animas
405 2560 611 2600 viventes?-

137 2611 224 2666 ¹79·
255 2613 384 2664 Hujus
413 2623 541 2652 autem
572 2614 804 2652 diversitatis
831 2608 930 2652 hanc
951 2613 1060 2651 affert
1089 2626 1133 2650 ex
1153 2612 1204 2659 S»,

75 2667 219 2707 Basilio
248 2668 462 2713 rationem‹;
493 2666 620 2706 voluit
643 2681 780 2720 nempe
800 2667 1000 2718 Scriptura
1028 2668 1196 2704 diversos

77 2721 218 2773 gradus
247 2722 336 2759 vitae
369 2720 408 2758 in
441 2719 658 2759 viventibus
702 2720 957 2772 significare..
996 2749 1022 2768 „
1052 2718 1193 2757 Plantae

82 2804 109 2824 „
137 2775 242 2812 enim
272 2773 415 2813 liabent
445 2774 818 2826 imperfectissimam
841 2775 958 2811 vitam
977 2803 988 2820 ‚
1017 2773 1196 2810 &occut-

80 2856 108 2878 „
136 2835 243 2874 tam3
280 2827 382 2866 nude
411 2829 450 2866 in
477 2839 612 2865 earum
645 2827 889 2880 productione
917 2825 1026 2864 nulla
1054 2826 1198 2863 mentio

79 2910 116 2931 ,,,
137 2879 180 2924 fit
210 2881 257 2923 de
287 2882 398 2930 vita„
416 2881 481 2920 sed
510 2881 632 2920 solum
661 2880 708 2918 de
737 2881 999 2932 generatione,
1029 2880 1196 2932 qniavse-

82 2935 308 2982 ,Lcundum
357 2934 453 2976 hauc
499 2935 621 2973 solam
664 2933 862 2972 invenitur
891 2942 994 2971 actus
1037 2934 1125 2970 vitae
1157 2933 1196 2970 i'n

83 3013 119 3034 „.
141 2988 196 3026 eis
213 3013 256 3026 ..0
285 2989 387 3028 Inter
406 2987 592 3029 animalia
605 2987 939 3040 'veropersectiora
958 2995 1062 3032 sunt,
1092 2998 1196 3024 com-

90 3067 126 3087 „.
147 3041 310 3080 munitet
338 3042 552 3095 loquendo,
595 3042 785 3080 terrestria
813 3039 976 3088 avibus,
1018 3037 1055 3075 &-
1083 3040 1196 3091 pisci·

84 3120 113 3140 „
143 3090 275 3132 bus...
303 3104 453 3147 propter
471 3096 751 3134 distinctionem
769 3093 1034 3132 membrorum
1055 3091 1089 3128 ἃ
1109 3105 1196 3143 per—

85 3173 126 3195 „1
146 3145 345 3187 sectionem
373 3150 633 3200 generationis>
654 3152 680 3171 “
698 3175 709 3187 .
739 3148 937 3199 Scriptum
957 3159 1045 3197 ergo
1075 3147 1195 3196 pisces

83 3207 194 3239 vocat
222 3211 301 3241 nou
328 3203 513 3239 animam
543 3208 755 3250 viventem,
785 3201 858 3238 sed*
879 3201 1013 3249 reptile
1042 3201 1196 3242 ayzimae

85 3253 276 3296 vis-entim,
315 3261 460 3292 terrena
487 3253 831 3306 autemanimalia
868 3262 976 3292 vocat
1006 3255 1195 3290 animam

86 3307 313 3353 ssivzentem„,
337 3314 495 3358 propter.
518 3307 913 3358 perfectioneni.‚vitae>
936 3307 977 3344 iu
1007 3307 1081 3351 eis3
1111 3317 1195 3355 per·

85 3358 172 3397 inde
199 3373 244 3396 ac
273 3360 301 3395 si
334 3359 453 3409 pisces
483 3359 555 3396 sint
583 3372 740 3409 corpora
769 3359 949 3400 habentia
978 3357 1127 3411 aliquid
1156 3372 1195 3397 a·

193 3410 431 3470 Gazzanz'ga
463 3409 592 3454 Theoi.
621 3412 734 3454 Tom-
754 3411 835 3453 IV..

1265 218 1410 264 nimae,
1441 218 1631 254 terrestria
1661 229 1748 253 vero
1778 215 1959 253 animalia
1989 222 2144 268 propter
2173 215 2372 267 perfectio·

1264 285 1352 309 uem
1385 272 1471 311 vitae
1502 270 1576 307 siut
1607 271 1714 321 quasi
1753 271 1892 306 anima:
1931 270 2164 307 dominantes
2205 270 2374 320 corpori·

1264 324 1365 363 bns.
1412 321 1730 374 Perjscctissimus
1759 333 1894 359 <tutem
1937 321 2088 373 gaulus
2131 325 2216 359 vitoe
2245 331 2301 359 est
2332 325 2373 357 in

1263 376 1453 421 homine‚·
1497 376 1545 416 ὼ·
1575 375 1661 413 ideo
1690 379 1809 412 vitam
1840 375 2007 412 homenis
2050 389 2129 412 non
2159 374 2251 413 dicit
2280 387 2369 424 pro-

1263 430 1351 468 duct·
1382 444 1409 468 ιι
1437 435 1547 466 term
1564 459 1575 477 ‚
1604 429 1660 466 vel
1689 442 1820 480 aquit,
1849 434 1943 466 sicut
1961 438 2180 467 ceterorum
2208 431 2372 465 ‹tunnin-

1265 484 1359 521 lium
1383 514 1394 532 ,
1424 482 1493 521 sed
1521 495 1548 519 ιι
1577 481 1665 520 Deo
1681 509 1700 520 ..

1326 538 1412 576 180.
1444 535 1632 574 observat
1661 537 1795 574 iterum
1827 536 1927 574 idem
1956 535 1994 574 S.
2024 536 2191 584 Doctor,
2222 533 2384 573 nullum-

1267 605 1343 629 esse
1374 591 1516 629 vitium
1541 591 1582 628 in
1613 591 1658 627 iis
1689 589 1813 628 verbis
1841 588 2028 626 ,lumenta
2052 620 2062 637 ‚
2110 593 2159 630 (9¹
2189 589 2372 637 reptilia,

1264 646 1313 686 Θ
1343 643 1490 682 bestias
1519 652 1639 680 terra?
1655 657 1674 686 ;1
1699 645 1807 694 quasi
1838 643 1978 680 scilicet
2009 642 2108 680 male
2137 643 2374 692 distinguan-

1266 707 1325 736 tur
1354 697 1555 748 jumenta,
1592 696 1626 732 8<
1655 696 1785 734 bestiae
1816 706 1924 732 terra?
1943 726 1953 743 ,
1996 710 2084 733 cnm
2115 706 2277 746 utraque
2304 694 2374 732 sub

1264 752 1396 789 eodem
1424 764 1560 803 genere
1588 750 1881 802 quadrupedum
1898 752 2181 787 contineantur.
2215 747 2378 784 Nullum

1263 806 1424 856 inquam
1455 804 1518 842 hic
1547 813 1599 841 est
1630 804 1791 841 vitium:
1838 816 1927 840 nam
1968 816 2031 853 per
2074 802 2269 852 jumenta,
2313 799 2374 836 vel

1262 871 1400 910 pecora
1429 856 1694 907 intelliguntur
1722 856 1911 894 animalia-
1933 856 2161 902 domestica,
2191 867 2278 905 quae
2311 852 2375 889 lto·

1262 912 1361 951 mini
1392 913 1588 948 serviunt.
1625 909 1693 948 Per
1722 909 1857 947 bestias
1887 918 2012 947 autem
2042 908 2307 959 intelliguntur
2336 920 2375 942 ar

1263 963 1425 1003 nimalia
1455 977 1583 1011 saeva,
1614 972 1657 1000 nt
1683 965 1783 1011 ursi,
1812 963 1845 998 ὅ(
1877 962 2026 1010 leones,
2075 975 2164 999 uam
2196 959 2376 998 hebraica

1265 1030 1337 1057 vox
1375 1023 1510 1059 uma.
1536 1015 1736 1054 &hemah
1784 1018 1938 1068 proprie
1979 1015 2167 1065 siguificat
2203 1025 2384 1065 pecora,

1266 1085 1330 1110 seu
1360 1071 1544 1110 animalia
1573 1078 1766 1108 mausueta
1784 1099 1793 1115 ‚
1824 1070 1860 1104 &-
1885 1070 2117 1112 domesticam
2149 1080 2218 1104 vox
2249 1076 2376 1104 antem

1267 1130 1340 1177 Ἢ)
1374 1123 1522 1174 (ΙΙιιιῘιιῖ
1549 1124 1688 1161 dicitur
1718 1123 1763 1160 de
1794 1124 1892 1159 feris
1911 1121 2185 1173 sylvestribus.
2220 1119 2290 1156 Per
2322 1132 2377 1155 re-

1292 1179 1374 1216 tilia
1402 1177 1560 1214 demum
1590 1176 1855 1228 significantur
1875 1173 2057 1211 animalia
2074 1203 2084 1220 ,
2114 1186 2202 1225 quae
2226 1171 2284 1209 vel
2307 1185 2378 1208 non

1263 1190 1406 1268 liabent
1437 1230 1546 1281 pedes
1564 1260 1575 1278 ,
1617 1229 1758 1282 quibus
1787 1227 1982 1267 eleventur
2012 1240 2034 1262 a
2063 1234 2161 1263 ter-ra
2181 1255 2192 1273 ‚
2235 1233 2274 1262 ut
2303 1237 2377 1261 set-

1266 1292 1417 1334 pentes-3
1447 1282 1507 1321 vel
1538 1282 1675 1321 liabent
1705 1283 1860 1329 breves,
1890 1280 2031 1332 quibus
2060 1292 2199 1331 parum
2228 1277 2379 1315 elevan-

1265 1343 1352 1383 tur,
1383 1343 1423 1372 ut
1452 1335 1603 1374 lacertae
1621 1335 1697 1383 ‚·&
1726 1335 1900 1372 formicae
1918 1360 1929 1371 .
1958 1332 2192 1383 Quanquam
2223 1343 2311 1369 vero
2341 1332 2379 1368 in

1267 1401 1379 1440 opere
1407 1389 1482 1426 diei
1512 1390 1658 1441 quintae
1689 1387 1758 1425 hoc
1796 1399 1934 1424 nomen
1970 1385 2186 1423 adhibitum
2233 1385 2304 1422 snit
2333 1384 2380 1421 ad

1267 1441 1530 1492 significandos
1561 1444 1708 1493 pisces,
1755 1440 2010 1477 communiter
2040 1446 2165 1475 tamen
2196 1438 2235 1474 iu
2265 1438 2381 1475 sacris

1267 1493 1402 1531 litteris
1432 1496 1594 1532 sumitur
1626 1508 1693 1545 pro
1723 1491 1957 1531 animalibus
1986 1490 2246 1538 terrestribus,
2293 1502 2382 1541 quae

1266 1555 1413 1596 reptant
1442 1560 1555 1597 super
1584 1557 1722 1584 terram
1740 1573 1750 1584 .

1327 1597 1414 1635 181..
1445 1599 1658 1649 Antequam
1689 1611 1779 1636 vero
1808 1598 2096 1650 progrediamur
2127 1595 2311 1644 ulterius,
2341 1610 2380 1633 a·

1266 1650 1436 1689 dorauda
1466 1649 1528 1688 hic
1557 1659 1616 1687 est,
1637 1650 1769 1688 diviua
1799 1650 2054 1700 providentia,
2103 1663 2190 1699 quae
2222 1659 2271 1688 tot
2298 1650 2381 1687 ani-

1265 1703 1385 1755 malia
1415 1712 1633 1750 mansueta,
1664 1701 1698 1739 δι
1727 1703 1932 1740 domestica
1961 1703 2096 1741 nostris
2117 1702 2244 1739 usibus
2273 1703 2384 1740 desti·

1265 1758 1398 1803 navit3
1429 1758 1506 1794 sine
1535 1767 1701 1809 quorum
1730 1754 1876 1793 auxilio
1905 1765 1968 1793 aut
1997 1756 2062 1793 vix
2080 1784 2090 1802 ‚
2125 1762 2189 1790 aut
2219 1754 2379 1794 nullate·

1266 1824 1335 1848 nus
1365 1819 1485 1862 posset
1516 1809 1630 1848 homo
1657 1822 1764 1860 agros
1793 1807 1942 1858 colere,
1972 1809 2106 1860 gravia
2123 1820 2239 1845 onera
2268 1816 2385 1846 trans-

1267 1863 1391 1912 fer-re,
1424 1865 1535 1915 longa
1564 1865 1702 1902 itinera
1733 1862 1947 1910 instituere,
1997 1860 2219 1907 aedificare,
2249 1861 2383 1910 cibos,

1267 1931 1311 1955 ac
1342 1919 1562 1956 vestimenta
1581 1913 1654 1955 sibi
1677 1928 1879 1968 procurare
1897 1944 1907 1962 ‚
1939 1915 1970 1950 δι
1993 1914 2175 1966 pleraque
2190 1913 2267 1952 alia
2283 1928 2382 1965 prae·

1271 1980 1369 2009 stare
1384 2002 1402 2019 ,.
1427 1970 1568 2023 quibus
1598 1972 1675 2009 vita
1705 1977 1947 2016 sustentatur,
1977 1967 2011 2004 8<
2041 1966 2210 2005 humana
2229 1969 2384 2006 societas

1267 2026 1482 2063 continetur
1500 2050 1510 2061 .
1541 2023 1595 2062 Et·
1619 2035 1756 2074 magno
1785 2024 1824 2059 iu
1855 2034 1981 2058 errore
2011 2029 2108 2058 esset·
2131 2018 2270 2068 homo,
2300 2023 2329 2058 si
2351 2022 2382 2059 i-

1267 2091 1334 2130 pse
1363 2077 1438 2115 sibi
1466 2079 1512 2115 de
1541 2090 1608 2114 suo
1635 2077 1787 2127 ingenio
1807 2073 2070 2121 blandiretur,
2099 2074 2205 2125 quasi
2229 2075 2382 2125 propria

1266 2131 1460 2178 iffnstria„
1482 2130 1566 2174 liaec
1596 2129 1781 2168 animalia
1809 2128 2021 2175 domasset,
2049 2135 2162 2178 atque
2191 2127 2236 2163 ad
2259 2128 2382 2165 varios

1267 2184 1495 2222 exercendos
1523 2183 1672 2222 labores
1688 2190 1847 2235 aptasset
1867 2207 1876 2219 .
1908 2211 1934 2230 „
1964 2180 2164 2231 Numquid
2187 2179 2286 2216 volet
2303 2179 2381 2217 rbi.-

1267 2267 1293 2287 ,‚
1323 2250 1486 2276 noceros
1507 2238 1649 2276 servire
1677 2237 1770 2284 tibi,
1799 2233 2074 2273 aitDominus
2093 2230 2162 2269 Job
2181 2231 2381 2271 XXXIX.

1264 2321 1290 2340 „
1319 2305 1360 2343 9.
1389 2304 1526 2342 sequ„
1574 2299 1639 2328 aut
1681 2287 1894 2327 morabitur
1936 2288 1983 2326 ad
2027 2299 2198 2339 praesepe
2240 2285 2381 2324 tuum?

1263 2374 1291 2394 „
1321 2344 1522 2396 Numquid
1552 2342 1738 2394 alligabis
1757 2342 1995 2380 rhinocerota
2015 2340 2061 2378 ad
2081 2339 2269 2378 arandum
2299 2339 2380 2376 loro

1264 2428 1290 2448 „
1320 2407 1405 2446 tuo,
1434 2397 1724 2448 autconsringet
1739 2395 1869 2447 glebas
1885 2394 2046 2433 vallium
2071 2391 2227 2445 postte?
2258 2391 2378 2430 Num·

1264 2480 1290 2500 „
1320 2452 1414 2503 quid
1443 2451 1626 2489 fiduciam
1660 2449 1886 2488 habehisxin
1928 2462 2071 2499 magna-
2095 2446 2312 2484 fortitudine
2342 2458 2381 2481 e·

1265 2533 1290 2551 ,‚
1320 2503 1407 2554 jus,
1427 2503 1480 2550 *St
1508 2503 1749 2554 derelinques
1777 2504 1813 2539 ei
1842 2500 1992 2540 labores
2019 2497 2132 2538 tuos?
2179 2497 2379 2549 Numqui]

1264 2583 1290 2601 ,‚
1318 2555 1446 2592 credes
1476 2554 1563 2602 illi,
1607 2555 1709 2604 quod
1738 2562 1942 2592 sementem
1973 2553 2101 2589 reddet
2130 2551 2199 2589 ribi
2217 2581 2228 2598 ‚
2276 2550 2313 2585 &-
2340 2565 2380 2586 a·

1264 2635 1292 2654 ‚.,
1320 2619 1428 2644 ream·
1453 2615 1559 2643 tuam
1586 2612 1786 2655 congreget
1815 2602 1872 2639 “?
1919 2604 2073 2649 Quibus
2113 2603 2244 2639 verbis
2273 2603 2379 2641 Deus

1264 2658 1384 2697 voluit
1414 2657 1520 2695 nobis
1549 2659 1590 2695 in
1619 2657 1845 2694 memoriam
1875 2655 2065 2706 singulare
2110 2653 2206 2692 illud
2235 2654 2378 2693 henefi-

1265 2714 1369 2750 cium
1400 2724 1603 2758 revocare,
1650 2721 1728 2761 qno
1756 2707 1951 2761 aliquibus
1981 2708 2110 2747 bestiis
2138 2706 2241 2746 hunc
2272 2716 2379 2749 naui,

1265 2764 1386 2803 ralern
1418 2766 1638 2802 instinctum
1669 2763 1883 2814 impressit,
1931 2769 1973 2798 ut
2002 2761 2147 2799 homini
2188 2762 2388 2810 serviant,

1264 2818 1474 2870 facilesque
1504 2816 1563 2855 illi
1592 2831 1631 2853 se
1659 2816 1852 2868 praebeant
1895 2815 1941 2852 ad
1970 2814 2192 2852 durissimos
2229 2812 2389 2852 labores.

1265 2885 1336 2924 pro
1364 2871 1446 2924 ejus
1475 2870 1637 2909 utilitate
1664 2868 1920 2907 sustinendos:
1964 2868 2064 2907 unde
2092 2880 2195 2918 saepe
2231 2880 2291 2904 eas
2321 2868 2379 2905 vi-

1264 2923 1398 2964 d'emns
1427 2927 1541 2963 etiam
1571 2935 1775 2976 puerorum
1819 2920 2192 2972 jussibusobedi're,
2234 2921 2314 2958 imo
2341 2920 2377 2958 ἃ

1238 2993 1241 2996 ·
1265 2978 1492 3018 verberibus
1522 2992 1587 3014 eas
1611 2976 1673 3014 ad·
1684 2974 1941 3014 obediendum
1970 2975 2081 3026 cogi,
2123 2974 2220 3026 quin
2247 2987 2287 3011 se
2315 2986 2375 3012 ar-

1263 3033 1337 3071 mis
1365 3033 1452 3070 suis.
1469 3031 1651 3069 obstinate
1680 3028 1916 3067 defendant-0
1945 3026 2095 3067 Inutilis
2123 3036 2250 3066 autem
2281 3027 2377 3065 soret

1263 3088 1392 3124 omnis
1416 3098 1531 3136 opera
1560 3084 1606 3120 ad
1636 3082 1836 3120 ferociores
1862 3082 2003 3121 bestias
2028 3082 2194 3133 imperio
2209 3079 2387 3118 hominis.

1263 3138 1591 3182 assuefaciendas3
1621 3147 1705 3174 non-
1726 3134 1803 3173 alia
1831 3145 1931 3174 certe
1958 3136 2006 3173 de
2025 3148 2167 3183 causa,
2195 3133 2387 3186 nisi-quia.

1262 3191 1342 3230 illis
1371 3191 1473 3228 Dens
1503 3190 1610 3227 hunc·
1635 3190 1852 3227 instinctum
1883 3201 1955 3227 non
1983 3188 2113 3226 dedit.

1322 3243 1407 3282 182.
1441 3243 1509 3281 llla
1540 3244 1653 3281 etiam
1683 3243 1812 3280 nostris
1841 3240 2203 3281 considerationibus
2219 3253 2296 3278 sese
2315 3237 2381 3274 ot*->

1262 3299 1334 3336 fert
1362 3297 1601 3335 admirabilis
1629 3296 1762 3334 divina
1793 3296 2062 3346 providentia,
2091 3308 2179 3346 quae
2208 3303 2284 3330 tam
2314 3289 2381 3328 sax·—

1263 3350 1363 3401 cite,
1393 3350 1427 3388 &
1455 3352 1652 3404 copiosum
1679 3348 1858 3389 omnibus
1885 3349 2017 3389 bestiis
2046 3350 2062 3400 (
2091 3346 2221 3399 paucis
2249 3341 2384 3381 carni*

1766 3415 1807 3443 11
2249 3405 2327 3436 Vov-
