2583 3685
784 87 863 134 DE
899 88 1064 134 PECC.
1096 87 1328 136 ORIGIN.
1363 89 1663 138 TRADUCE.

104 181 174 226 97·
204 171 317 213 Hane
342 166 584 223 quorundam
612 165 797 208 rationem
840 169 1007 208 excludit
1038 171 1160 223 Ange-

51 225 178 276 licus,
205 227 318 279 quin:
348 252 374 270 ‚,
403 222 489 260 dato
515 221 618 274 qnod
649 220 771 273 aliqui
801 223 968 263 defectus
985 237 1161 275 corpora-

52 311 82 332 „
110 282 163 321 los
201 294 224 318 a
252 283 404 330 parente
445 283 634 313 transeant
671 276 710 313 in
749 277 893 328 prolem
939 291 1005 329 per
1045 278 1161 328 origi-

54 366 83 386 „
106 345 222 379 netu,
251 329 285 368 ἃ
314 330 426 368 etiam
456 328 577 380 aliqui
606 329 775 368 defectus
790 332 931 368 animae
959 343 1003 368 ex
1033 342 1162 368 conse-

51 384 234 439 „quenti
266 391 419 435 propter
447 383 614 435 corporis
657 382 979 433 indispositionem
1024 384 1039 434 (
1069 384 1163 422 sicut

35 469 80 492 ⁷„
103 437 295 476 interdum
326 449 371 474 ex
403 436 516 473 fatuis
559 436 651 473 fatui
689 446 916 487 generantur
946 437 989 485 ),
1036 445 1163 474 tamen

49 521 77 543 „
104 488 175 529 hoc
207 490 331 542 ipsum
349 519 360 537 ,
401 490 503 541 qnod
534 498 586 527 est
615 503 660 527 ex
688 492 834 541 origine
863 490 1031 541 aliquem
1061 489 1165 526 defe-

46 574 75 596 „
101 552 207 583 ctum
237 542 378 581 habere
396 573 407 592 ,
450 543 599 580 videtur
628 542 830 581 excludere
867 543 1050 582 rationem
1080 541 1163 579 cul-

46 627 75 649 „
132 610 192 645 ae,
221 596 268 634 de
296 595 406 647 cujus
437 597 580 634 ratione
609 607 689 644 est,
717 595 816 647 quod
844 596 890 633 sit
919 594 1160 632 voluntaria.

46 680 75 702 ,‚
103 612 215 690 buda
244 651 357 690 etiam
389 651 535 702 posite,
577 650 678 701 quod
706 649 836 686 anima
866 646 1058 685 rationalis
1087 657 1161 684 tra-

47 733 77 755 „
104 705 336 751 duceretur,
384 716 427 740 ex
459 702 530 741 hoc
561 703 661 753 ipsu,
707 699 806 752 quod
836 700 991 738 infectio
1019 701 1160 738 animae

45 787 74 808 „
103 757 222 810 prolis
248 770 321 795 non
349 764 442 795 esset
471 756 510 794 in
541 753 622 805 ejus
651 752 867 800 voluntate,
895 754 1081 792 amitteret
1100 767 1161 792 ra-

47 840 76 862 „
103 811 246 849 tionem
273 808 404 862 culpae
432 807 635 857 obligantis
663 805 709 844 ad
739 820 922 855 poenam,
963 808 1084 859 quia,
1121 816 1161 845 ut

45 893 74 914 „
101 862 353 916 Philosophus
380 862 471 899 dicit
501 861 539 897 in
571 859 639 897 111.
681 857 935 898 Ethnicorum
978 874 1063 911 cap.
1097 861 1158 909 5.,

44 946 72 966 ,‚
101 915 231 955 nullus
261 912 533 968 improperabit
561 923 666 950 caeco
693 921 799 960 nato,
842 914 907 953 sed
937 916 1055 965 magis
1084 914 1158 952 mi-

44 999 74 1019 „
103 970 288 1009 serebitur
311 971 367 1007 “0

92 1022 165 1076 98.
193 1021 348 1061 Tertio.
389 1018 561 1068 Quidam
589 1018 636 1057 ad
662 1017 738 1059 hoc
778 1021 1005 1072 mysterium
1035 1017 1157 1073 expli-

41 1076 208 1117 candum
234 1075 435 1114 commenti
467 1082 553 1112 sunt
582 1081 736 1125 pactum
765 1073 948 1124 aliquod,
996 1073 1055 1111 vel
1085 1087 1156 1112 ex-

38 1129 238 1180 plicitum,
282 1126 342 1165 vel
370 1126 502 1165 saltem
532 1126 767 1177 implicitum
799 1125 923 1164 Deum
956 1128 1079 1175 inter,
1121 1127 1156 1165 ἃ

39 1181 192 1230 Adam,
221 1190 260 1219 ut
289 1182 318 1218 si
349 1181 417 1219 iste
444 1178 629 1230 justitiam
644 1178 869 1230 originalem
886 1178 1049 1218 fideliter
1069 1194 1158 1219 con-

39 1243 243 1283 servasset,
272 1232 356 1285 ejus
385 1234 519 1284 posteri
548 1246 638 1269 cum
659 1233 789 1270 eadem
819 1232 964 1281 justitia
990 1234 1158 1284 origina-

39 1286 72 1326 li
101 1287 263 1326 feliciter
304 1293 571 1328 nascerentur3
619 1294 750 1323 contra
778 1298 867 1323 vero
909 1288 936 1324 si
984 1286 1051 1323 ille
1091 1300 1159 1325 suo

39 1340 210 1379 Creatori
240 1341 407 1390 ingratus
435 1336 516 1387 lege
536 1336 672 1375 violata
697 1337 876 1383 iustitiam
894 1368 905 1386 ,
935 1338 969 1375 8t
997 1341 1158 1391 gratiam

38 1392 341 1431 sanctificantem
371 1391 578 1437 amisisset,
608 1390 779 1428 infelices
808 1391 891 1441 ejus
912 1395 1044 1442 posteri
1066 1407 1156 1430 cum

36 1446 174 1485 eadem
204 1445 385 1492 iustitia,
431 1442 465 1480 ἃ
492 1444 624 1494 gratias
655 1444 868 1494 privatione
910 1446 1084 1484 venirent
1112 1447 1153 1484 in

39 1498 230 1538 muudum
246 1522 259 1536 .

151 1577 162 1589 .
193 1550 249 1588 Ad
278 1562 394 1602 quam
409 1549 630 1588 sententiam
646 1550 765 1601 magis
780 1549 1043 1589 illustranlam
1064 1563 1153 1589 non-

38 1603 151 1644 nula
175 1603 346 1649 addunt3
392 1615 530 1654 nempe
572 1603 700 1655 primo
732 1605 908 1643 omnium
953 1604 1155 1642 hominum

38 1655 247 1696 voluntates
274 1656 388 1696 fuisse
414 1658 455 1695 in
487 1655 624 1695 Adami
652 1655 847 1695 voluntate
874 1657 1156 1710 quodaminodo

39 1709 227 1749 inclusas:
255 1710 420 1748 secundo
434 1739 446 1757 ,
477 1709 668 1748 Adamuin
690 1719 888 1762 propterea
909 1710 1024 1748 fuisse
1045 1711 1156 1749 totius

40 1760 201 1802 humani
230 1764 378 1812 generis
405 1770 545 1814 caput,
575 1776 649 1801 non
679 1763 801 1801 solum
831 1762 1064 1816 physicum,
1093 1763 1158 1802 sed

43 1817 157 1855 etiam
188 1817 340 1856 morale
355 1845 368 1864 ,
395 1824 581 1868 quatenus
599 1816 776 1855 omnium
798 1815 1008 1854 voluntates
1028 1819 1067 1855 in
1089 1831 1157 1855 sna

40 1868 236 1910 voluntate
261 1869 496 1908 continebat:
525 1871 635 1907 tertio
648 1868 1063 1909 oinnibushoininibus
1085 1871 1157 1908 im·

42 1923 252 1976 putandam
279 1936 357 1960 esse
384 1922 505 1961 divini
523 1924 706 1974 praecepti
723 1922 994 1970 violationem,
1023 1938 1158 1977 quem-

41 1975 251 2015 admodum
277 1975 454 2013 omnibus
483 1975 612 2014 fnisset
642 1977 828 2027 imputata
856 1975 1026 2027 ejusdem
1058 1991 1158 2029 prae-

41 2029 143 2082 cepti
171 2027 405 2073 observati03
434 2027 468 2064 81:
497 2029 552 2064 sic
578 2026 740 2079 iirelligi
761 2028 876 2067 facile
893 2059 905 2078 ,
933 2030 1036 2081 quod
1064 2030 1159 2070 dicit

42 2081 272 2135 Apostolus,
313 2093 454 2120 omnes
482 2079 660 2120 homines
689 2085 733 2119 in
757 2081 898 2120 *Atiam
938 2095 1127 2132 peccasse
1143 2099 1159 2129 ;

40 2135 135 2188 quia
160 2147 293 2175 omnes
321 2148 389 2173 sua
417 2133 609 2174 voluntate
639 2137 676 2172 in
698 2133 888 2175 voluntate
911 2135 1050 2175 Adami
1070 2150 1159 2176 cou-

41 2195 143 2228 tmta
170 2187 292 2227 libere
319 2198 556 2241 praeceptum
586 2188 773 2227 Divinum
801 2190 1017 2242 transgressi
1049 2199 1158 2229 sunt.

103 2254 190 2281 too.
219 2241 294 2281 Sed
352 2243 447 2280 rimo
476 2241 573 2280 illud
591 2242 759 2281 maxime
784 2242 929 2290 obstat,
959 2243 1060 2295 quod
1091 2259 1158 2296 pa·

39 2293 95 2333 cti
122 2292 238 2346 hujus
264 2256 420 2334 minum
448 2295 489 2333 in
513 2295 634 2333 >sacris
662 2295 814 2334 Litteris
849 2296 1052 2347 vestigium
1090 2311 1158 2349 ap-

141 2355 181 2393 t,
213 2346 402 2399 nullaque
429 2346 536 2385 illius
566 2349 707 2385 mentio
734 2349 837 2401 apud
867 2359 1010 2388 sanctos
1039 2348 1164 2388 Patres

45 2360 234 2447 miserm,
263 2400 463 2452 precipue
487 2411 579 2436 vero
607 2400 706 2451 apud
727 2399 768 2439 S.
793 2401 1066 2452 Augustinum,
1095 2418 1163 2442 cu-

48 2449 111 2502 jus
139 2451 325 2490 industria
352 2449 559 2502 plusquam
585 2452 761 2490 omnium
781 2452 972 2500 aliorum,
998 2468 1070 2503 pro
1090 2456 1163 2494 hoc

47 2504 223 2556 dogmate
252 2503 478 2542 adstruendo
494 2532 506 2551 ,
535 2503 569 2539 ἃ
597 2503 828 2542 vindicando
845 2514 974 2542 contra
993 2504 1166 2556 Pelagia-

47 2569 120 2596 nos
146 2557 341 2597 desudavit
357 2583 368 2594 .
397 2556 485 2604 Qua
516 2556 555 2594 in
582 2569 625 2594 re
650 2557 764 2593 etiam
780 2556 985 2594 observare
1010 2570 1085 2596 non
1107 2560 1166 2609 pi-

47 2619 160 2662 geat,
188 2609 386 2650 sulianum
415 2621 524 2646 novae
553 2607 661 2647 illius
689 2617 799 2647 sectae
832 2611 1072 2662 praecipuum
1103 2623 1166 2650 co·

48 2662 273 2716 riphaeum,
316 2672 354 2700 ut
378 2660 610 2700 catholicam
652 2664 850 2700 veritatem
894 2663 1166 2713 labefactaret,

49 2726 233 2772 perpetuo
262 2716 392 2755 nostris
410 2713 595 2765 objecisse
610 2744 622 2764 ,
652 2715 759 2753 nullo
775 2715 1058 2766 modointelligi
1082 2729 1166 2768 pos-

50 2783 118 2818 ·e,
159 2770 350 2823 quomodo
377 2769 596 2819 contagium
624 2769 743 2820 primi
786 2770 930 2821 peccati
962 2769 1166 2809 Adamitici

52 2823 102 2861 ad
128 2835 255 2862 omnes
283 2821 457 2862 homines
485 2831 732 2874 propagetur3
763 2821 796 2859 δε
826 2823 877 2860 ita
906 2822 1063 2876 quidem
1091 2823 1169 2861 dif-

54 2874 264 2918 ficnltatem
292 2877 370 2916 suis
409 2877 566 2927 argutiis
607 2875 811 2928 augebat,
848 2885 889 2914 ut
918 2890 1017 2928 pene
1059 2876 1171 2915 totius

53 2925 152 2966 ‘hessi
179 2942 330 2969 summa
355 2929 404 2969 ad
433 2928 504 2966 hoc
534 2940 716 2980 punctum
746 2926 896 2967 redacta
917 2943 994 2966 esse
1023 2929 1170 2967 videre-

59 2987 147 3026 tur,
177 2980 210 3017 &
237 2990 361 3022 tamen
390 2981 430 3021 S.
454 2983 682 3034 Augustinus
709 2995 842 3024 omues
870 2982 1013 3036 ingenii
1033 2984 1092 3022 sui
1113 2983 1169 3023 vi-

65 3124 241 3161 pagetur,
277 3127 356 3151 cum
381 3125 496 3153 tamen
522 3131 663 3166 serpens
689 3121 798 3156 solam
822 3120 936 3155 Evam
969 3119 1016 3154 sit
1041 3118 1174 3153 allocu-

67 3170 150 3201 tns;
190 3174 257 3196 non
283 3174 365 3196 vero
389 3163 523 3206 Adam,
559 3179 601 3200 ex
627 3180 696 3212 qno
719 3179 789 3202 uno
814 3176 886 3201 tan(
902 3178 982 3202 uam
1016 3167 1173 3200 omnium

64 3205 250 3247 hominum
275 3209 390 3254 capite
413 3221 502 3245 noxa
529 3213 587 3244 itta
615 3215 726 3257 prima
752 3179 952 3247 descendit.
991 3213 1061 3247 Alii
1086 3223 1171 3245 vero

65 3251 157 3288 hanc
194 3255 391 3288 morbosam
435 3257 641 3299 ‹ftialitatem
677 3272 696 3292 a
721 3271 823 3303 pomo
847 3261 958 3294 vetito
980 3258 1170 3293 hauriunt·

66 3297 134 3334 Sed
156 3310 303 3346 pomum
327 3310 401 3336 erat
425 3301 577 3346 bonum,
619 3304 861 3342 tantummodo
895 3306 974 3352 ejus
1007 3305 1174 3342 comestio

2215 122 2229 148 ι
2246 113 2294 162 75

1230 184 1287 209 res
1314 171 1362 208 ad
1393 169 1488 209 hanc
1519 174 1780 212 difficultatem
1809 175 2014 218 tollendam
2039 181 2229 222 intendere
2259 200 2344 227 coa·

1230 233 1340 270 ctus,
1369 222 1468 262 uiliil
1500 238 1667 277 unquam
1699 229 1820 266 innuit
1850 233 1895 268 de
1927 244 2035 284 picto
2065 235 2160 284 illo,
2190 253 2266 290 quo
2289 255 2346 279 re..

1229 277 1413 315 centiores
1441 278 1597 328 quidem
1613 280 1833 321 Scholastici
1858 287 2041 324 facillime
2070 291 2268 337 originalis
2289 294 2344 334 la-

1228 330 1290 370 bis
1320 331 1570 381 propaginem
1599 332 1784 383 explicari
1800 350 1905 386 posse
1921 351 2090 379 censent.
2122 343 2228 383 Nihil
2249 361 2345 399 quo·

1229 396 1306 435 que
1334 381 1627 431 solertissimus,
1658 394 1769 438 atque
1798 395 2034 431 acutissimus
2064 411 2145 441 eius
2164 399 2343 452 Discipu-

1233 435 1292 474 lus
1319 434 1360 473 S.
1391 435 1557 474 Thomas
1586 437 1631 475 de
1668 441 1800 479 eodem
1830 457 2013 484 memorat
2032 473 2041 484 .
2085 452 2195 495 Quod
2226 462 2344 491 tanto*

1232 502 1318 526 rum
1350 489 1517 527 virorum
1547 490 1741 530 silentium
1778 496 1865 533 satis
1893 512 1970 536 esse
2013 503 2161 541 videtur
2198 506 2246 543 ad
2274 520 2342 545 uo·

1231 555 1320 580 vain
1351 541 1450 598 hauc
1480 543 1775 595 explicationem
1806 548 2110 600 explodendam.

1290 607 1378 634 101.
1410 594 1493 633 [Non
1522 610 1584 634 me
1615 597 1920 653 latentquaedam
1936 606 1984 643 ab
2002 608 2234 650 Adversariis
2255 611 2344 652 hinc

1230 648 1318 686 inde
1347 661 1398 695 exv
1422 651 1535 687 sacris
1558 650 1708 690 Litteris
1736 655 1783 691 ad
1806 654 1900 694 illud
1931 669 2083 709 pactum
2113 666 2345 704 confirman-

1229 701 1322 739 dum
1353 701 1468 739 allata
1496 706 1736 744 testimonia.
1779 707 1852 746 Sed
1884 709 1949 749 illa
1980 712 2085 758 lonae
2125 716 2247 756 alium
2279 719 2346 761 hg-

1228 753 1319 792 bent
1349 769 1526 795 sensum.
1556 755 1620 795 Sic
1649 773 1709 797 ex.
1737 775 1794 810 gr.
1823 762 1923 801 Gen.
1943 758 2066 805 XVll.
2095 769 2152 815 ¹4·
2181 771 2348 810 dicitur:

1230 806 1469 865 Masculus,
1514 811 1626 862 cujus
1653 818 1833 863 praeputii
1870 828 1966 855 caro
1995 823 2232 861 circumcisa
2261 838 2344 862 non

1215 859 1347 912 Juerit
1365 891 1375 909 ,
1405 861 1595 901 delebitur
1622 869 1767 904 anima
1797 869 1868 906 illa
1897 870 1946 909 de
1964 874 2103 924 populo
2122 890 2219 925 suo,
2248 882 2344 929 quia

1226 924 1390 965 'mettun
1421 929 1554 954 meum
1586 921 1740 957 irritum
1759 919 1893 970 jecit.

1286 981 1373 1006 ω’).
1404 969 1663 1010 Veruntamen
1695 974 1810 1012 verba
1842 975 1906 1013 illa
1937 979 1974 1015 in
2004 978 2141 1029 obvio,
2172 982 2205 1018 ἃ
2233 992 2344 1023 natu-

1224 1019 1296 1060 rali
1326 1036 1433 1060 sensu
1466 1024 1680 1063 referuntur
1708 1027 1756 1064 ad
1787 1038 1942 1079 pactum
1981 1033 2283 1075 circumcisionis
2311 1040 2343 1076 i-

1223 1075 1347 1113 nitum
1377 1089 1467 1113 cum
1500 1078 1746 1118 Abrahanm.
1781 1082 1893 1129 Quod
1924 1086 1951 1121 si
1984 1087 2097 1124 etiam
2128 1089 2344 1128 referantur

1224 1129 1270 1166 ad
1303 1139 1502 1180 peccatum
1530 1133 1719 1182 originale
1741 1163 1752 1181 ,
1801 1146 1839 1172 ut
1867 1135 1908 1173 S.
1941 1138 2172 1189 Augustinus
2216 1143 2346 1181 retulit

1226 1184 1241 1232 (
1271 1183 1350 1220 vid.
1381 1197 1464 1234 sup.
1494 1184 1593 1222 Sect.
1626 1186 1673 1223 ll.
1704 1199 1744 1223 n.
1773 1186 1840 1225 60.
1872 1190 1886 1235 )
1918 1203 1991 1227 uon
2023 1195 2244 1243 exprimunt
2275 1211 2342 1247 pa-

1227 1244 1331 1274 ctum
1362 1235 1487 1275 ullum
1516 1251 1607 1276 cum
1638 1238 1786 1277 Adamo
1814 1242 1984 1290 initum,
2030 1245 2094 1282 sed
2126 1248 2247 1296 potius
2291 1247 2344 1286 le-

1225 1301 1310 1337 gem
1342 1288 1451 1327 illam
1483 1291 1628 1343 Adaiqo
1658 1293 1711 1329 im
1727 1294 1874 1332 ›ositain
1918 1296 1964 1333 de
1992 1310 2068 1335 non
2113 1302 2345 1339 comedendo

1227 1340 1329 1392 ligno
1358 1340 1430 1379 &m
1461 1342 1562 1380 Hinc
1593 1308 1745 1395 parvuli
1776 1359 1848 1384 non
1879 1350 2097 1388 circumcisi
2136 1355 2247 1391 morti
2277 1354 2346 1392 ob-

1226 1395 1326 1431 noxii
1357 1404 1462 1432 erant
1492 1406 1646 1448 propter
1674 1397 1844 1448 ejusdem
1877 1400 1970 1451 legis
2000 1403 2242 1443 violationem
2260 1432 2271 1442 .

1285 1447 1372 1486 105.
1402 1447 1568 1486 Seclusis
1599 1451 1725 1502 itaque
1753 1453 1935 1490 omnibus
1966 1454 2023 1492 his
2054 1458 2159 1493 novis
2195 1458 2345 1510 opinio«

1223 1499 1366 1547 nibus,
1397 1502 1512 1546 satius
1541 1504 1609 1540 erit
1639 1506 1839 1555 antiquam
1870 1505 1910 1543 S.
1943 1506 2104 1546 Thmnae
2135 1510 2345 1551 doctrinam

1223 1551 1434 1603 amplecti,
1463 1568 1582 1606 quain
1613 1555 1645 1591 8:
1676 1559 1755 1608 ipse
1785 1573 1808 1596 a
1838 1561 2030 1598 veteribus
2061 1561 2243 1600 Ecclesiae
2277 1565 2343 1603 l'a-

1222 1604 1372 1652 tribus,
1401 1619 1445 1643 ac
1478 1608 1719 1656 potissimum
1749 1624 1771 1646 a
1799 1611 1840 1648 S.
1874 1614 2108 1661 Augustino,
2138 1616 2248 1666 cujus
2271 1627 2345 1656 stu·

1224 1656 1460 1695 diosissimus
1488 1660 1560 1696 fuit
1578 1689 1589 1706 ,
1620 1659 1787 1699 fideliter
1807 1663 2019 1703 didicerat.
2050 1667 2102 1704 Ita
2123 1669 2239 1718 igitur
2261 1684 2348 1721 pro-

1224 1711 1396 1761 sequitur
1426 1710 1532 1750 laud.
1562 1710 1646 1750 loco
1682 1726 1713 1751 ι.
1747 1727 1784 1752 2.
1827 1729 1894 1765 qu«
1924 1716 1991 1755 81.
2030 1729 2100 1756 art.
2137 1732 2194 1756 ι.;
2244 1751 2269 1769 „
2300 1723 2347 1761 Et

1227 1792 1253 1812 „
1284 1763 1369 1801 ideo
1397 1764 1474 1802 alia
1505 1765 1567 1803 via
1612 1766 1891 1816 procedendum
1923 1779 2007 1817 est,
2055 1771 2216 1811 dicendo
2245 1776 2349 1827 quod

1225 1845 1253 1866 „
1280 1829 1412 1855 omnes
1443 1817 1640 1866 homines,
1669 1821 1739 1872 qni
1771 1831 1980 1860 nascuntur
2009 1836 2055 1862 ex
2086 1826 2231 1873 Adam,
2265 1842 2346 1878 pos-

1226 1898 1253 1918 „
1281 1878 1366 1908 sunt
1394 1872 1657 1919 considerari,
1689 1881 1727 1910 ut
1759 1888 1857 1912 unus
1890 1874 2005 1914 homo
2035 1878 2122 1917 &a
2156 1877 2255 1917 Vtile
2283 1894 2348 1918 su·

1226 1952 1253 1971 „
1280 1936 1358 1974 pra
1386 1923 1491 1962 Sect.
1511 1923 1564 1962 II.
1594 1938 1708 1964 num.
1735 1927 1822 1964 152.
1856 1926 1909 1966 Et
1937 1933 1980 1966 ὶη
2002 1942 2104 1979 resp.
2134 1931 2190 1969 αεὶ
2212 1947 2248 1970 2.
2279 1933 2345 1972 Et-

1227 2005 1253 2025 „
1280 1978 1314 2015 si
1344 1979 1505 2026 anima,
1535 1982 1684 2030 inquit,
1714 1993 1790 2019 non
1819 1982 2065 2030 traducatur,
2108 1987 2200 2035 quia
2231 1988 2349 2026 virtus

1228 2059 1255 2079 „
1284 2031 1441 2069 seminis
1472 2044 1543 2069 non
1572 2041 1692 2084 potest
1721 2047 1876 2071 causare
1905 2037 2079 2073 animam
2103 2038 2347 2089 rationalem,

1229 2113 1255 2132 „
1287 2093 1412 2122 movet
1443 2094 1570 2123 tamen
1599 2086 1647 2123 ad
1691 2086 1813 2137 ipsam
1857 2088 2104 2140 dispositive3
2154 2092 2251 2129 unde
2283 2107 2349 2145 per

1227 2165 1255 2185 „
1285 2138 1465 2175 virtutem
1503 2138 1660 2176 seminis
1699 2139 1908 2177 traducitur
1951 2140 2122 2181 humana
2165 2154 2298 2184 natura
2326 2162 2349 2185 a

1230 2219 1258 2238 „
1287 2199 1441 2242 parente
1473 2192 1509 2228 in
1541 2189 1717 2242 prolem,
1747 2191 1781 2228 &
1811 2194 1926 2231 simul
1956 2208 2045 2232 cum
2077 2207 2209 2235 natura
2239 2208 2348 2237 natu-

1230 2272 1257 2291 „
1287 2256 1340 2280 rae
1371 2244 1554 2282 infectio·
1597 2243 1656 2283 Ex
1687 2245 1757 2283 hoc
1786 2249 1889 2284 enim
1921 2247 1962 2285 fit
1990 2249 2086 2297 iste,
2127 2252 2196 2302 qui
2227 2254 2349 2291 nasci·

1231 2324 1259 2344 „
1287 2306 1374 2345 tur,
1404 2309 1556 2335 consors
1585 2296 1714 2349 culpae
1745 2299 1864 2350 primi
1894 2304 2081 2352 parentis,
2110 2305 2210 2355 quod
2242 2314 2350 2344 natu-

1232 2378 1257 2398 „
1286 2362 1369 2388 ram
1398 2350 1448 2388 ab
1477 2363 1521 2387 eo
1550 2352 1702 2388 sortitur
1740 2366 1806 2402 per
1842 2355 2050 2405 quamdam
2088 2361 2348 2407 generativam

1232 2432 1259 2452 „
1289 2405 1496 2441 motionem
1514 2428 1525 2441 .
1555 2402 1733 2442 Demum
1763 2410 1805 2442 in
1825 2419 1928 2456 resp.
1959 2408 2013 2446 acl
2035 2409 2072 2448 5.
2102 2410 2182 2448 Etsi
2212 2412 2350 2463 culpa,

1235 2485 1262 2504 „
1292 2459 1416 2507 inquit
1434 2487 1444 2505 ‚
1474 2470 1549 2494 non
1580 2459 1627 2495 sit
1656 2467 1741 2496 actu
1772 2460 1812 2497 in
1843 2462 2013 2510 semine,
2059 2472 2113 2500 est
2141 2473 2266 2500 tamen
2296 2463 2353 2502 ibi

1235 2535 1261 2555 „
1289 2510 1428 2546 virtute
1448 2509 1632 2547 humanae
1653 2520 1800 2548 naturae
1818 2542 1828 2557 ,
1859 2526 1976 2563 qnam
1998 2518 2275 2553 concomitatur
2295 2525 2352 2554 ta-

1235 2587 1262 2606 „
1291 2559 1338 2596 l-is
1382 2559 1498 2646 culpa
1527 2563 1582 2597 “.
1631 2562 1727 2599 Haec
1770 2565 1910 2612 saepius
1952 2568 2087 2615 repetit
2120 2567 2351 2616 Angelicus,

1234 2610 1378 2661 quibus
1407 2612 1446 2648 ni
1463 2611 1502 2647 iil
1535 2611 1711 2649 disertius
1739 2614 1813 2650 dici
1847 2624 1962 2664 potest
2005 2617 2052 2653 ad
2084 2616 2178 2655 hanc
2216 2619 2352 2658 obscu-

1233 2664 1424 2701 rissimam
1455 2665 1657 2702 materiam
1687 2663 1952 2703 illustrandam
1970 2695 1981 2705 .

1294 2715 1382 2762 ¹04.
1413 2716 1486 2754 Hic
1527 2725 1656 2755 autem
1697 2717 1820 2756 obiter
1863 2720 2070 2759 notandum
2096 2752 2106 2770 ,
2153 2722 2351 2767 Christum

1237 2769 1449 2808 Dominum
1480 2768 1594 2807 fuisse
1621 2771 1781 2821 quidem
1812 2773 1850 2810 iu
1873 2773 1989 2810 Adam
2021 2774 2071 2812 ali
2106 2790 2152 2814 na
2184 2779 2350 2828 ratione,

1236 2832 1424 2875 quatenus
1453 2835 1495 2859 ex
1527 2835 1570 2860 eo
1600 2837 1667 2875 per
1696 2823 1846 2862 Beatam
1870 2789 2255 2870 Viminemhhriam
2285 2832 2351 2870 de·

1238 2876 1382 2914 scendit
1401 2905 1411 2924 ,
1453 2888 1526 2913 non
1556 2886 1683 2915 tamen
1713 2879 1750 2915 in
1779 2891 1821 2915 eo
1852 2874 1964 2916 fuisse
2001 2882 2208 2920 secundum
2239 2886 2352 2922 ratio-

1236 2944 1326 2968 nem
1356 2928 1578 2967 seminalem
1599 2959 1608 2977 ‚
1638 2931 1729 2981 quia
1758 2945 1802 2967 ex
1833 2931 1934 2968 virili
1965 2935 2109 2972 semiue
2138 2946 2247 2976 natus
2276 2951 2350 2978 non

1238 2983 1338 3022 fuit.
1369 2981 1460 3020 Vid.
1489 2995 1604 3035 supra
1632 2982 1731 3022 Sect.
1760 2983 1808 3021 ll.
1839 2997 1879 3021 n.
1915 2985 2002 3024 155.

2210 3044 2297 3083 105.

1241 3117 1349 3151 vetita
1366 3140 1374 3149 .
1401 3117 1574 3152 Memorat
1600 3116 1740 3163 quidem
1767 3120 1915 3155 sinonis
1933 3120 2149 3167 Augustinus
2168 3127 2351 3160 morbidam

1242 3165 1434 3209 «pinnulam,
1471 3172 1512 3198 (9⁸
1537 3165 1738 3208 pestiferum
1763 3170 1957 3210 qualitatem
1984 3165 2060 3203 Lib.
2092 3172 2149 3204 Xl.
2188 3175 2231 3205 ‹le-
2261 3173 2350 3205 Gen.

1238 3213 1283 3245 ‹td
1308 3213 1377 3245 litt.
1394 3231 1404 3250 ,
1433 3209 1490 3243 sed
1516 3209 1569 3243 liis
1597 3212 1711 3245 verbis
1739 3212 1825 3246 nihil
1851 3212 1944 3246 ali-id
1961 3216 1995 3249 S.
2016 3216 2150 3254 Doctor
2175 3217 2352 3264 designas-

1239 3269 1274 3291 se
1300 3255 1437 3292 videtur
1453 3278 1465 3299 ‚
1492 3268 1599 3304 quam
1627 3260 1970 3305 concupiscentiam·
