2583 3685
246 153 324 191 130
810 132 1210 178 DISSERTATIO
1243 129 1320 175 111.

242 227 328 263 151.
357 217 557 260 Nonnullae
588 221 712 252 tamen
741 221 827 250 sunt
856 221 982 249 contra
1018 212 1114 250 hanc
1142 222 1287 251 senten-

181 282 271 318 tiam
288 307 298 323 ‚
327 286 414 325 quae
445 269 641 307 verissima
661 275 739 314 est,
769 264 1007 303 difficultates
1021 279 1109 302 011111
1126 266 1166 304 S.
1184 265 1286 302 Tho-

181 346 243 369 ma
272 328 433 365 breviter
463 321 708 360 enucleandae
727 345 737 356 .
768 317 896 355 Primo
924 319 964 355 in
992 327 1088 356 statu
1110 320 1286 356 innocen-

179 386 241 420 tiae
271 392 343 416 non
374 378 502 414 fuisset
543 374 740 412 hominum
771 372 989 422 corruptio,
1033 373 1099 423 qui
1130 373 1286 409 immor-

176 434 267 472 tales
296 444 340 469 ex
369 430 473 481 ligno
502 430 591 467 vitae
621 425 905 464 efficiebantur:
953 437 1038 474 ergo
1069 438 1137 462 nec
1173 425 1286 461 debe-

175 487 240 525 bat
269 499 344 523 esse
371 483 586 535 generatio,
616 494 702 531 quae
726 477 959 528 corruptioni
977 478 1190 528 respondet.
1220 477 1286 514 Se-

176 539 299 577 cundo
326 536 513 589 generatio
543 534 830 572 individuorum
852 544 873 566 a
893 538 1027 567 natura
1047 531 1213 567 instituta
1235 538 1285 566 est

176 593 223 630 ad
252 589 549 630 conservandam
578 586 765 639 speciem:
813 584 843 621 si
873 596 960 633 ergo
988 583 1025 619 in
1055 591 1149 619 statu
1179 591 1287 620 natu-

175 659 229 683 rae
260 646 413 695 integrae
445 642 614 680 homines
635 647 815 692 perpetuo
835 636 1049 674 conservari
1069 634 1286 681 debebant,

175 697 283 736 nulla
314 698 352 734 in
381 708 424 733 eo
464 708 560 746 opus
589 702 667 730 erat
707 690 946 743 generatione
976 689 1023 725 ad
1064 700 1288 726 conservan-

174 752 261 790 dam
290 751 455 802 speciem
474 775 482 786 .
513 746 681 784 Demum
700 775 710 793 ,
740 746 771 782 si
799 741 969 780 homines
990 741 1148 778 fuissent
1176 754 1288 791 gene«

175 806 318 843 ratione
349 800 621 854 multiplicati,
650 798 838 837 debuisset
868 796 966 833 inter
987 807 1047 831 eos
1073 794 1194 832 dividi
1220 794 1286 831 do-

175 859 340 896 minium
370 857 409 894 in
440 853 624 894 animalia
642 882 652 900 ,
682 852 716 889 St
746 853 784 889 111
814 849 1028 888 universam
1044 856 1208 895 terram,
1239 846 1287 884 ad

175 911 378 950 tollendam
408 908 697 950 confusionem3
733 904 802 941 hoc
831 910 957 940 autem
988 910 1040 938 est
1068 909 1197 938 contra
1227 898 1287 949 jus

175 963 375 1011 naturale,
406 975 482 1014 quo
510 960 641 998 omnia
669 966 755 995 sunt
783 956 1033 1003 communia,
1082 962 1120 992 ut
1148 952 1188 992 S.
1220 953 1285 991 lsi-

175 1019 285 1056 dorus
314 1016 405 1054 dicit
434 1014 522 1053 Lib.
553 1013 604 1050 V.
633 1009 818 1064 Etymol.
848 1022 934 1060 cap.
965 1007 1004 1053 4.

235 1072 322 1108 152.
351 1070 470 1107 Leves
499 1076 625 1104 tamen
667 1073 751 1103 suut
782 1062 841 1100 hae
879 1059 1144 1108 difficultates,
1193 1073 1286 1110 qua=

174 1138 262 1162 rum
294 1124 429 1175 prima>
461 1119 659 1172 respondet
687 1117 729 1156 S.
759 1115 955 1163 Thomas„
986 1127 1121 1166 corpus
1151 1112 1287 1150 liuma=

174 1192 269 1216 num
299 1178 413 1213 etiam
442 1175 483 1212 in
513 1182 607 1212 statu
635 1170 862 1210 innocentiae
901 1181 946 1205 ex
975 1169 1050 1205 suis
1086 1166 1287 1219 principiis

175 1230 422 1269 constitutivis
452 1227 566 1265 fuisse
607 1224 841 1277 corruptioni
869 1221 1104 1264 obnoxium3
1153 1231 1287 1269 quam-

174 1286 231 1322 vis
261 1291 402 1335 poterat
431 1280 480 1318 ab
509 1280 640 1317 anima
668 1279 734 1316 diu
763 1274 978 1314 conservari
1009 1285 1076 1324 per
1105 1284 1211 1308 esum
1242 1269 1288 1306 li-

172 1339 239 1387 gni
269 1338 355 1372 vitae
373 1361 384 1372 .
432 1333 480 1370 Et
510 1333 592 1369 ideo
621 1343 694 1368 11011
724 1336 801 1366 erat
843 1326 992 1363 homini
1035 1323 1288 1362 subtrahenda

172 1389 387 1440 generati0‚
417 1398 505 1437 quae
534 1384 691 1422 debetur
721 1381 834 1419 rebus
862 1376 1165 1429 corruptilibus.

233 1441 318 1479 153.
349 1439 564 1478 Secundam
606 1434 861 1485 objectionem
903 1430 1017 1469 diluit
1055 1429 1285 1481 Angelicus,

171 1494 357 1540 dicendo,
399 1492 678 1544 generationem
708 1489 747 1525 in
778 1494 874 1524 statu
904 1485 1127 1523 innocentiae
1158 1496 1286 1521 neces-

170 1550 310 1587 sariam
341 1548 456 1584 fuisse
485 1552 636 1597 propter
666 1539 1026 1592 multiplicationem
1069 1537 1287 1575 individuo-

170 1615 257 1639 rum
275 1632 285 1650 ,
322 1602 499 1652 quamvis
527 1610 604 1636 non
633 1596 748 1635 fuerit
772 1593 984 1632 necessaria
1010 1599 1166 1641 propter
1195 1601 1286 1626 con·

168 1655 416 1693 servationem
446 1652 613 1704 speciei.

229 1707 317 1752 154.
347 1706 518 1743 Tertiam
560 1703 726 1752 denique
754 1700 806 1737 ita
849 1697 1011 1735 refellit:
1055 1725 1086 1744 A„
1116 1696 1158 1733 In
1189 1702 1286 1732 statu

227 1762 321 1806 isto,
353 1756 616 1808 multiplicatis
636 1753 822 1799 dominis,
852 1764 1002 1788 necesse
1032 1759 1081 1787 est
1112 1749 1196 1786 fieri
1226 1749 1284 1786 di-

229 1813 412 1852 visionem
441 1809 716 1861 possessionum
734 1836 745 1853 ,
781 1805 875 1857 quia
903 1805 1171 1841 communitas
1198 1815 1285 1852 pos-

229 1868 414 1904 sessionis
443 1871 500 1900 est
529 1863 686 1899 occasio
707 1856 942 1905 discordiae,
974 1865 1013 1893 ut
1035 1855 1284 1907 Philosophus

229 1919 320 1956 dicit
351 1920 389 1955 in
417 1916 467 1954 11.
497 1914 648 1952 Politia.
677 1927 762 1964 cap.
794 1912 859 1957 3.;
887 1910 951 1948 sed
979 1911 1020 1947 111
1049 1918 1143 1947 statu
1174 1911 1283 1946 inno-

229 1972 364 2010 centiae
396 1969 550 2006 fuissent
581 1967 788 2006 voluntates
817 1964 1017 2002 homiuum
1050 1964 1105 2001 sic
1132 1962 1284 1999 ordina-

228 2035 297 2073 tae,
327 2023 429 2075 quod
458 2022 600 2073 absque
628 2019 735 2058 omni
765 2016 939 2070 periculo
959 2016 1159 2054 discordiae
1180 2028 1283 2053 com—

229 2080 395 2116 muniter
424 2076 482 2113 usi
511 2074 688 2122 fuissent,
719 2072 928 2110 secundum
945 2070 1046 2122 quod
1078 2070 1283 2120 unicuique

229 2145 360 2169 eorum
389 2136 641 2181 competeret,
672 2125 806 2173 rebus,
836 2137 924 2177 quoe
954 2136 1085 2161 eorum
1113 2123 1284 2160 dominio

172 2215 197 2236 ,‚
228 2184 511 2227 subdebantur3
547 2195 636 2219 cum
666 2179 736 2217 hoc
766 2180 880 2217 etiam
910 2177 1022 2215 modo
1051 2176 1152 2229 apud
1182 2174 1283 2213 mul-

174 2268 202 2286 „
231 2247 283 2275 tos
314 2237 430 2274 bonos
458 2236 559 2272 viros
587 2233 804 2272 observetur
832 2234 858 2253 “
877 2258 888 2268 .
916 2230 925 2238 ⁸

234 2289 319 2328 156.
349 2288 424 2327 Sed
452 2301 590 2339 quare,
628 2286 880 2324 sciscitabitur
908 2283 1074 2336 aliquis,
1119 2285 1157 2320 in
1189 2291 1283 2321 statu

173 2343 402 2382 innocentiae
434 2340 538 2379 nulla
567 2340 690 2391 reipsa
719 2340 791 2376 fuit
819 2335 1041 2389 generatio?
1071 2336 1199 2383 Quare
1229 2349 1286 2373 so-

174 2397 256 2434 111111
287 2405 483 2448 postquam
513 2400 795 2445 protoparentes
822 2391 939 2429 nostri
961 2402 1005 2427 ex
1025 2388 1203 2426 Paradiso
1223 2401 1286 2424 ex-

174 2449 277 2502 pulsi
306 2459 415 2497 sunt,
443 2455 653 2499 genuerunt
683 2444 810 2492 filios,
842 2443 875 2480 81
906 2440 1036 2481 filias?
1080 2441 1291 2494 Respondet

176 2504 217 2541 S.
250 2501 417 2540 Thomas
447 2515 536 2538 011111
566 2500 606 2537 S.
637 2499 849 2550 Augustino
877 2497 967 2534 Lib.
1005 2495 1076 2533 IX.
1107 2495 1155 2532 de
1187 2494 1290 2532 Gen.

176 2556 230 2594 ad
259 2557 330 2593 litt.
361 2569 446 2606 cap.
470 2553 507 2597 4.
524 2582 536 2599 ,
566 2553 652 2589 ideo
677 2553 824 2602 ,primos
855 2558 1026 2600 parentes
1054 2550 1094 2586 in
1115 2547 1291 2585 Paradiso

173 2622 330 2662 operam
359 2607 557 2659 gignendis
584 2604 675 2642 filiis
705 2616 780 2641 11011
809 2603 974 2650 dedisse,
1018 2603 1110 2652 quia
1139 2601 1293 2638 nonnisi

175 2663 402 2700 brevissimo
432 2670 600 2712 tempore
631 2657 683 2694 ibi
717 2657 853 2695 morati
883 2664 993 2693 sunt.
1028 2655 1144 2691 Potest
1174 2654 1292 2701 addi,

178 2717 267 2766 quia
297 2713 545 2766 expectabant
575 2711 746 2748 divinam
791 2710 1052 2746 auc-toritatem
1082 2709 1129 2745 ad
1172 2707 1294 2744 deter-

178 2770 365 2806 minatum
396 2777 544 2818 tempus
573 2763 878 2807 commixtionis3
927 2762 1150 2799 mandatum
1189 2760 1294 2797 euim

181 2819 299 2858 illud:
350 2820 542 2867 Crescite,
587 2822 636 2857 <9¹
667 2815 987 2864 multiplicamini
1014 2811 1229 2853 vuniversale
1255 2825 1294 2849 e—

181 2881 238 2908 rat
256 2902 265 2919 ,
294 2874 468 2926 nullique
497 2880 596 2911 certo
624 2872 788 2922 tempori
817 2867 976 2905 affixum
995 2893 1005 2904 .

241 2925 327 2962 156.
356 2927 513 2973 Quaeres
541 2933 668 2973 sexto,
712 2936 770 2960 an
799 2925 927 2972 posita
962 2922 1223 2972 generatione
1252 2921 1293 2955 in

185 2986 287 3015 statu
316 2987 472 3016 naturae
500 2981 745 3026 innocentis,
772 2978 986 3026 praerimari
1003 2972 1181 3025 ficissent
1202 2983 1293 3009 cum

182 3033 338 3082 justitia
365 3030 578 3082 originali?

243 3084 329 3134 157.
362 3082 566 3133 Respondet
607 3084 649 3123 S.
687 3083 856 3122 Thomas
885 3083 914 3120 Ι.
945 3080 988 3118 Ρ.
1030 3088 1168 3133 quaest.
1204 3091 1292 3116 100.

185 3146 255 3175 art.
291 3151 323 3174 1.
353 3134 606 3183 affirmative,
647 3138 860 3175 auctoritati
901 3136 1056 3174 innixus
1086 3133 1127 3171 S.
1157 3131 1294 3171 Auset-

185 3191 237 3227 mi
259 3219 269 3238 ,
298 3190 364 3241 qui
396 3190 433 3225 in
463 3188 581 3225 Libro
609 3188 655 3226 de
688 3190 887 3240 Conceptu
919 3187 1094 3240 Virginis
1121 3201 1206 3238 cap.
1234 3200 1294 3223 10.

187 3242 340 3291 Simul,
388 3241 540 3292 inquit,
588 3253 676 3278 cum
704 3239 949 3280 rationalem
991 3240 1179 3279 haberent
1207 3243 1295 3277 ani-

173 1791 199 1810 22

173 1844 199 1863 29

173 1897 199 1917 9>

173 1951 199 1970 :5

173 2003 200 2023 ἓ)

172 2057 198 2075 27

170 2110 198 2128 55

171 2162 198 2182 >5

187 3308 303 3332 mam
320 3325 330 3343 ,
354 3295 453 3347 justi
474 3302 604 3331 essent
622 3322 631 3339 ,
661 3307 753 3344 quos
768 3303 979 3345 generaret
995 3294 1131 3341 homo,
1162 3297 1196 3330 si
1214 3305 1296 3330 non

187 3357 419 3398 peccasset.
467 3346 654 3386 Praeterea
685 3345 768 3384 haec
798 3349 977 3387 sententia
1003 3348 1092 3386 satis
1121 3346 1223 3386 clare
1250 3357 1296 3384 ex

1353 126 1578 171 SECT.1.
1631 127 1763 171 CAP.
1793 127 1848 171 V.

1355 209 1400 245 iis
1443 206 1668 253 deducitur,
1715 220 1803 257 qnae
1832 206 2047 244 Concilium
2090 207 2368 245 Arausicanum
2409 207 2460 246 11.

1354 270 1482 299 contra
1512 258 1728 309 Pelagianos
1745 288 1755 305 ,
1785 258 1819 294 δι
1848 259 2064 297 Concilium
2080 259 2350 299 Tridentinum
2370 273 2460 298 con-

1355 324 1410 352 tra
1438 312 1641 350 Novatores
1669 313 1717 348 de
1744 320 1897 363 peccato
1914 312 2089 363 originali
2110 314 2385 353 definiverunt.
2415 314 2460 350 In

1357 375 1515 418 utroque
1545 366 1648 402 enim
1677 363 1849 402 Concilio
1876 364 2076 403 anathema
2111 368 2158 404 iis
2185 366 2330 406 dictum
2360 368 2460 414 fuit,

1354 422 1421 471 qui
1450 427 1639 465 asserunt,
1680 418 1872 455 Adamum
1901 427 2111 467 acceptam
2139 434 2167 457 a
2195 416 2283 459 Deo
2310 424 2459 459 sancti-

1354 482 1480 510 tatem
1497 502 1507 519 ,
1554 471 1603 511 <9⁶
1627 471 1828 522 justitiam
1856 469 1926 508 sibi
1953 472 2026 508 soli
2054 472 2102 512 ἔθ’
2129 485 2209 510 non
2236 473 2345 512 nobis
2373 486 2460 524 per-

1354 522 1497 563 didisse
1520 550 1530 562 .
1560 524 1649 561 Vid.
1681 522 1853 560 Trident.
1881 523 1979 562 Sess.
2010 523 2059 562 V.
2150 525 2194 563 Si
2221 539 2307 579 ergo
2336 529 2461 566 Adam

1356 593 1431 616 11011
1464 586 1678 630 peccasset,
1722 590 1791 614 nec
1833 576 1936 624 sibi,
1978 591 2048 615 nec
2092 579 2248 629 posteris
2287 583 2463 618 sanctita-

1354 641 1429 669 tem
1446 661 1457 680 ,
1488 630 1522 666 8<
1550 630 1736 682 justitiam
1757 629 2006 681 perdidissem
2035 625 2203 682 adeoque
2232 630 2314 681 ejus
2342 643 2464 686 poste-

1350 687 1389 723 ri
1417 698 1506 723 cum
1536 684 1756 731 sanctitate,
1787 681 1820 718 δι
1848 681 1990 733 justitia
2018 684 2094 720 nati
2123 683 2304 724 fuissent.

1415 738 1502 775 158.
1533 738 1706 789 idipsum
1754 735 1887 787 probat
1923 735 2128 787 Angelicus
2170 736 2241 774 hac
2286 739 2464 779 'ratione-

1357 820 1383 840 „
1411 790 1563 828 Justitia
1590 789 1785 840 originalis
1803 819 1816 841 „
1843 790 1883 827 in
1912 803 1988 840 qua
2010 790 2164 842 ‚primus
2194 785 2307 828 1101110
2332 793 2464 830 ‘condi-

1356 874 1381 892 „
1412 852 1468 881 tus
1499 843 1594 891 fuit,
1626 843 1698 880 fuit
1725 842 1899 880 accidens
1915 851 2060 880 naturae
2080 844 2247 895 speciei,
2277 856 2351 882 non
2368 858 2465 895 qua—

1355 925 1381 944 „
1410 900 1444 933 si
1473 908 1525 932 ex
1553 898 1753 946 principiis
1782 899 1923 947 speciei
1943 909 2161 934 causarum
2179 927 2189 945 ‚
2218 896 2289 935 secl
2302 906 2463 935 tantum

1355 978 1381 998 „
1411 953 1509 986 sicut
1538 948 1736 998 quoddam
1766 947 1912 986 donum
1932 948 2111 987 divinitus
2131 949 2272 988 clatum
2300 955 2370 988 toti
2390 964 2465 988 na-

1356 1030 1381 1049 „
1412 1011 1513 1060 zurae
1604 1001 1804 1057 Peccatum
1833 1012 1960 1041 autem
1989 1003 2193 1054 originale,
2223 1004 2326 1055 quod
2351 1017 2470 1056 oppo-

1356 1082 1382 1102 „
1414 1063 1513 1091 nitur
1542 1053 1601 1091 illi
1629 1055 1785 1104 Justitiae
1803 1085 1814 1103 ,
1856 1056 1996 1094 dicitur
2025 1071 2101 1094 esse
2131 1066 2330 1110 peccatum
2357 1066 2469 1095 natu-

1354 1136 1382 1154 „
1412 1121 1492 1154 rae,
1539 1107 1637 1144 uude
1666 1108 1876 1145 traducitur
1903 1124 1925 1146 a
1953 1120 2106 1162 parente
2135 1112 2175 1149 in
2205 1119 2392 1162 posteros:
2433 1110 2469 1147 80

1357 1190 1383 1208 ,,
1413 1168 1568 1212 propter
1597 1160 1668 1198 hoc
1699 1162 1811 1197 etiam
1832 1160 1905 1199 filii
1928 1164 2147 1213 parentibus
2162 1163 2470 1202 assimilatifuis-

1357 1242 1382 1262 „
1412 1223 1519 1261 sent,
1549 1221 1736 1264 quantum
1765 1213 1812 1250 ad
1840 1215 2063 1265 originalem
2090 1216 2277 1267 justitiam
2306 1219 2360 1254 “-

1418 1268 1506 1318 ¹59·
1538 1265 1735 1304 Potissima
1760 1264 1964 1304 difficultas
1984 1277 2113 1305 contra
2133 1269 2228 1307 hanc
2245 1271 2469 1308 sententiam

1357 1321 1498 1371 petitur
1528 1331 1573 1356 ex
1603 1319 1765 1370 Hugone
1794 1318 2016 1368 Victorino,
2046 1322 2114 1372 qui
2145 1320 2284 1358 Lib.-I.
2315 1320 2363 1359 de
2392 1322 2468 1360 Sa-

1355 1377 1574 1411 cramentis
1605 1372 1645 1411 P.
1668 1371 1736 1410 lV.
1766 1386 1852 1424 cap.
1876 1373 1940 1419 24.
1969 1374 2184 1425 oppositum
2214 1386 2385 1424 expresse
2404 1375 2471 1412 do-

1354 1436 1434 1475 cet,
1464 1427 1535 1464 hoc
1565 1435 1672 1464 utens
1688 1427 1908 1464 ratiocinio:
1939 1455 1966 1475 „
1997 1426 2079 1464 Non
2109 1428 2229 1477 potuit
2248 1436 2382 1465 natura
2403 1441 2472 1466 na-

1354 1510 1380 1529 „
1410 1479 1601 1518 scentibus
1629 1480 1744 1525 dare,
1774 1479 1876 1530 quod
1904 1479 1943 1516 111
1971 1480 2281 1531 generationibus
2301 1481 2474 1521 nondum

1355 1563 1380 1581 ,‚
1411 1532 1536 1570 adhuc
1579 1532 1820 1584 possidebat,
1867 1533 2192 1584 quemadmodum
2235 1532 2270 1569 St
2298 1534 2354 1582 ii,
2402 1535 2474 1585 qui

1354 1615 1379 1634 „
1410 1599 1514 1624 nunc
1543 1586 1583 1622 in
1614 1594 1767 1636 peccato
1795 1595 2044 1637 generantur,
2074 1598 2149 1623 non
2179 1585 2285 1625 aliud
2314 1600 2473 1626 nascen-

1355 1668 1381 1687 „
1411 1640 1458 1676 do
1487 1637 1640 1676 trahunt
1658 1668 1668 1686 ,
1696 1652 1815 1690 quam
1844 1640 2008 1687 vitium,
2051 1639 2152 1689 quod
2182 1655 2203 1676 a
2233 1649 2393 1686 natura,
2423 1651 2471 1677 ex

1354 1721 1381 1740 „
1410 1706 1487 1744 qua
1516 1694 1778 1739 seminantur,
1808 1693 2027 1743 accipiunt.
2067 1690 2132 1728 Sic
2163 1691 2290 1743 itaque
2321 1694 2471 1744 primus

1412 1745 1525 1782 homo
1555 1753 1722 1795 tempore
1751 1744 1980 1781 obedientiae
2011 1757 2089 1781 suae
2111 1754 2211 1782 casto
2225 1744 2404 1796 conjugio
2422 1744 2471 1782 ad

1353 1827 1379 1847 „
1409 1800 1716 1850 propagationem
1747 1798 1970 1847 posteritatis
1991 1797 2374 1836 institutionidivinae
2391 1811 2468 1835 set·-

1353 1880 1378 1900 „
1410 1852 1514 1889 viens
1544 1848 1644 1889 filios
1679 1859 1875 1901 generaret
1916 1852 1996 1888 sine
2040 1860 2193 1902 peccato
2236 1855 2252 1903 (
2281 1851 2468 1903 quoniam

1353 1933 1378 1954 „
1409 1917 1453 1942 ex
1483 1913 1619 1941 natura
1647 1903 1696 1941 ab
1725 1904 1831 1941 omni
1862 1904 1954 1941 vitio
1983 1903 2106 1941 libera
2136 1904 2178 1951 );
2209 1903 2278 1946 sed
2307 1916 2387 1941 non
2415 1907 2468 1941 si-

1353 1987 1379 2006 „
1409 1958 1554 1995 militer
1580 1966 1759 2008 paternae
1782 1958 1950 2009 justiciae
1978 1956 2184 2006 haeredes,
2223 1955 2407 2010 quoniam
2437 1958 2469 1995 i-

1353 2040 1378 2061 „
1409 2026 1475 2064 psa
1503 2020 1637 2049 natura
1666 2011 1833 2048 nondum
1856 2011 1950 2048 foret
1979 2011 2026 2047 ad
2049 2012 2345 2064 incorruptionis
2365 2023 2468 2061 prae-

1352 2093 1377 2114 ,‚
1408 2067 1530 2103 mium
1574 2067 1589 2115 (
1620 2064 1722 2116 quod
1752 2064 1821 2101 nisi
1851 2074 1930 2115 post
1973 2073 2166 2115 peractam
2208 2065 2470 2103 obedientiam

1407 2119 1578 2157 dandum
1606 2130 1680 2156 non
1710 2117 1824 2166 erat)
1855 2117 2145 2165 transformata,
2177 2127 2377 2169 postquam
2398 2130 2468 2153 aua

1351 2201 1378 2221 „
1407 2181 1481 2209 tem
1512 2172 1640 2209 fuisset
1669 2170 1782 2208 homo
1825 2171 1872 2208 ad
1901 2169 2121 2218 coelestem,
2166 2170 2199 2206 8(
2229 2168 2470 2221 spiritualem

1352 2254 1379 2274 „
1408 2234 1546 2264 statum
1574 2224 1859 2263 transformante
1876 2254 1886 2273 ,
1915 2223 2083 2276 amplius
2112 2237 2288 2275 generare
2309 2237 2381 2262 non
2401 2223 2469 2261 de-

1355 2308 1381 2328 „
1409 2279 1544 2317 buerat
1574 2281 1599 2300 ‘⁶
1617 2304 1628 2315 .

1413 2332 1500 2371 160.
1530 2331 1571 2370 S.
1602 2331 1769 2371 Thomas
1797 2333 1955 2371 comiter
1984 2331 2101 2370 verba
2121 2330 2294 2382 Hugonis
2323 2329 2468 2369 intelli-

1354 2386 1473 2438 genda
1502 2400 1578 2424 esse
1606 2385 1716 2434 vult,
1765 2399 1846 2424 non
1874 2393 2070 2435 quantum
2110 2382 2166 2421 aci
2194 2379 2370 2421 habitum
2402 2384 2469 2436 ju-

1358 2443 1498 2488 3111100,
1527 2452 1644 2492 quem
1673 2440 1785 2490 pueri
1814 2438 2034 2476 haereditate
2063 2446 2220 2489 paterna
2247 2450 2295 2474 ex
2315 2437 2387 2475 Dei
2408 2437 2476 2474 do-

1359 2506 1409 2529 no
1436 2494 1696 2544 possiderent,
1725 2491 1795 2529 sed
1822 2500 2018 2543 quantum
2046 2489 2101 2528 acl
2121 2494 2398 2528 executionem
2426 2502 2475 2526 a-

1360 2554 1443 2583 ctus
1460 2575 1471 2594 ,
1501 2559 1590 2597 quae
1621 2545 1702 2583 sine
1730 2547 1886 2599 proprio
1913 2542 2073 2582 arbitrio
2101 2543 2236 2582 haberi
2265 2557 2340 2582 non
2368 2551 2475 2595 pote-

1361 2607 1444 2647 rat,
1475 2600 1643 2650 adeoque
1672 2599 1825 2637 nonnisi
1853 2607 1933 2649 post
1962 2598 2141 2648 adeptum
2165 2610 2272 2633 usum
2296 2596 2475 2632 rationis·

1363 2652 1485 2690 Adam
1516 2664 1604 2689 vero
1634 2652 1670 2688 iu
1700 2651 1867 2701 perfecta
1897 2658 2002 2686 aetate
2023 2657 2170 2686 creatus
2193 2646 2308 2684 simul
2338 2645 2476 2685 habuit

1363 2703 1397 2739 &
1426 2704 1601 2741 habitum
1630 2701 1786 2752 justitiae
1804 2732 1815 2750 ,
1844 2702 1879 2738 St
1909 2715 2044 2739 usum.
2074 2699 2276 2751 Quidquid
2297 2712 2386 2738 vero
2406 2700 2474 2747 sit,

1364 2757 1501 2795 fatetur
1529 2756 1667 2806 HugO,
1696 2755 1789 2793 alios
1818 2756 1858 2792 in
1889 2755 2037 2792 diversa
2066 2767 2141 2791 esse
2169 2754 2373 2800 sententia,
2403 2762 2476 2790 sta-

1362 2810 1432 2847 tim
1461 2808 1651 2846 subdens:
1690 2838 1716 2856 „
1746 2807 1841 2846 Sunt
1870 2818 1995 2846 tamen
2014 2837 2023 2855 ,
2053 2808 2121 2859 qui
2151 2807 2338 2856 credunt,
2367 2819 2476 2845 vera-

1364 2891 1390 2910 „
1420 2863 1513 2901 citer
1542 2862 1782 2900 asserendum
1800 2891 1810 2909 ,
1853 2862 1954 2914 quod
1985 2862 2131 2913 primus
2159 2860 2299 2908 homo,
2342 2860 2372 2898 si
2402 2871 2477 2897 non

1363 2943 1389 2964 „
1420 2924 1634 2968 peccasset,
1664 2914 1787 2952 nullos
1816 2916 1890 2953 nisi
1919 2916 2036 2953 bonos
2064 2913 2168 2953 filios
2193 2915 2408 2966 genuisset3
2442 2911 2476 2947 8e

1362 2997 1389 3018 „
1419 2969 1520 3022 quod
1549 2980 1659 3006 nemo
1686 2970 1860 3006 omnium
1890 2968 2161 3016 damnaretur,
2198 2968 2267 3020 qui
2297 2980 2342 3005 ex
2372 2966 2479 3004 illius

1363 3051 1388 3072 „
1419 3035 1531 3061 carne
1560 3031 1775 3059 nasceretur
1805 3025 1857 3059 “.

1421 3076 1521 3114 161.’
1539 3074 1627 3112 Alia
1656 3074 1859 3112 difficultas
1896 3074 1981 3113 liaec
2012 3084 2090 3113 est.
2137 3074 2287 3113 Justitia
2316 3073 2476 3112 habetur

1362 3139 1432 3183 per
1459 3129 1649 3181 gratiam,
1693 3137 1733 3164 ut
1762 3127 1964 3180 Apostolus
1993 3129 2084 3167 dicit
2115 3127 2273 3167 Roman.
2304 3127 2354 3166 V.
2386 3136 2475 3168 2¹05

1364 3185 1428 3223 sed
1456 3183 1574 3235 gratia
1603 3195 1675 3219 non
1705 3182 1982 3220 trau-isfnnditur
2003 3212 2013 3230 ,
2061 3183 2154 3235 quia
2182 3185 2236 3221 sic
2280 3189 2369 3220 esset
2408 3176 2475 3213 11αὲ

1360 3237 1522 3284 unalis,
1571 3235 1634 3273 sed
1662 3249 1684 3271 a
1727 3235 1804 3273 solo
1833 3235 1915 3273 Deo
1956 3237 2195 3275 infunditur:
2246 3247 2332 3286 ergo
2365 3230 2476 3282 pueri

1366 3303 1454 3329 cum
1483 3287 1628 3340 justitia
1657 3290 1734 3328 nati
1764 3302 1841 3329 non
1871 3290 2054 3330 fuissent.
2084 3291 2139 3330 Ita
2167 3289 2241 3329 sibi
2270 3285 2404 3336 objicit
2433 3281 2474 3321 S·

1365 3343 1533 3385 Thomas
1553 3369 1564 3384 .
2365 3389 2389 3430 6

2345 3404 2357 3430 1
2395 3403 2430 3429 2.

1354 1775 1380 1793 >7

1351 2147 1378 2168 >²
