2583 3685
633 107 816 154 MYST.
850 106 1336 152 INCARNATIONIS
1372 110 1503 153 NON
1540 111 1893 156 REPUGNAT.

119 195 241 232 nitunt
269 203 339 231 nou
366 196 465 235 erat3
493 188 557 227 sed
585 187 658 228 hoc
686 190 767 227 sine
788 189 994 227 mutatione
1014 188 1144 240 aliqua
1165 189 1223 227 in-

116 247 196 286 telli
227 249 237 285 i
266 245 415 297 nequit:
443 255 531 294 ergo
558 242 629 280 ἃς.

156 262 238 339 og.
268 296 406 348 Resp.,
435 293 534 333 hauc
562 294 682 333 Verbi
714 296 892 333 unionem
923 293 1149 333 humanitati
1171 295 1226 332 fa-

123 362 220 391 ctam
250 363 327 388 esse
356 362 423 402 per
444 348 1109 395 solammutationemhumanitatis,
1138 360 1227 399 quae

118 420 142 445 a
157 403 298 450 *divina
317 402 475 440 Persona
494 412 682 454 assumpta
712 411 793 449 est,
823 411 1034 439 nouantem
1058 413 1123 452 per
1143 414 1228 438 mu-

112 456 295 506 tati-onem
325 455 443 493 iisius
472 456 616 493 divinae
648 455 820 493 Personae
851 454 1096 501 asstunentis,
1139 466 1227 504 quae

116 506 264 547 nullam
296 471 382 547 inde
412 509 684 561 perfectionem
705 509 933 560 acquisivit.
963 507 1083 544 Sicuti
1112 506 1142 543 si
1161 517 1228 543 no-

112 573 160 601 va
190 572 380 600 crearetur
408 575 430 599 a
459 561 541 600 Deo
569 571 705 601 nostrae
750 560 895 600 telluris
925 558 1072 610 porti0,
1119 556 1228 595 nulla

111 614 202 653 inde
231 615 338 653 fieret
366 616 404 653 in
432 614 508 652 sole
536 616 719 661 mutatio,
748 615 814 666 qui
845 626 928 649 eam
951 611 1063 649 radiis
1084 612 1159 648 suis
1181 610 1226 647 il-

114 664 347 714 luminaret3
394 682 516 720 neque
544 668 625 706 ulla
652 666 721 706 soli
751 665 932 719 perfectio
971 672 1226 711 accresceret,

113 734 335 774 quanquam
363 719 448 759 haec
475 722 607 759 onmia
635 733 762 758 rerum
798 726 1010 757 creatarum
1051 716 1227 769 exempla

111 773 264 812 infinite
291 775 427 813 distant
454 773 503 812 ab
532 787 575 811 eo
615 772 795 825 mysterio
812 801 822 819 ,
868 770 981 817 cuius
1009 768 1117 808 nulla
1147 778 1226 818 est,

114 835 180 864 aut
208 840 285 866 esse
314 836 430 880 potest
456 828 496 865 in
524 825 636 865 rebus
663 826 797 862 creatis
825 818 1065 863 similitudo.

167 893 233 933 29.
261 880 377 918 Dices
393 905 405 918 .
432 879 538 918 Deus
560 879 600 918 in
621 877 878 916 incarnatione
906 888 1022 915 novas
1038 906 1049 924 ,
1079 889 1122 914 ac
1140 889 1221 914 rea-

109 930 166 970 les
205 933 524 974 denominationes
564 931 799 982 acquisivit,
845 944 984 982 nempe
1028 929 1221 977 hominis,

108 985 326 1036 passibilis,
355 983 523 1023 mortalis
551 981 621 1022 ἃς.
638 1013 649 1031 ,
677 997 771 1036 quas
799 993 907 1021 antea
927 997 1003 1021 non
1034 982 1221 1028 habebat3

107 1039 172 1077 sed
199 1051 310 1078 novae
338 1040 447 1086 istan,
477 1051 521 1075 ac
550 1035 669 1075 reales
697 1037 1021 1075 denominationes
1042 1050 1115 1074 non
1140 1049 1221 1088 pos-

107 1099 194 1129 tunt
219 1092 339 1139 oriri,
382 1091 456 1129 nisi
485 1101 530 1128 ex
559 1090 690 1142 aliqua
719 1091 921 1128 intrinseca
950 1090 1067 1142 ipsius
1098 1097 1220 1126 muta-

106 1145 241 1193 tione,
288 1156 356 1196 per
384 1143 673 1197 acquisitionem
714 1155 824 1183 novae
866 1142 1032 1194 alicujus
1062 1142 1222 1180 tormae:

109 1209 197 1249 ergo
219 1196 297 1236 &c-

165 1249 231 1289 30.
261 1249 396 1302 Resp.,
426 1251 549 1304 reipsa
578 1262 728 1301 novam
749 1250 911 1289 sormam
929 1280 940 1298 ,
982 1263 1121 1301 nempe
1151 1247 1222 1286 hu—

106 1316 265 1344 manam
293 1313 468 1342 naturam
497 1318 519 1341 a
550 1302 677 1342 Verbo
705 1306 834 1342 divin-10
877 1305 1066 1342 incarnato
1109 1302 1223 1340 fuisse

106 1365 347 1409 susceptam,
395 1370 466 1396 non
496 1357 696 1395 intrinseca
733 1358 864 1410 aliqua
893 1359 951 1395 sui
989 1357 1223 1403 mutatione,

103 1409 176 1446 -ued
203 1407 327 1448 solum
357 1411 566 1448 extrinseca
586 1413 849 1449 terminatione
867 1440 877 1458 ‚
909 1420 947 1448 ut
968 1407 1145 1461 exemplo
1166 1422 1223 1446 ra-

110 1461 260 1500 diorum
289 1461 472 1501 solarium
517 1476 603 1502 mox
645 1464 880 1514 explicatum
916 1473 996 1511 est,
1044 1464 1111 1514 qui
1142 1463 1222 1500 sine

108 1512 191 1553 ulla
219 1513 307 1553 solis
334 1516 541 1552 mutatione
570 1516 856 1555 extenderentur
893 1518 1006 1555 etiam
1037 1517 1083 1553 ad
1113 1514 1223 1553 illam

107 1565 255 1606 telluris
282 1568 516 1618 portionem,
545 1581 633 1620 quae
655 1579 748 1606 esset
762 1570 807 1606 de
830 1581 926 1608 novo
946 1578 1092 1607 creata.
1123 1563 1221 1604 Hinc

106 1632 198 1660 vere
226 1618 350 1659 Filius
379 1617 454 1659 Dei
479 1621 620 1661 dicitur
649 1620 762 1660 homo
792 1622 911 1661 factus
929 1652 940 1670 ,
984 1634 1140 1673 passus,
1189 1620 1223 1655 δε

108 1681 281 1712 mortuus
310 1675 348 1712 in
377 1673 445 1713 illa
473 1682 606 1713 natura
634 1684 827 1727 assumpta
844 1701 854 1713 .
968 1721 970 1723 ,

165 1725 230 1764 3¹.
259 1726 319 1764 Ad
347 1725 559 1778 pleniorem
588 1737 715 1768 autem
746 1728 860 1779 hujus
902 1725 1135 1766 difficultatis
1164 1738 1222 1763 so-

107 1776 296 1818 lutionem
337 1778 528 1818 afferenda
557 1790 610 1820 est
651 1781 820 1820 doctrina
848 1781 888 1819 S.
920 1780 1080 1818 Thomae
1114 1793 1150 1817 2.
1181 1777 1223 1816 P.

110 1840 248 1884 quaest.
271 1826 334 1870 16.
363 1842 434 1870 art.
453 1831 494 1870 6.
522 1834 570 1873 ad
593 1847 629 1872 2.
646 1863 657 1882 ,
689 1834 754 1872 ubi
784 1833 976 1885 explicans
1007 1833 1115 1872 illam
1138 1844 1223 1883 pro-

109 1885 356 1936 positionem:
385 1884 497 1924 Deus
511 1885 658 1938 jactus
673 1886 884 1935 esthonw,
914 1889 1057 1938 inquit:
1089 1915 1114 1933 ‚,
1137 1884 1224 1923 Fie-

112 1966 141 1986 „
170 1937 203 1975 ri
231 1939 436 1991 importat,
484 1940 586 1991 quod
615 1940 762 1993 aliquid
792 1940 1023 1993 praedicetur
1050 1940 1096 1977 de
1126 1951 1226 1976 novo

111 2019 140 2039 ,‚
169 1990 216 2028 de
235 1990 353 2028 altero
369 2017 380 2029 .
411 1990 522 2030 Unde
551 1995 870 2046 quandocumque
898 1993 1047 2045 aliquid
1063 1993 1108 2030 de
1127 2004 1226 2032 novo

112 2072 140 2092 ,‚
169 2042 400 2095 praedicatur
426 2045 473 2084 de
501 2044 619 2083 altero
655 2061 745 2085 cum
774 2048 992 2085 ‘mutatione
1021 2045 1103 2095 ejus
1120 2074 1131 2093 ‚
1178 2044 1225 2083 de

110 2124 138 2145 ,‚
167 2108 244 2148 quo
270 2096 434 2146 dicitur,
464 2107 552 2138 tunc
581 2098 666 2138 fieri
696 2109 750 2138 est
779 2096 945 2139 mutari:
975 2099 1008 2136 8<
1037 2099 1108 2137 hoc
1137 2110 1226 2139 con·

113 2177 142 2198 „
173 2150 283 2201 tingit
312 2150 350 2188 in
378 2151 583 2200 omnibus,
611 2167 699 2205 quae
719 2152 896 2192 absolute
916 2154 1118 2192 dicuntur:
1146 2164 1226 2189 non

114 2230 142 2251 „
171 2203 272 2241 enim
303 2211 418 2254 potest
447 2200 605 2254 albedo,
635 2216 698 2244 aut
726 2208 884 2259 nigredo
911 2208 957 2245 de
987 2219 1085 2244 novo
1113 2203 1226 2241 adv-e-

110 2283 141 2304 „
169 2256 253 2293 nire
280 2255 426 2305 alicui,
468 2259 542 2296 nisi
572 2273 640 2311 per
669 2259 767 2306 hoc,
808 2259 910 2311 quod
938 2260 984 2296 de
1013 2270 1110 2296 novo
1139 2269 1224 2293 mu-

113 2335 141 2356 „
167 2315 268 2347 tatur
295 2309 342 2347 ad
371 2309 588 2349 albedinem
606 2342 616 2359 ,
645 2311 705 2350 vel
727 2313 961 2363 nigredinem
981 2336 991 2347 .
1020 2309 1076 2347 Ea
1106 2321 1194 2346 vero
1212 2338 1224 2356 ,

112 2387 141 2408 ,.‚
168 2373 257 2411 quae
285 2361 447 2401 relative
473 2363 677 2412 dicuntur,
706 2373 861 2421 possunt
890 2364 936 2400 de
957 2375 1054 2402 novo
1084 2361 1224 2413 praedi-

112 2439 142 2460 „
169 2413 249 2450 cari
275 2412 324 2451 de
351 2413 484 2467 aliquo
510 2415 653 2468 absque
680 2430 764 2466 ejus
783 2418 1012 2453 mutatione:
1042 2415 1136 2452 sicut
1156 2412 1224 2451 ho-

115 2492 143 2513 „
172 2477 236 2502 mo
262 2464 309 2503 de
338 2479 432 2504 novo
460 2467 503 2504 fit
531 2468 659 2506 dexter
688 2469 832 2521 absque
854 2470 911 2507 sui
933 2468 1135 2506 mutatione
1157 2480 1224 2519 per

112 2545 141 2566 „
170 2526 314 2557 motum
344 2517 476 2568 illius,
505 2521 573 2572 qui
602 2523 647 2559 sit
677 2523 711 2559 ei
740 2523 914 2560 sinister.
963 2520 1070 2558 Unde
1101 2521 1138 2558 in
1168 2529 1222 2557 ta·

114 2599 144 2619 „
170 2568 274 2610 libus
301 2586 374 2611 non
402 2582 572 2625 oportet,
601 2587 715 2613 omne
743 2575 844 2627 quod
873 2576 1012 2612 dicitur
1031 2573 1136 2622 fieri,
1167 2587 1223 2611 es-

112 2651 140 2671 „
168 2637 207 2661 se
234 2634 445 2674 mutatum,
475 2628 568 2678 quia
596 2626 666 2666 hoc
696 2637 812 2680 potest
840 2628 1012 2666 accidere
1043 2640 1108 2679 per
1140 2640 1224 2664 mu-

109 2704 139 2725 „
167 2678 346 2717 tationem
376 2678 531 2718 alterius
552 2706 592 2718 ...
635 2680 726 2720 Esse
753 2691 879 2720 autem
911 2680 1104 2718 hominem
1133 2693 1223 2717 con-

109 2757 140 2777 „
168 2731 271 2769 venit
296 2731 381 2770 Deo
407 2734 548 2771 ratione
579 2736 727 2773 unionis
743 2765 754 2784 ,
782 2731 871 2786 quae
893 2744 945 2772 est
967 2732 1097 2771 relatio
1116 2746 1222 2784 quae-

114 2810 140 2830 „
167 2783 256 2822 dam
274 2811 285 2822 .
313 2785 363 2824 Et
390 2786 476 2825 ideo
504 2801 581 2826 esse
609 2787 803 2826 homiuem
834 2788 1067 2840 praedicatur
1081 2786 1127 2823 de
1158 2799 1225 2823 no-

114 2861 143 2884 „
169 2849 216 2874 vo
242 2837 290 2878 de
318 2836 426 2889 Deo,
457 2839 600 2894 absque
629 2840 710 2892 ejus
740 2845 972 2889 mutatione,
1006 2853 1074 2891 per
1092 2849 1226 2887 ,muta-

116 2914 143 2934 2,
170 2889 309 2946 tio-nem
339 2891 520 2933 humanae
550 2904 725 2944 naturae,
756 2909 843 2947 quae
874 2897 1078 2932 assuuntur
1109 2895 1148 2932 in
1167 2891 1224 2930 di-

116 2966 145 2986 ss
171 2943 301 3001 yinam
330 2960 527 2997 personam
558 2948 629 2986 ἃς.
659 2952 685 2971 “
704 2975 714 2987 .
759 2949 854 2986 Haec
883 2949 923 2985 S.
955 2947 1149 2993 Thomas,
1180 2958 1226 2982 ex

115 2993 258 3043 quibus
300 2999 433 3038 multae
481 3002 782 3041 adver-’sariorum
831 3001 1064 3054 objectiones
1111 2997 1226 3037 resol-

118 3056 260 3085 vuntur
281 3075 292 3086 .
459 3055 463 3058 '

120 3155 128 3162 ·
173 3101 238 3141 52.
268 3101 381 3142 Dices
407 3107 535 3145 tertio.
564 3105 606 3147 Si
638 3109 804 3161 Angelus
833 3123 984 3149 carnem
1012 3104 1226 3147 'humanam

116 3162 169 3192 xta
197 3166 433 3205 assumeret,
468 3168 507 3196 ut
535 3160 617 3210 ejus
644 3163 852 3202 substantia
880 3165 926 3202 ad
957 3163 1065 3202 illam
1095 3161 1227 3199 termi-

115 3208 283 3247 nandam
323 3210 604 3260 extenderetur,
647 3218 834 3265 quomodo
876 3231 945 3255 nos
987 3217 1151 3254 dicimus
1181 3213 1225 3250 de

110 3261 376 3302 incarnatione
406 3264 553 3312 Verbi,
582 3275 728 3304 certum
757 3279 835 3318 est,
877 3269 948 3309 hoc
979 3271 1059 3308 sine
1091 3268 1226 3308 intrin-

115 3327 200 3354 seca
230 3316 364 3362 angeli
397 3319 600 3356 mutatione
628 3318 714 3357 fieri
744 3334 818 3360 non
846 3336 968 3374 posse:
1011 3334 1097 3375 ergo
1125 3320 1229 3374 pari-

224 3363 461 3424 Gaszzaniga
497 3370 628 3411 Τὶεοῖ.
659 3372 772 3411 Tom.
793 3373 844 3413 V.

2302 123 2357 171 49

1293 200 1347 227 tet·
1378 190 1495 227 Verbi
1542 192 1750 229 incarnatio
1780 194 1857 229 sine
1888 191 2055 242 ejusdem
2095 193 2294 232 intrinseca
2327 211 2409 233 niu·

1293 244 1428 282 tatione
1458 243 1542 282 fieri
1573 257 1647 282 non
1679 247 1823 295 potuim
1853 245 2020 297 adeoque
2050 255 2100 283 est
2132 248 2405 299 impossibilis.

1352 296 1416 334 55.
1450 295 1561 348 Ριεψ.
1610 311 1695 348 neg.
1743 311 1842 335 cons.
1871 300 1970 335 Cum
2013 301 2115 337 enim
2150 302 2312 353 Angelus
2350 303 2407 340 in-

1296 349 1403 388 finite
1433 350 1618 399 perfectus
1649 363 1722 387 non
1752 352 1824 398 sit,
1855 352 1980 388 addita
2010 354 2043 389 ei
2075 363 2204 391 natura
2235 354 2404 394 humana

1296 402 1497 440 adderetur
1526 402 1641 439 etiam
1682 403 1811 454 aliqua
1843 417 1939 441 nova
1985 406 2191 455 postumo,
2234 409 2404 461 adeoque

1296 453 1404 494 fieret
1432 456 1632 492 intrinseca
1661 455 1792 507 aliqua
1815 456 1930 507 ipsiu-t
1961 462 2142 497 utut-titio.
2174 459 2254 498 Hoc
2274 463 2408 499 discri-

1296 522 1384 546 men
1428 507 1536 545 affert
1576 507 1616 546 S.
1647 507 1814 546 Thomas
1853 512 1889 546 in
1921 510 1983 546 lll.
2027 511 2205 549 semem.
2249 513 2345 551 Dist.
2377 515 2407 552 Ι.

1325 569 1430 599 uaest.
1467 574 1499 598 1.
1528 570 1600 598 art.
1637 574 1669 598 t.
1699 562 1743 598 ad
1777 576 1813 599 2.
1845 564 2043 614 inquit-its:
2091 565 2203 614 Quoi!
2232 576 2289 603 est
2319 580 2405 617 pcr-

1315 624 1445 651 ectum
1462 618 1502 651 in
1519 627 1561 651 se
1576 644 1586 661 ,
1616 626 1695 657 nort
1726 619 1855 651 unitur
1885 616 1998 652 altera·
2015 631 2037 653 <z
2055 618 2066 654 ἰ
2088 618 2374 669 ιιι;ᾳυί1·ειι.ἰ;ιηι
2394 651 2405 668 ,

1281 667 1362 718 ,sal
1398 667 1453 705 ad
1495 668 1878 705 communicanlmn
1920 669 2223 717 perpessimum.
2268 668 2322 710 Et
2351 676 2407 710 sic

1293 719 1404 758 Deus
1434 720 1582 757 homini
1611 725 1712 758 uniri
1752 722 1864 758 voluit
1909 715 1987 757 no·i
2025 734 2179 772 propter
2208 738 2271 772 se,
2313 730 2408 774 quia

1293 787 1374 811 non
1403 771 1540 822 habet,
1577 786 1650 824 quo
1679 785 1834 812 crescat
1864 776 1948 826 ejx-¹5
1977 776 2190 827 sve-scuto,
2221 778 2291 816 sed
2317 792 2407 829 pro-

1291 836 1378 877 pter
1406 825 1635 874 hommem,
1666 832 1727 865 cui
1757 827 2061 866 subuenienlum
2091 840 2177 867 cruit
2196 857 2205 868 .
2245 830 2291 868 Et
2322 831 2406 869 haec

1290 881 1405 918 etiam
1450 889 1501 917 est
1530 882 1652 928 ratio,
1701 891 1850 932 propter
1883 895 1997 932 quain
2032 881 2130 920 Deus
2174 885 2310 921 mutari
2341 898 2406 922 ne-

1287 942 1430 986 queat,
1462 934 1554 985 quia
1583 947 1672 970 cum
1703 937 1747 972 sit
1776 948 1842 971 ens
1873 935 2188 985 perfectissimum
2207 966 2218 983 ‚
2257 935 2405 975 nnllam

1291 995 1407 1039 potest
1438 987 1709 1038 perfectionem
1739 988 1963 1039 acquirere,
1996 988 2053 1024 vel
2086 991 2279 1027 amittere.

1345 1039 1410 1086 54.
1439 1038 1532 1090 Obj.
1563 1041 1697 1077 tertio·
1741 1039 1891 1087 buius,
1922 1040 2168 1091 ejusdemque
2200 1044 2252 1080 rei
2278 1056 2404 1081 >essen-

1288 1094 1366 1143 tia‚
1398 1107 1461 1131 seu
1486 1091 1623 1130 'natura
1653 1106 1728 1131 non
1757 1102 1874 1144 potest
1895 1108 1973 1131 esse
2002 1096 2072 1132 nisi
2105 1088 2204 1140 ίιῑιεις
2234 1095 2327 1134 alias
2348 1109 2408 1134 res

1288 1146 1377 1195 bis,
1406 1155 1470 1183 aut
1500 1148 1639 1198 saepius
1670 1147 1865 1193 existeret,
1894 1147 1993 1198 quod
2026 1158 2231 1199 repugnat:
2262 1162 2350 1197 ergo
2367 1164 2405 1186 e·

1289 1201 1379 1238 tiam
1410 1200 1448 1238 in
1479 1199 1562 1236 Deo
1590 1212 1665 1237 non
1705 1208 1821 1250 potest
1864 1213 1940 1237 esse
1982 1201 2056 1237 nisi
2101 1214 2176 1238 una
2219 1196 2408 1251 essentia,

1290 1267 1355 1292 seu
1385 1261 1548 1291 natura.

1348 1307 1412 1346 55.
1445 1304 1585 1358 Κῴη»,
1615 1304 1823 1356 cujuslibet
1844 1306 1899 1344 rei
1929 1305 2162 1345 subsistentis
2191 1321 2268 1345 esse
2290 1320 2406 1346 unam

1293 1369 1466 1399 naturam
1497 1368 1640 1397 tautum
1659 1390 1668 1406 ‚
1698 1372 1766 1407 per
1794 1372 1916 1407 quum
1960 1360 2191 1408 simpliciter
2219 1374 2304 1398 esse
2333 1360 2405 1399 ha-

1292 1412 1384 1458 bec‚·
1415 1412 1447 1449 8<
1476 1414 1530 1450 sic
1560 1412 1721 1449 verbum
1752 1412 1825 1449 Dei
1858 1426 1923 1463 per
1953 1412 2071 1449 solam
2103 1422 2278 1451 naturam
2308 1415 2406 1452 dit-i-

1293 1481 1380 1504 nam
1409 1465 1636 1516 simpliciter
1665 1477 1741 1502 esse
1772 1464 1910 1510 habet,
1942 1477 2016 1502 ron
2047 1474 2172 1503 autern
2204 1480 2271 1518 per
2301 1478 2406 1504 uatu-

1290 1534 1372 1557 ram
1403 1519 1638 1566 humanam,
1668 1519 1731 1556 sed
1762 1531 1828 1569 per
1850 1533 1933 1555 carn
1965 1517 2102 1565 habet,
2132 1519 2233 1570 quod
2265 1520 2309 1555 sit
2340 1520 2405 1556 ho-

1290 1587 1380 1617 mo3
1412 1572 1510 1609 unde
1541 1585 1612 1609 non
1642 1571 1700 1608 bis
1730 1570 1841 1608 habet
1861 1571 2126 1616 existentiam3
2154 1573 2406 1622 quemadmo-

1290 1625 1381 1662 dum
1413 1636 1479 1660 nec
1508 1623 1623 1660 homo
1651 1623 1710 1661 bis
1740 1624 1879 1661 dicitur
1921 1626 2078 1661 existere
2108 1637 2152 1661 ex
2182 1637 2252 1671 eo,
2301 1626 2404 1676 quod

1291 1690 1429 1715 novam
1461 1675 1644 1713 existendi
1688 1676 1850 1712 formam
1870 1706 1880 1722 ‚
1927 1678 2053 1725 priore
2083 1689 2155 1713 non
2184 1677 2377 1728 deperdita
2396 1709 2406 1726 ,

1290 1730 1462 1782 acquirat
1483 1758 1494 1776 .,
1537 1729 1718 1780 >quamvis
1748 1727 1831 1765 haec
1863 1728 2030 1778 paritas,
2076 1738 2116 1765 ut
2143 1741 2272 1765 omues
2319 1729 2407 1767 aliae

1290 1784 1414 1822 ductae
1445 1797 1468 1819 a
1497 1781 1609 1819 rebus
1639 1781 1799 1828 creatis,
1842 1779 1994 1818 infinite
2022 1795 2046 1818 a
2074 1783 2257 1833 mysterio
2287 1782 2420 1835 incar-2·

1290 1837 1453 1875 nationis
1482 1834 1662 1872 deficiat.

1347 1886 1411 1928 56.
1441 1887 1533 1938 Obj.
1563 1895 1725 1939 quarto.
1775 1887 1818 1925 Iu
1849 1887 2002 1926 Divinis
2024 1895 2184 1940 ‚propter
2213 1900 2404 1927 summam

1291 1942 1576 1995 simplicitatem
1604 1953 1765 1993 ‚persona
1807 1940 1910 1979 idem
1941 1950 1991 1979 est
2020 1954 2109 1979 cum
2140 1949 2299 1990 naturaj
2345 1942 2409 1980 sed

1293 1996 1462 2035 humana
1491 2003 1625 2033 natura
1653 2007 1729 2032 non
1759 2003 1876 2046 potest
1918 2008 1995 2031 esse
2026 1994 2126 2031 idem
2156 2002 2244 2030 cum
2274 1994 2408 2033 divina.

1293 2060 1479 2103 persona:
1509 2046 1747 2099 impossibile
1777 2056 1829 2086 est
1857 2059 1944 2098 ergo
1973 2047 2145 2084 divinam
2175 2045 2409 2098 hypostasim

1295 2103 1497 2142 subsistere
1527 2103 1567 2139 in
1597 2100 1765 2138 humana
1793 2109 1928 2137 natura
1948 2124 1959 2136 .

1349 2157 1414 2206 57.
1446 2155 1557 2205 Resp.
1578 2182 1589 2201 ‚
1627 2160 1799 2191 naturam
1829 2152 2024 2198 divinam,
2068 2165 2136 2203 per
2165 2165 2282 2204 quam
2312 2152 2408 2190 Ver-

1293 2208 1388 2247 bum
1419 2208 1468 2246 ab
1498 2216 1637 2244 aeterno
1665 2205 1856 2252 subsistit,
1900 2205 2038 2243 debere
2081 2205 2184 2243 idem
2212 2219 2290 2243 esse
2318 2218 2409 2245 cum

1292 2261 1422 2299 divino
1452 2259 1606 2306 Verbo,
1646 2272 1769 2310 neque
1798 2259 1847 2296 ab
1877 2271 1920 2296 eo
1950 2271 2056 2308 posse
2085 2258 2248 2295 realiter
2276 2258 2410 2296 distin-

1291 2315 1381 2366 gui:
1411 2327 1483 2351 non
1514 2313 1566 2350 sic
1587 2320 1711 2349 autem
1743 2321 1916 2350 naturam
1945 2310 2154 2349 humanam
2173 2341 2184 2359 ‚
2211 2325 2331 2363 quam
2362 2310 2411 2349 ad

1291 2381 1400 2405 suam
1430 2365 1709 2404 subsistentiam
1739 2362 1879 2412 trahit,
1912 2373 1950 2402 ut
1981 2365 2020 2402 in
2039 2378 2081 2402 ea
2111 2364 2308 2403 subsistat:
2341 2379 2410 2403 un-

1291 2418 1337 2458 de
1367 2433 1440 2458 non
1461 2427 1626 2471 oportet,
1657 2418 1758 2470 quod
1780 2427 1915 2456 natura
1943 2416 2114 2457 humana
2131 2419 2178 2455 sit
2201 2418 2299 2456 idem
2321 2427 2410 2455 cum

1290 2487 1450 2526 persona
1479 2474 1640 2511 diviua.
1672 2471 1727 2508 Ita
1755 2470 1796 2511 S.
1827 2469 2023 2510 Thomas.
2211 2518 2215 2522 .

1346 2526 1410 2565 38.
1440 2523 1532 2575 obj.
1562 2525 1724 2576 quinto.
1768 2523 1913 2561 Natura
1943 2525 1983 2562 iu
2013 2537 2052 2561 se
2097 2523 2328 2561 cOnsiderata
2358 2530 2411 2559 est

1291 2580 1412 2629 magis
1441 2576 1603 2627 simplex
1621 2605 1632 2622 ,
1680 2574 1715 2610 ἃ
1742 2575 1930 2625 generalis
1951 2604 1962 2621 ,
2005 2588 2122 2625 quam
2168 2575 2376 2627 hypostasis
2397 2602 2410 2622 ,

1291 2645 1380 2684 quae
1411 2631 1449 2668 in
1480 2644 1523 2667 ea
1553 2627 1744 2671 subsistit3
1773 2636 1907 2664 natura
1937 2628 2063 2673 enim,
2091 2640 2181 2678 quae
2205 2629 2241 2663 in
2261 2640 2299 2663 sc
2318 2639 2408 2664 con-

1294 2685 1453 2723 siderata
1482 2691 1534 2719 est
1563 2680 1810 2730 communis,
1841 2678 2103 2717 individuatur
2134 2692 2199 2730 per
2228 2678 2408 2732 hyposta-

1291 2739 1392 2775 sim.
1433 2735 1474 2773 Si
1506 2735 1621 2786 igitur
1648 2733 1780 2770 divina
1811 2730 2023 2784 hypostasis
2065 2731 2238 2770 subsistat
2268 2734 2308 2771 in
2337 2731 2409 2770 hu-

1292 2804 1406 2828 mana
1437 2798 1572 2826 natura
1593 2817 1604 2834 ,
1634 2793 1839 2838 sequetur,
1885 2784 2091 2822 humanam
2122 2795 2295 2824 nanu-am
2326 2797 2405 2823 esse

1294 2843 1595 2896 simpliciorem,
1638 2852 1756 2892 quam
1786 2839 1833 2876 sit
1860 2837 1992 2876 divina
2022 2837 2260 2890 hypostasis3
2305 2837 2408 2891 quod

1297 2906 1348 2935 est
1376 2895 1584 2935 absurdum
1603 2919 1612 2931 .

1351 2950 1415 3002 59.
1447 2948 1557 3000 Hesp.
1577 2977 1586 2992 ,
1617 2944 1851 2997 hypostasim
1872 2942 1994 2982 Verbi
2022 2958 2096 2982 non
2115 2945 2288 2983 constitui
2319 2945 2410 2983 sim-

1294 3002 1446 3055 pliciter
1477 3014 1542 3052 per
1573 2999 1777 3035 humanam
1810 3005 2014 3045 naturam,
2057 3007 2096 3036 ut
2125 3010 2192 3049 per
2221 3009 2304 3035 eam
2334 2999 2408 3042 sit;

1295 3057 1357 3094 sed
1388 3054 1510 3093 solum
1542 3061 1581 3090 ut
1611 3064 1677 3102 per
1698 3063 1781 3088 earn
1812 3051 1856 3087 sit
1887 3049 2028 3096 hom03
2056 3063 2124 3103 per
2153 3060 2326 3089 naturam
2342 3064 2410 3088 au-

1293 3118 1368 3147 tem
1399 3107 1574 3146 divinam
1603 3103 1850 3156 simpliciter,
1880 3101 1914 3138 8t
1939 3103 2110 3142 absolute
2137 3105 2307 3142 constitui
2338 3103 2411 3155 hy-

1296 3162 1473 3214 postasim
1492 3189 1501 3206 ,
1533 3171 1595 3195 seu
1627 3169 1826 3208 personam
1857 3154 2007 3204 Verbi,
2038 3166 2077 3194 ut
2104 3158 2172 3195 sit:
2215 3158 2316 3195 unde
2344 3169 2411 3193 na·

1295 3225 1379 3252 tura
1407 3213 1539 3250 divina
1568 3222 1643 3249 non
1674 3218 1727 3247 est
1755 3211 1880 3261 reipsa
1910 3208 2149 3262 simplicior,
2179 3223 2296 3262 quam
2316 3209 2410 3245 Ver-

1295 3268 1390 3306 bum
1408 3297 1419 3314 ,
1449 3265 1511 3303 sed
1541 3262 1662 3302 solum
1694 3272 1821 3301 nostro
1848 3261 2080 3314 intelligendi
2109 3263 2247 3301 modo.
2288 3261 2408 3300 Aliter

1297 3330 1427 3360 autem
1469 3327 1520 3357 est
1560 3323 1698 3356 natura
1736 3315 1932 3366 humana,
1980 3330 2048 3369 per
2081 3330 2201 3369 quam
2234 3313 2408 3352 Verbum

1807 3382 1829 3421 7
2278 3377 2353 3401 non
