2583 3685
281 143 363 196 198

211 231 374 269 rumque
403 215 587 251 Veterum¹
627 214 747 265 probe
775 217 1045 268 assequendam
1088 218 1163 256 duo
1191 222 1317 260 obser-

213 285 300 308 vare
328 276 470 319 oportet
485 292 502 312 .⁴
533 265 662 304 Primo
691 280 982 320 nonnumquam
1012 270 1226 313 libertatem
1256 288 1317 313 VO·

211 324 372 359 luntatis
401 319 515 357 fuisse
544 319 593 357 ab
623 321 674 357 eis
704 322 902 367 con-fusam
938 337 1027 362 cum
1057 324 1227 365 libertate
1256 328 1317 379 ju-

208 375 325 421 dicii,
355 386 420 410 seu
449 372 628 411 arbitrii.
659 374 712 410 lta
733 373 772 412 S.
804 375 1036 427 Augustinus
1065 378 1154 418 Lib.
1175 382 1242 418 ΙΙΙ.
1272 381 1320 419 de

209 425 271 463 lib.
302 425 387 464 arb.
409 427 525 478 capit.
547 426 584 464 5.
614 427 710 464 dixit
728 457 738 475 ,
768 440 841 465 nos
861 442 940 465 non
961 436 1219 482 necessitate,
1250 434 1320 472 sed

206 480 405 523 voluntate
446 492 644 530 peccare5
692 481 759 519 ubi
789 491 887 519 certe
916 485 1069 521 nomine
1110 487 1319 526 voluntatis

204 533 389 572 intellexit
430 533 600 572 liberum
639 534 871 582 arbitrium,
919 537 982 573 cui
1012 537 1080 575 soli
1122 542 1318 585 necessitas

203 589 430 639 opponitur.
464 586 604 626 Rursus
625 589 756 626 eodem
789 589 827 626 in
857 588 939 627 loco
967 599 1170 642 postquam
1200 594 1317 632 dixis-

203 650 281 688 set,
313 639 545 678 voluntatem
576 655 654 680 esse
683 643 721 679 in
751 650 875 680 nostra
902 651 1108 694 potestate,
1157 646 1311 684 subdit:

200 706 315 743 porro
356 698 450 744 quia
494 704 552 732 est
582 698 623 732 in
660 704 871 747 potestate,
919 695 1042 740 libera
1084 707 1142 735 est
1170 697 1313 737 nobis:

201 745 281 783 non
311 751 419 784 enim
449 756 506 791 est
542 748 651 786 nobis
680 747 865 797 liberam,
913 749 1013 800 quod
1041 753 1083 787 in
1118 761 1312 802 potestate

200 813 280 837 non
310 799 521 849 babemus,
551 811 621 839 aut
649 811 775 852 potest
803 815 884 840 non
914 815 1026 851 esse,
1066 804 1168 854 quod
1196 805 1317 845 habe-t

200 867 309 892 mus.
359 855 511 902 Quibus
540 855 666 894 verbis
695 870 717 893 a
745 855 936 896 voluntate
964 870 1040 895 non
1069 852 1192 896 solum
1230 874 1314 898 coa-

198 909 293 955 ctio,
324 908 385 945 sed
407 910 520 946 etiam
542 910 739 950 necessitas
754 909 938 947 naturalis
958 910 1193 958 excluditur3
1222 927 1312 965 quae

197 962 297 998 enim
329 964 537 1000 necessario
565 964 737 1014 agimus,
776 964 816 1001 in
846 972 971 1005 nostra
999 973 1174 1016 potestate
1203 980 1279 1004 esse
1300 997 1310 1015 ,

196 1028 308 1051 nemo
335 1016 455 1054 dicet.
485 1016 549 1054 Sic
580 1018 693 1054 etiam
715 1016 754 1054 S.
786 1017 998 1057 Bernardus
1027 1018 1152 1056 Serm.
1173 1018 1240 1058 81.
1269 1024 1311 1058 in

201 1066 374 1106 Cantica
403 1070 543 1122 inquit:
572 1068 633 1107 tibi
654 1070 860 1118 voluntas,
889 1069 937 1108 ibi
966 1071 1015 1112 <9¹
1036 1071 1225 1117 libertas,·
1254 1073 1309 1110 lo-

195 1123 262 1174 qui
293 1131 419 1160 autem
460 1124 506 1160 de
536 1122 708 1161 libertate
738 1125 912 1173 arbitrii,
961 1139 1049 1176 quae
1094 1125 1308 1164 naturalem

193 1177 451 1214 necessitatem
481 1188 555 1214 non
586 1179 842 1229 compatitur,
885 1188 1013 1230 aperte
1043 1178 1189 1231 liquet,
1227 1188 1309 1216 tum

193 1242 237 1273 ex
266 1239 339 1266 toto
367 1230 435 1268 illo
463 1243 635 1268 sermone
655 1261 665 1279 ,
686 1235 689 1237 ’
714 1240 794 1268 tum
826 1233 939 1269 etiam
978 1245 1022 1270 ex
1052 1232 1232 1270 Tractatu
1261 1232 1310 1270 de

190 1292 324 1334 gran,
354 1285 404 1324 ὢ
433 1282 494 1321 lib.
525 1282 609 1321 arb.
628 1314 638 1331 ,
683 1284 750 1322 ubi
781 1298 866 1337 cap.
891 1298 926 1323 2.
957 1286 1102 1337 inquit:
1150 1285 1212 1322 tibi
1240 1298 1308 1323 ne-

191 1340 385 1384 cessitas,
409 1338 502 1387 jam
534 1350 615 1373 non
645 1338 851 1375 voluntas:
883 1338 916 1378 ὃς
946 1339 1110 1375 iterum:
1148 1338 1210 1376 ubi
1238 1352 1307 1376 ne-

188 1393 356 1427 cessitas
385 1398 462 1437 est,
491 1388 650 1427 libertas
680 1403 760 1427 non
789 1400 849 1428 est
869 1421 879 1439 ,
909 1403 983 1428 nec
1014 1395 1203 1430 meritum
1221 1418 1231 1430 .

245 1442 334 1488 240.
366 1441 541 1480 Alterum
584 1443 845 1483 observatione
886 1444 1046 1495 dignum
1078 1455 1156 1494 est,
1205 1446 1307 1498 quod

189 1495 398 1547 aliquando
427 1498 582 1534 nomine
603 1502 821 1535 coactionis
849 1511 923 1535 non
956 1499 1077 1536 solum
1110 1509 1312 1543 externam

188 1550 407 1587 violentiam
438 1550 706 1589 intellexerunt
724 1582 734 1599 ,
765 1552 828 1590 sed
858 1553 971 1590 etiam
1001 1553 1218 1604 simplicem
1241 1567 1306 1590 ne-

186 1605 422 1651 cessitatem,
472 1605 535 1651 ita·
555 1613 594 1641 ut
622 1607 856 1643 coactionem
896 1620 918 1641 a
947 1605 1139 1642 voluntate
1177 1605 1312 1642 exclu-

185 1657 311 1695 dentes
341 1659 455 1695 etiam
485 1657 703 1700 naturalem
729 1659 990 1695 necessitatem
1029 1657 1305 1696 excluderent.

186 1709 252 1747 Sic
281 1710 502 1761 S.August.
535 1711 572 1747 in
602 1710 692 1748 Lib.
722 1710 770 1747 cle
799 1709 950 1747 <latibus
979 1710 1194 1748 animabus
1215 1725 1302 1763 cap.

192 1776 253 1800 10.
285 1777 369 1800 eam
398 1761 634 1800 voluntatem
652 1793 662 1810 ,
693 1777 769 1815 qua
798 1773 1003 1815 peccatur,
1051 1764 1228 1803 definivit
1259 1778 1304 1801 a-

187 1819 286 1853 nimi
316 1825 468 1853 motum
486 1845 496 1864 ,
545 1825 710 1868 cogente
738 1818 870 1854 nullo.
927 1817 999 1854 Cui
1028 1817 1238 1860 definitioni
1269 1819 1310 1861 δε,

185 1869 256 1907 illa
284 1878 486 1917 consonat,
517 1883 634 1921 quam
663 1871 775 1908 tradit
795 1870 835 1908 S.
866 1870 1024 1923 Prosper
1054 1881 1196 1909 contra
1215 1871 1300 1909 Col-

184 1923 353 1960 latorem
370 1936 404 1960 c.
421 1936 459 1974 9.
492 1922 558 1959 ubi
574 1922 737 1960 liberum
753 1923 960 1963 arbitrium
978 1955 987 1972 ,
1021 1926 1146 1976 inquit
1163 1955 1173 1973 ,
1204 1925 1303 1962 idest

183 1980 240 2013 rei
267 1976 428 2025 placitae
456 1985 699 2025 spontaneas
727 1981 921 2028 appetitus
938 2003 947 2015 .
979 1979 1058 2015 Imo
1087 1978 1120 2014 8<
1142 1978 1181 2017 ὃ.
1200 1978 1302 2017 Tho-

183 2043 264 2067 mas
294 2029 333 2067 in
363 2030 411 2066 ΙΙ.
442 2027 553 2066 Sent.
582 2030 666 2067 dist.
690 2031 753 2068 25.
784 2045 851 2082 qu.
880 2045 912 2068 ι.
955 2040 1025 2068 art.
1048 2031 1086 2076 4.
1116 2031 1302 2070 Liberum

182 2082 386 2128 arbitrium
404 2112 414 2130 ,
444 2083 596 2135 inquit,
627 2081 767 2120 dicitur
788 2096 841 2121 ex
870 2097 914 2121 eo
933 2113 942 2131 ,
973 2084 1074 2134 quoi
1104 2091 1191 2138 cogi
1220 2099 1301 2123 non

183 2145 334 2188 potest,
383 2135 422 2180 &q
447 2145 516 2173 art.
541 2137 583 2180 5.,
607 2135 791 2174 Libertas
819 2141 860 2174 in
902 2140 961 2174 sui
991 2141 1148 2176 ratione
1177 2153 1303 2191 nega-

185 2194 334 2228 tionem
355 2193 572 2228 coactionis
590 2190 796 2235 includit,-
825 2191 858 2228 &
890 2192 1004 2229 etiam
1036 2193 1065 2229 Ι.
1083 2191 1123 2229 Ρ.
1153 2208 1219 2246 qu.
1236 2193 1303 2232 83.

184 2253 253 2282 art.
277 2257 313 2281 2.
343 2245 389 2280 ad
421 2244 458 2281 5.
488 2243 683 2295 explicans
725 2245 845 2283 verba
871 2244 911 2282 S.
943 2246 1142 2296 Augustini
1189 2261 1305 2298 supra

183 2311 224 2334 n.
248 2296 337 2334 226.
366 2297 541 2347 objecta:
589 2296 724 2334 Homo
755 2299 862 2335 male
905 2307 1019 2335 utens
1049 2298 1166 2337 libero
1195 2300 1300 2337 arbi-

184 2354 258 2387 trio
278 2351 365 2390 &ct-
396 2352 549 2401 inquit:
580 2380 606 2398 „
638 2351 761 2388 Homo
783 2353 971 2403 peccando
1001 2352 1168 2390 liberum
1199 2355 1302 2391 arbi-

185 2434 211 2452 „
242 2405 359 2442 trium
389 2405 529 2441 dicitur
559 2405 765 2455 perdidisse
794 2418 867 2442 non
896 2415 1082 2456 quantum
1107 2407 1154 2443 ad
1182 2407 1302 2445 liber·

190 2487 217 2506 „
248 2466 362 2495 tatem
392 2456 603 2494 naturalem
622 2487 632 2506 ,
680 2472 774 2510 quae
803 2468 862 2495 est
892 2472 918 2494 a
956 2462 1191 2508 coactione,
1240 2462 1304 2499 sed

186 2540 211 2561 ³>
241 2519 429 2563 quantum
459 2511 507 2547 ad
536 2509 772 2560 libertatem,
803 2525 891 2564 quae
923 2521 974 2552 est
1003 2528 1025 2551 a
1053 2513 1195 2565 culpa,
1227 2513 1260 2550 &
1281 2529 1308 2560 a*

186 2593 212 2612 „
242 2565 397 2602 miseria
425 2565 486 2609 “2-
829 2569 833 2572 “

191 2726 321 2770 aliquid
335 2727 514 2759 secundnm
537 2729 709 2772 propriam
722 2728 1065 2768 deteriizinationem‚
1091 2743 1155 2762 non
1183 2743 1225 2764 esc
1251 2743 1318 2763 ne-.

193 2777 358 2805 cessitate
378 2789 392 2811 ,·
429 2776 460 2805 δε
484 2785 543 2817 qu.
572 2773 628 2814 24.
654 2782 721 2806 art.
746 2786 773 2806 1.
800 2773 842 2805 ad
871 2785 924 2806 2ο.
965 2775 1054 2808 lianc
1081 2777 1193 2820 ips-un
1218 2775 1308 2808 diffi-

190 2819 352 2856 cultatem
379 2819 515 2853 solvens
533 2819 607 2852 haec
632 2819 759 2853 habet:
789 2823 891 2852 ὄις-αῖ
916 2823 960 2853 de
977 2825 1100 2863 primis
1117 2825 1308 2865 principiis

191 2875 253 2895 non
274 2867 467 2908 judicamus
493 2879 532 2899 ea
558 2870 818 2905 examinantes,
851 2868 922 2908 *sed
947 2869 1152 2899 natm-aliter
1178 2871 1225 2899 iis
1251 2880 1308 2899 ns-

193 2918 401 2950 sentianius,
447 2917 487 2944 (Τ
515 2915 694 2946 secundum
731 2925 770 2945 ea
795 2915 866 2947 alia
902 2916 1012 2944 onznia
1048 2917 1277 2946 examinamus
1296 2935 1307 2953 ,

192 2957 243 2986 isa
268 2960 307 2986 ζ’)
333 2961 366 2989 in
391 2961 634 3001 appetibilibus
659 2961 702 2992 de
719 2960 799 3002 fine
824 2956 940 2993 ultimo
958 2973 1024 2992 non
1043 2959 1309 3005 jndicannzsjii-

193 3001 290 3034 dicio
317 3004 574 3047 discussionis,
614 3009 664 3040 vel
690 3009 982 3046 examinationis>
1018 3008 1080 3039 sed
1105 3009 1319 3040 naturaliter-

193 3048 435 3090 approbannis;
475 3062 614 3095 propter
640 3056 726 3097 qnod
752 3055 794 3086 de
820 3066 858 3085 eo
885 3065 951 3085 non
976 3061 1030 3085 est
1056 3055 1208 3092 electio,
1247 3053 1309 3085 secl

196 3095 348 3130 voluntas
365 3116 373 3124 ·
411 3095 578 3131 Habemus
606 3113 685 3143 ergo
710 3108 865 3143 respecta
891 3101 965 3146 ejus
991 3101 1133 3133 liberam.
1160 3101 1311 3133 volunta-

195 3147 286 3178 tem,
312 3151 383 3171 cnm
407 3149 597 3185 necessitas
616 3149 783 3180 naturalis
811 3150 1053 3180 inclinationis
1074 3148 1230 3180 libertati
1245 3159 1310 3179 non.

199 3194 364 3230 repugnet
402 3191 577 3221 secundnm
603 3193 828 3235 Azigzistinnm
866 3195 898 3225 in
927 3194 970 3226 V.
1006 3195 1048 3226 de
1076 3194 1181 3226 Civit.
1209 3194 1278 3226 Dei
1296 3207 1311 3232 ,-

180 3232 262 3266 ¹non
286 3240 394 3265 antem
424 3238 433 3270 (
459 3231 625 3268 habemus
655 3248 663 3275 J
694 3240 1038 3285 libernmjnclffiinm,
1064 3253 1135 3273 cam
1161 3253 1225 3273 non
1251 3252 1310 3272 ca-

200 3280 261 3312 ctat
287 3279 346 3311 snb
373 3281 567 3311 electione.
617 3283 667 3314 En
685 3305 694 3322 ‚
737 3285 908 3328 quomodo
934 3287 1121 3328 Angelicus
1149 3295 1309 3319 accurate

198 3323 382 3368 distinguit
407 3325 605 3358 libertatem
632 3330 846 3371 voluntatis,
881 3333 935 3363 cui
964 3344 1030 3365 non
1055 3342 1226 3375 repugnat
1251 3344 1312 3364 ne-

200 3371 346 3413 cessitas
372 3372 543 3412 naturalis
570 3372 830 3417 inclinationis,
870 3380 900 3411 ὃς
925 3378 1124 3413 libertatem
1144 3379 1278 3424 judicii
1296 3399 1310 3418 ‚

806 137 1208 190 DISSERTATIO
1250 141 1326 184 ΙΙΙ.
1358 138 1525 182 SECT.
1548 138 1625 181 ΠΙ.
1680 139 1809 184 CAP.
1843 141 1943 185 VII.

1442 218 1532 263 241.
1562 216 1660 255 Sane
1690 219 1728 255 in
1758 218 1819 255 his.
1844 218 1937 259 locis
1967 222 1982 273 (
2013 221 2188 275 idemque
2231 220 2422 273 judicium
2451 223 2499 260 sit

1386 273 1431 310 de
1462 272 1547 309 aliis
1577 270 1593 317 ),
1622 271 1851 309 coactionem
1882 286 1957 313 non
1981 277 2081 314 sumi
2112 277 2151 314 in
2185 276 2363 327 propriO,
2410 277 2500 313 stri-

1386 335 1521 378 ctoque
1551 337 1660 362 sensu
1688 336 1757 375 pro
1785 325 1995 375 violentia,
2024 330 2087 367 sed
2109 330 2148 368 in
2177 329 2310 367 latiore
2340 341 2407 380 pro
2434 328 2504 366 ab-

1387 379 1506 417 soluta
1537 379 1777 423 necessitate,
1807 380 2006 418 manifeste
2035 390 2161 433 patet.
2218 381 2323 424 Nam
2350 381 2391 420 S.
2422 382 2501 419 Au-

1385 433 1555 484 gustinus
1583 430 1672 469 Lib.
1694 431 1723 468 Ι.
1754 429 1977 471 Retractat.
2021 448 2056 472 c.
2084 436 2144 473 15.
2173 448 2284 473 suam
2313 435 2500 473 libertatis

1386 486 1649 524 definitionem
1679 485 1726 521 ad
1756 492 1898 524 nostros
1945 495 2221 539 protoparentes
2250 489 2291 525 in
2320 497 2414 526 statu
2444 491 2502 527 in-

1385 541 1571 578 nocentiae
1601 538 1769 576 maxime
1798 546 1965 590 spectare
1994 540 2109 577 dicit:
2149 569 2175 588 „
2205 540 2283 589 Qui
2313 542 2428 591 primi
2458 543 2500 579 in

1387 594 1617 646 „paradiso
1660 593 1810 630 fuerunt
1839 590 2008 628 humano
2051 594 2182 643 generi
2225 593 2332 642 origo
2373 592 2501 642 mali,

1382 676 1409 694 „
1439 646 1548 685 nullo
1577 654 1754 697 cogente,
1785 645 2004 697 peccando3
2042 645 2136 697 quia
2165 645 2198 682 8<
2228 646 2384 683 scientes
2413 658 2504 684 cou-

1383 728 1407 747 „
1437 709 1493 737 tra
1522 707 1757 751 praeceptum
1788 699 1984 745 fecerunt,
2014 697 2048 734 δε
2079 697 2145 736 ille
2174 707 2331 736 tentator
2359 698 2500 745 suasit,

1381 781 1407 800 „
1439 763 1476 790 ut
1508 752 1576 790 hoc
1606 753 1737 800 fieret,
1769 765 1840 790 non
1869 753 1989 803 coegit
2009 754 2063 789 “.
2095 751 2173 790 Ubi
2203 764 2316 790 nemo
2345 762 2421 787 non
2443 751 2501 789 vi-

1380 806 1469 854 det,
1498 807 1701 844 coactionis
1732 819 1866 843 nomen
1896 806 1971 843 aS.
1989 805 2152 844 Doctore
2182 805 2390 857 usurpari,
2412 817 2509 855 pro--

1382 867 1421 896 ut
1450 872 1523 896 non
1567 858 1689 896 solum
1719 860 1928 897 necessitati
1972 858 2157 897 absolutae
2175 889 2186 908 ,
2233 859 2297 898 sed
2327 859 2442 895 etiam
2471 859 2510 895 i-.

1379 912 1590 962 gnorantiae
1619 914 1851 964 opponitur.
1890 912 1968 949 Nee
1998 912 2075 950 alia
2101 927 2211 951 mens.
2236 912 2309 951 suit
2337 912 2378 950 S.
2408 909 2508 949 Pro-⁴

1379 966 1507 1015 speri,
1537 965 1604 1015 qui
1634 965 1674 1002 S.
1703 965 1915 1017 Augustino
1943 964 2107 1004 fideliter
2137 966 2325 1005 adhaesit.

1436 1017 1526 1062 242.
1556 1016 1631 1053 Sed
1660 1017 1783 1055 adhuc
1826 1018 2057 1058 luculentius
2088 1019 2133 1063 S.
2161 1020 2328 1058 Thomas
2369 1016 2507 1056 decla--

1378 1079 1461 1117 rat,
1505 1081 1582 1120 quo
1611 1083 1721 1107 sensu
1752 1073 1981 1110 coactionem
2012 1082 2166 1121 sumat,
2216 1081 2328 1125 prout
2357 1085 2499 1123 nempe

1376 1135 1452 1159 non
1482 1122 1605 1159 solum
1636 1132 1830 1165 externam
1860 1125 2081 1164 violentiam
2100 1157 2110 1175 ,
2147 1127 2212 1164 sed
2241 1128 2355 1164 etiam
2383 1133 2505 1163 natu-2

1379 1175 1498 1212 salem
1530 1176 1787 1213 necessitatem
1818 1176 2006 1215 includit.
2062 1179 2255 1222 Docuerat
2283 1181 2429 1231 quippe
2459 1180 2500 1217 in

1378 1242 1494 1280 supra
1523 1227 1626 1266 laud.
1658 1228 1844 1272 Distinet.
1865 1230 1927 1267 25.
1976 1230 2092 1274 Libri.
2116 1233 2169 1275 Π.
2194 1233 2359 1272 sentent.
2389 1233 2500 1271 artic.

1381 1295 1417 1320 2.
1448 1281 1649 1334 duplicem,
1688 1295 1772 1319 esse.
1807 1283 2066 1328 coactionem;
2112 1283 2272 1324 atteram
2300 1285 2501 1334 sufficien-

1376 1345 1457 1373 tem
1475 1366 1485 1385 ,
1528 1350 1616 1388 quae
1647 1335 1862 1386 compulsio
1891 1345 2068 1384 vocatur,
2110 1349 2176 1374 seu
2206 1338 2389 1377 violentia
2406 1353 2417 1385 ς
2465 1338 2500 1376 ἃ

1376 1389 1446 1427 hoc
1478 1391 1590 1428 modo
1620 1388 1804 1442 compelli
1834 1403 1938 1441 posse
1966 1390 2019 1426 ait
2049 1402 2110 1427 eas
2139 1391 2268 1440 vires,
2296 1404 2386 1444 quae
2416 1400 2500 1430 sunt

1374 1445 1525 1495 organis
1569 1443 1696 1486 affixae
1720 1442 1871 1480 'earum
1900 1442 2053 1480 actibus
2093 1444 2278 1483 violenter
2308 1447 2504 1482 extortis:

1375 1497 1534 1534 alteram
1564 1496 1901 1544 insufficientem,
1951 1510 2039 1548 quae
2084 1506 2242 1536 vocatur
2282 1498 2466 1547 impulsio
2488 1527 2500 1546 ,

1375 1564 1440 1587 seu
1470 1549 1633 1600 simplex
1663 1551 1888 1594 necessitas;
1939 1559 1978 1587 ut
2009 1562 2068 1587 ex.
2097 1564 2160 1601 gr.
2185 1550 2404 1591 intellectus
2433 1550 2501 1588 de-

1375 1607 1680 1641 monstrationis
1709 1606 1743 1639 vi
1772 1607 1922 1655 cogitur
1937 1617 1953 1646 ;
2000 1602 2211 1656 eodemque
2250 1604 2365 1643 modo
2393 1607 2498 1656 cogi·

1374 1664 1463 1704 tur,
1512 1670 1582 1699 seu⁴
1608 1657 1825 1695 necessitate
1868 1656 2033 1707 adigitur
2065 1656 2248 1696 voluntas.
2277 1673 2299 1696 a
2327 1657 2430 1696 bono
2458 1658 2500 1696 in

1374 1711 1598 1757 communi,
1629 1710 1731 1763 quod
1761 1723 1832 1748 non
1862 1718 1980 1762 potest
2010 1709 2243 1752 nouvelle.
2282 1710 2397 1749 Recte,
2425 1711 2498 1760 igi-

1372 1771 1433 1799 tur
1464 1762 1675 1814 Angelicu's,
1697 1762 1877 1800 definivit
1902 1762 2071 1799 liberum
2115 1761 2320 1801 arbitrium
2337 1793 2348 1812 ‚
2396 1761 2507 1814 quod

1372 1819 1459 1868 cogi
1502 1830 1581 1853 non
1609 1824 1762 1868 potest,
1809 1815 1953 1854 scilicet
1982 1828 2105 1867 neque
2147 1821 2356 1855 coactione
2386 1817 2498 1854 com-

1369 1871 1563 1920 pellente,
1593 1884 1657 1908 seu
1689 1868 1895 1917 violentia,
1925 1882 2048 1922 neque
2069 1870 2261 1908 coactione
2290 1869 2504 1922 impellen-⁴

1370 1932 1435 1971 te,
1466 1938 1531 1961 seu
1561 1925 1779 1962 necessitate
1811 1924 1876 1974 (a)
1895 1949 1906 1961 .

1428 1977 1518 2021 243,
1548 1978 1726 2015 Ceterum
1756 1989 1828 2015 non
1858 1976 1995 2025 video,
2042 1977 2234 2029 quomodo
2275 1977 2322 2015 de
2368 1985 2506 2015 mente-

1369 2029 1411 2068 S.
1443 2030 1605 2072 Tliomae
1635 2029 1802 2068 dubitari
1834 2030 1975 2080 possit,
2005 2043 2095 2068 cum
2125 2045 2256 2083 saepe,
2286 2030 2321 2068 &
2350 2030 2496 2069 diluci-

1370 2083 1416 2121 de
1446 2083 1545 2122 hanc
1574 2084 1770 2137 duplicem
1801 2082 2015 2122 libertatem
2044 2084 2277 2136 distinguat,
2316 2085 2496 2124 volunta-

1371 2139 1417 2175 tis
1446 2135 1617 2186 scilicet,
1642 2134 1681 2174 8<
1710 2136 1889 2184 arbitrii,
1919 2149 2083 2188 quarum
2105 2140 2233 2189 prima
2261 2138 2389 2181 solam*
2412 2151 2498 2176 coa-

1371 2193 1534 2234 ctionem
1553 2221 1563 2239 ,
1593 2192 1628 2227 8<
1658 2189 1880 2229 violentiam
1900 2188 2095 2239 excludit,
2126 2191 2243 2229 altera
2261 2205 2349 2232 vero
2379 2194 2502 2234 etiam,

1371 2245 1585 2282 naturalem
1614 2246 1902 2285 necessitatem.
1959 2242 2023 2281 Sic
2053 2244 2095 2281 in
2123 2258 2190 2296 qu.
2214 2258 2278 2282 22.
2308 2244 2356 2282 (Ze
2386 2249 2504 2284 verit..

1371 2300 1479 2336 artic.
1501 2298 1540 2336 6.
1571 2328 1596 2346 „
1627 2298 1813 2336 Voluntas
1832 2328 1841 2345 ,
1871 2300 2021 2347 inquit,
2051 2297 2099 2334 de
2127 2299 2348 2336 necessitate
2377 2313 2495 2351 appe-

1371 2382 1397 2401 „
1427 2354 1469 2390 tit
1512 2352 1635 2396 finem,
1673 2351 1885 2399 ultimum,
1936 2359 1975 2387 ut
2002 2362 2077 2388 non
2109 2353 2228 2402 possit>
2264 2353 2391 2403 ipsum
2422 2365 2502 2394 nou,

1373 2435 1398 2454 „
1429 2415 1635 2458 appetere.
1691 2405 1765 2444 Sed
1794 2417 1869 2442 non
1897 2404 1943 2441 de
1982 2406 2200 2442 necessitate
2244 2407 2387 2458 appetit
2425 2404 2496 2443 ali-

1374 2489 1399 2507 „
1429 2461 1521 2511 quid
1564 2472 1721 2506 eorum,
1770 2471 1858 2510 quae
1889 2464 1974 2494 sunt
2002 2457 2055 2501 ad,
2079 2457 2196 2496 finem
2212 2461 2237 2480 ‘⁶
2256 2484 2266 2495 .
2325 2459 2372 2496 Et
2403 2472 2498 2510 pau-

1372 2512 1411 2549 lo
1439 2521 1520 2564 post
1566 2511 1784 2549 libertatem
1829 2510 2033 2549 voluntatis
2075 2512 2115 2549 in
2164 2511 2283 2550 tribus
2324 2513 2506 2551 conside-.

1371 2574 1452 2610 rat:
1509 2596 1535 2615 ,,
1564 2564 1721 2605 Scilicet
1749 2573 1935 2617 quantum
1973 2565 2023 2604 ad
2064 2573 2228 2620 actum,
2268 2568 2506 2617 inquantum,

2319 2647 2345 2666 υ
2376 2632 2442 2669 Po*

1379 2741 1439 2762 seu
1463 2726 1627 2766 arbitrii,
1669 2737 1740 2770 qua
1763 2724 1897 2757 utimur
1922 2723 1958 2755 in
1982 2723 2150 2759 electione
2165 2744 2176 2763 ‚
2202 2726 2234 2755 ἃ
2258 2721 2430 2767 quomodo
2454 2736 2497 2757 u-

1378 2783 1502 2817 traque
1529 2771 1669 2807 admitti
1695 2770 1840 2810 debeat3
1867 2771 1977 2803 altera
1995 2767 2137 2813 quidem
2163 2770 2264 2809 circa,
2282 2769 2386 2803 finem
2411 2770 2495 2804 ulti-

1375 2831 1497 2858 inum,
1525 2818 1635 2850 altera
1662 2818 1754 2850 circa
1784 2815 1897 2849 inedia
1918 2838 1927 2846 .

1425 2872 1470 2904 (a)
1502 2864 1566 2896 Hic
1593 2875 1676 2896 usus
1702 2863 1900 2907 promiscue
1926 2859 2084 2894 sumendi
2112 2863 2333 2896 coactionem,
2351 2863 2405 2895 ve]
2432 2873 2497 2907 pro

1375 2910 1569 2949 violentia,
1602 2910 1658 2942 vel
1682 2921 1745 2954 pro
1771 2908 1926 2941 naturali
1954 2907 2159 2940 necessitate
2187 2907 2272 2942 adeo
2298 2910 2495 2943 invaluerat

1377 2956 1468 3002 apud
1495 2963 1652 2995 veteres,
1678 2964 1716 2988 ut
1744 2955 1815 2999 ipse
1840 2955 1999 2987 Julianus
2027 2953 2258 2996 Eclanensis,
2286 2955 2491 2999 Pelagianos

1377 3006 1435 3038 ille
1464 3003 1566 3036 liberi
1593 3001 1731 3035 arbitrii
1759 3001 1928 3041 uitiator,
1971 2998 2062 3044 apud
2088 3001 2121 3032 S.
2148 3002 2385 3045 Augustinum
2414 3001 2493 3035 Lib.

1378 3053 1404 3085 l.
1430 3051 1494 3093 Op.
1522 3049 1657 3091 imperf.
1683 3059 1759 3092 cap·
1778 3049 1836 3081 82.
1864 3048 1911 3081 ita
1925 3046 2124 3080 libertatem
2152 3046 2347 3082 definierit.-
2375 3070 2400 3089 „
2430 3049 2491 3081 Li-

1378 3119 1404 3139 „
1429 3097 1546 3130 bertas
1572 3095 1709 3128 arbitrii
1735 3094 1948 3139 possibilitas
1974 3100 2050 3133 est,
2084 3095 2139 3126 vel
2165 3093 2400 3136 admittendi,
2438 3094 2495 3126 vel

1380 3166 1405 3186 ,‚
1431 3140 1564 3176 vitandi
1593 3141 1726 3186 peccati
1743 3163 1754 3181 ,
1780 3153 1903 3185 expers
1918 3143 2072 3183 cogentis
2091 3145 2318 3175 necessitatis
2345 3145 2393 3174 (ἴ.
2423 3144 2492 3174 lino

1377 3191 1482 3223 etiarn
1510 3188 1668 3221 Ecclesia
1693 3199 1945 3232 nonnunquam
1959 3190 2152 3220 coactionis
2179 3200 2300 3221 vocem
2328 3189 2362 3220 in
2388 3198 2492 3220 sensu

1377 3237 1492 3271 minus
1518 3234 1659 3279 proprio
1695 3232 1852 3267 adhibuit
1871 3247 1888 3279 ς,
1925 3243 1961 3267 ut
1989 3245 2075 3270 cuin¹
2096 3235 2237 3279 Hymno
2274 3236 2365 3268 canit
2393 3234 2492 3264 Deo:

1377 3283 1457 3326 Ipsa
1483 3290 1516 3314 te
1541 3288 1641 3324 cogat
1663 3285 1798 3324 pietas,
1842 3289 1877 3313 nt
1901 3283 1988 3314 mala
2015 3291 2131 3315 nostra
2158 3295 2295 3325 snper-es
2319 3279 2490 3322 parcendo

1380 3333 1442 3362 &c-
1469 3331 1501 3359 δε
1527 3328 1560 3360 in
1588 3327 1779 3370 Evangelio
1806 3328 1908 3360 Lucae
1936 3327 2071 3361 XXlV.
2110 3327 2151 3360 de
2177 3328 2308 3360 dnobus
2335 3323 2490 3369 discipu-

1378 3377 1421 3415 lis
1436 3373 1587 3414 dicitur,
1612 3372 1703 3420 quod
1718 3375 2027 3421 coegerzzntJesum
2039 3396 2051 3416 ‚
2069 3383 2106 3410 ut
2118 3380 2272 3408 maneret
2284 3383 2364 3406 cuin
2381 3372 2463 3417 ipsis
2479 3392 2500 3409 .⁴
2554 3403 2555 3406 ,
