2583 3685
299 149 351 186 572
956 121 1361 167 DJSSERTATJO
1396 121 1450 163 ΙΙ.
1497 119 1627 161 CAP.
1662 120 1716 163 V.

234 211 373 258 rabat,
404 208 531 246 eodem
562 212 729 253 tempore
758 209 940 252 aegrotare
969 204 1128 254 coepisse
1150 233 1160 250 ,
1190 203 1338 239 eodem-

238 278 314 308 que
341 272 507 309 tempore
537 257 574 291 in
603 254 791 291 ambobus
838 256 1015 293 morbum
1048 258 1304 306 ingravescere
1327 285 1338 302 ,

235 305 299 353 {ut
328 312 468 349 levari.
514 306 722 358 Respondet
751 315 875 343 autem
908 308 1016 345 valde
1055 320 1193 356 acute,
1242 308 1338 345 hanc

235 369 275 404 iu
297 374 452 413 utroque
482 360 742 411 aequalitatem
773 360 895 410 potius
927 362 1167 412 repetendam
1197 375 1273 398 esse
1294 374 1338 397 ex

234 414 494 454 affectionibus
525 423 752 463 parentum,
796 412 887 449 dum
926 414 1248 460 concumberent,
1293 426 1338 450 ex

231 469 453 507 eorumdem
485 465 752 504 alimentorum
793 466 1023 513 nutritione,
1071 480 1115 503 ex
1145 466 1338 504 cohabita-

233 524 334 562 tione
365 523 402 558 in
430 521 563 557 eadem
593 519 729 556 domo:
751 548 775 565 ,‚
797 532 923 555 aerem
953 519 1078 566 enim,
1109 519 1142 554 81
1170 518 1243 556 1001
1274 533 1340 570 po-

235 605 262 626 „
291 576 463 612 sitionem
482 602 491 618 ,
522 572 555 607 8(
578 573 655 609 vim
686 585 873 624 aquarum
906 571 1115 622 plurimum
1147 571 1272 608 valere
1292 572 1340 608 ad

231 657 261 677 5,
290 640 427 678 corpus
456 624 516 663 vel
544 625 668 672 bene,
699 625 758 661 vel
790 624 889 662 male
917 624 1162 662 afficiendum
1181 653 1192 671 ,
1222 624 1341 660 medi-

287 682 372 717 cina
401 688 580 716 testatur.
610 678 923 715 Constitutionem
954 691 1042 714 vero
1071 676 1161 714 coeli
1180 706 1190 723 ,
1220 691 1263 712 ac
1291 677 1342 713 si-

287 734 450 779 derum,
493 729 643 778 subdit,
691 744 779 781 quae
810 732 907 778 fuit,
950 730 1103 782 quando
1139 729 1340 780 concepti,

287 787 367 823 sive
396 785 470 822 nati
501 793 616 831 sunt,
646 783 744 820 velle
774 783 923 820 trabere
939 784 984 820 ad
1016 785 1124 821 istam
1156 792 1339 833 aegrotan-

287 840 326 876 di
358 837 588 890 parilitatem
605 866 615 884 ,
645 850 734 874 cum
764 846 839 874 tam
862 836 983 874 multa
1010 836 1259 874 diversissimi
1277 850 1338 886 ge-

231 921 259 941 „
288 894 388 929 neris
416 891 759 928 diversissimorum
790 889 996 928 effectuum
1014 920 1023 936 ,
1053 890 1087 926 &
1117 899 1338 926 eventorum

211 966 257 993 1„
287 945 416 982 eodem
461 953 631 994 tempore
660 943 699 979 in
733 944 842 980 unius
884 944 1049 994 regionis
1079 951 1177 980 terra
1214 942 1339 979 eidem

230 1026 256 1045 a,
285 997 386 1035 coelo
414 996 564 1035 subdita
588 996 783 1048 potuerint
811 997 988 1049 concipi,
1016 995 1065 1031 ,81
1094 996 1196 1034 nasci
1217 1024 1227 1043 ,
1275 1007 1340 1031 ne-

231 1079 257 1098 „
286 1052 364 1088 scio
391 1064 504 1101 ornus
532 1051 577 1087 sit
608 1048 822 1087 insolentiae
839 1052 865 1071 ‘⁶
883 1075 895 1086 .

288 1104 375 1141 151.
405 1102 611 1141 Praecludit
639 1102 795 1140 demum
826 1102 865 1140 S.
896 1102 1037 1140 Doctor
1065 1101 1256 1154 quoddam
1290 1098 1340 1136 A·

225 1156 474 1207 strologorum
502 1154 687 1206 effugium
704 1185 715 1203 ,
743 1157 811 1207 qui
843 1154 1030 1206 negabant
1058 1156 1150 1192 duos
1169 1153 1340 1204 geminos

226 1211 330 1246 nasci
361 1209 431 1246 sub
461 1208 592 1245 eodem
621 1209 779 1246 omnino
825 1207 1059 1259 horoscopo,
1102 1216 1254 1257 propter
1284 1206 1340 1241 in-

226 1262 455 1299 credibilem
485 1271 671 1299 astrorum
701 1263 740 1298 in
771 1261 846 1297 suis
877 1259 1175 1297 revolutionibus
1205 1256 1339 1293 celeri-

225 1322 338 1352 tatem
357 1341 367 1352 .
397 1316 485 1360 Qua
515 1315 553 1350 in
583 1327 622 1349 re
638 1313 814 1362 Nigidius
843 1312 1002 1363 quidam
1033 1311 1336 1362 experimentum

224 1369 327 1418 cepit
356 1369 395 1403 in
425 1366 534 1416 figuli
565 1374 671 1412 rota,
702 1377 819 1415 quam
848 1365 939 1401 dum
970 1372 1114 1415 quanta
1144 1365 1264 1415 potuit
1298 1362 1337 1399 vi

223 1420 453 1466 intorsisset,
500 1417 559 1455 bis
588 1429 765 1454 numeros
794 1417 840 1453 de
870 1426 1105 1464 atramento,
1153 1426 1336 1468 tanquam

223 1484 301 1509 uno
329 1472 411 1524 ejus
441 1471 524 1508 loco
552 1483 704 1508 summa
745 1469 936 1508 celeritate
978 1471 1187 1521 percussit3
1228 1470 1339 1521 quie-

220 1534 348 1564 scente
377 1534 501 1577 postea
543 1532 644 1571 rota,
674 1524 805 1573 signa,
848 1537 935 1574 quae
974 1522 1137 1571 fixerat,
1186 1523 1340 1559 inventa

221 1588 306 1617 suut
336 1591 407 1616 non
437 1590 556 1630 parvo
585 1575 784 1614 intervallo
813 1577 852 1613 in
883 1584 973 1612 rotae
1011 1575 1117 1612 illius
1161 1574 1339 1610 extremi-

221 1640 295 1670 tate
323 1631 522 1669 distantia.
552 1628 618 1667 Sic
634 1659 645 1677 ,
676 1629 873 1679 inquiebat
890 1627 1066 1678 Nigidius
1088 1630 1102 1676 (
1126 1628 1191 1678 qui
1210 1635 1339 1678 postea

222 1683 380 1736 Figulus
409 1682 622 1734 appellatus
652 1681 723 1718 fuit
754 1681 768 1729 )
801 1685 841 1717 in
871 1689 990 1717 tanta
1018 1681 1105 1717 003ἰὲ
1132 1682 1338 1730 rapacita-

223 1746 290 1784 ῒε,
319 1739 480 1774 etiamsi
510 1735 615 1772 alter
645 1734 856 1784 (geminus
886 1734 900 1781 )
930 1742 1016 1783 post
1044 1734 1218 1770 alterum
1247 1741 1338 1768 tun-

222 1798 269 1827 ta
298 1790 502 1828 celeritate
544 1795 768 1834 nascatur,
810 1796 964 1838 0111111111
1007 1794 1140 1824 rotam
1170 1784 1228 1822 sz's
1257 1790 1340 1836 ipse

219 1847 396 1892 percussi
413 1871 425 1889 ,
454 1845 495 1878 in
524 1841 610 1878 coelc'
628 1843 755 1889 spatio
768 1839 981 1888 plurimum
1003 1848 1060 1876 est
1079 1869 1089 1887 ,
1118 1852 1183 1875 seu
1204 1838 1339 1875 distat.

282 1897 370 1934 152.
399 1893 569 1931 Profecto
597 1906 669 1931 non
698 1893 729 1930 is
759 1901 835 1930 erat
864 1893 1126 1943 Augustinus,
1169 1891 1236 1942 qui
1266 1889 1339 1929 1100

219 1949 483 2001 experimento
511 1947 592 1984 vim
636 1946 694 1982 sui
722 1948 937 1996 argumenti
967 1944 1071 1983 eludi
1115 1953 1304 1996 pateretur
1324 1970 1336 1981 .

219 2001 350 2044 Primo
379 2002 480 2037 enim
509 1997 761 2046 observabat,
792 1999 830 2036 id
860 1999 1091 2036 contrarium
1122 2012 1197 2035 esse
1226 1996 1334 2035 alteri

221 2056 481 2106 experimento
509 2051 719 2089 Possidonii
737 2079 748 2098 ,
790 2052 856 2103 qui
886 2051 1178 2090 similitudinem
1197 2080 1207 2098 ‚
1256 2052 1336 2088 imo

220 2109 433 2160 perfectam
462 2105 625 2142 duorum
667 2104 907 2155 geminorum
938 2106 978 2143 111
1005 2104 1141 2142 morbo
1172 2103 1334 2155 aequali-

219 2170 334 2199 tatem
357 2189 367 2207 ,
397 2173 443 2196 ex
473 2158 604 2195 eadem
633 2158 898 2195 constitutione
927 2166 1141 2206 astrorum,
1172 2157 1242 2194 sub
1257 2170 1335 2209 qua

218 2217 299 2252 nati
329 2221 460 2258 erant,
498 2210 689 2260 repetebat
707 2237 717 2247 .
749 2239 775 2258 „
795 2210 836 2249 Si
867 2213 970 2249 enim
1001 2211 1129 2261 dispar
1159 2210 1333 2248 nascendi

221 2295 250 2315 „
282 2279 385 2303 mora
415 2264 575 2301 mutavit
604 2262 887 2314 horoscopum,
919 2263 1257 2315 &disparilitatem
1281 2264 1337 2300 in-

223 2348 251 2368 „
281 2318 366 2357 tulit
392 2317 527 2354 ceteris
556 2315 696 2363 rebus,
736 2329 808 2352 cur
845 2315 943 2354 illud
975 2312 1012 2354 111
1043 2316 1337 2367 aegritudinibus

222 2401 251 2423 „
281 2371 442 2417 mansit,
492 2369 591 2421 quod
622 2368 785 2405 habebat
813 2370 854 2405 in
897 2370 1078 2419 temporis
1121 2368 1339 2421 aequalitate

279 2421 508 2475 conceptus).
529 2420 687 2460 Deinde
702 2419 1035 2458 con-siderandum
1053 2426 1230 2472 proponit
1246 2435 1337 2473 cap.

283 2493 319 2529 7.
349 2490 465 2529 quam
498 2473 798 2512 innumerabilia
826 2475 897 2513 sub
918 2488 995 2511 11110
1024 2477 1203 2526 temporis
1234 2489 1333 2526 pun-

278 2541 338 2568 cto
366 2529 427 2567 vel
455 2537 680 2573 nascantur,
722 2526 782 2563 vel
813 2529 984 2565 oriantur
1002 2558 1013 2575 ,
1061 2528 1122 2565 vel
1152 2527 1334 2565 inchoen-

222 2613 250 2634 „
279 2593 366 2631 tur,
411 2581 445 2616 &
471 2589 551 2617 ‘tam
582 2579 748 2616 diversos
777 2580 897 2618 exitus
940 2579 1131 2628 habeant,
1181 2590 1218 2616 nt
1249 2582 1335 2619 istas

221 2666 248 2686 „
277 2634 553 2674 observationes
582 2632 705 2668 cuivis
733 2644 852 2682 puero
880 2633 1055 2671 ridendas
1085 2647 1335 2685 0330110131ιᾶ-

222 2719 250 2739 „
278 2690 418 2727 deaut.
460 2687 558 2733 Quis
587 2685 689 2722 enim
719 2693 771 2720 est
800 2692 878 2723 tam
924 2700 1081 2734 excors,
1131 2696 1170 2724 ut
1199 2688 1335 2725 audeat

225 2770 252 2790 „
279 2743 430 2788 dicere,
459 2751 592 2777 omn-es
620 2736 795 2784 arbores,
836 2750 965 2776 omnes
994 2738 1157 2786 herbas,
1204 2752 1336 2777 omnes

226 2823 253 2843 „
281 2794 415 2832 bestias
433 2823 445 2840 ,
487 2799 702 2843 serpentes,
731 2803 847 2838 aveS,
878 2792 998 2841 pisces
1017 2821 1028 2838 ,
1075 2791 1304 2830 vermiculos
1322 2820 1334 2836 ‚

227 2854 474 2894 „momenta
514 2843 688 2883 nascendi
731 2841 929 2894 sigillatim
975 2842 1116 2881 habere
1158 2841 1336 2881 diversa?

221 2928 256 2948 ω
286 2896 351 2934 Ita
393 2906 527 2934 autem
557 2897 599 2935 S.
629 2896 753 2934 Pater
795 2895 1016 2934 concludit.
1060 2898 1128 2934 His
1157 2896 1336 2933 omnibus

225 2980 256 3001 2,
284 2949 554 2996 consideratis,
602 2963 676 2988 uon
706 2949 901 2989 immerito
919 2950 1100 2989 ,creditur
1121 2979 1134 2998 ,
1163 2962 1254 2988 cum
1281 2948 1334 2987 A·

230 710 259 730 δ’

232 762 259 782 2)

231 815 258 835 5)

231 868 258 888 92

221 2454 250 2474 59

223 2507 251 2527 22

217 2561 249 2580 3)

273 3139 320 3175 (α)
348 3136 400 3168 Eo
423 3134 555 3179 majore
581 3134 645 3168 fide
681 3139 806 3185 dignus
831 3148 882 3174 est
908 3140 942 3174 S.
969 3139 1186 3184 Augustinus
1205 3160 1217 3180 ‚
1268 3137 1328 3184 qui

185 3224 197 3231 ,
225 3189 265 3214 ut
293 3182 363 3226 ipse
392 3183 521 3214 fatetur
549 3181 625 3214 Lib·
656 3187 716 3221 IV.
742 3186 904 3230 Confess.
931 3199 1006 3232 cap.
1034 3188 1066 3220 3.
1090 3187 1190 3220 libris
1217 3189 1331 3221 Gene-

226 3227 438 3261 thliacorum
463 3226 600 3260 deditus
625 3229 709 3266 suit.
752 3233 882 3265 Narrat
909 3241 1050 3272 antem,
1077 3245 1112 3265 se
1137 3245 1154 3265 a
1179 3232 1329 3276 quodam

227 3274 304 3306 viro
328 3274 469 3318 sagaci,
496 3286 535 3306 ac
563 3273 743 3311 medicinae
771 3278 984 3320 peritissimo
1009 3278 1226 3315 admonitum
1246 3303 1256 3321 ‚
1292 3286 1329 3310 Ut

227 3320 340 3354 libros
365 3321 444 3354 iuos
469 3319 638 3364 abjiceret
654 3335 669 3363 3
706 3321 799 3367 quod
822 3323 928 3357 etiam
952 3324 1018 3368 ipsi
1042 3321 1247 3369 persuadere
1273 3334 1330 3361 eo—

1396 441 1433 459 fl„

1462 197 1612 248 sti-ologi
1643 197 1870 236 mirabiliter
1898 198 2018 236 multa
2047 211 2135 236 vera
2164 200 2417 252 respondent,
2444 212 2509 239 ’0οα

1463 249 1566 289 culto
1612 251 1790 288 instinctu
1827 250 1912 288 fieri
1951 252 2154 302 spirituum
2184 266 2255 290 non
2293 253 2476 291 bonorum
2498 281 2528 305 ,Ι

1463 317 1628 356 quorum
1657 316 1749 340 cura
1778 311 1829 340 est
1859 302 1924 341 has
1954 303 2067 341 falsas
2096 305 2129 341 8(
2159 309 2289 344 noxias
2316 308 2511 358 opiniones

1463 358 1508 394 de
1536 356 1736 394 astralibus
1765 356 1851 394 fatis
1879 357 2038 394 inserere
2082 357 2259 397 humanis
2286 360 2477 398 mentibus
2498 388 2510 406 ‚

1463 420 1573 462 atque
1603 411 1779 457 firmare,
1816 421 1889 446 non
1920 408 2115 461 horoscopi
2145 413 2293 460 notati,
2323 411 2356 448 δι
2386 415 2510 466 inspe-

1461 465 1510 501 cti
1540 463 1671 515 aliqua
1700 471 1799 509 arte,
1829 474 1917 512 quae
1946 460 2053 499 nulla
2082 470 2132 499 est
2153 465 2178 483 ‘⁶
2197 489 2207 500 .

1467 516 1554 555 155.
1587 518 1686 554 Hinc
1716 516 1755 553 S.
1785 514 1893 552 Pater
1922 514 2010 552 Lib.
2040 515 2088 550 II.
2133 512 2180 552 de
2208 514 2326 554 Doct.
2371 516 2512 559 Christ.

1407 584 1443 608 0.
1475 584 1538 608 21.
1568 570 1601 605 ἃ
1631 584 1708 621 seq.
1739 567 1936 606 To1n.111.
1969 565 2271 617 Genethlazcos,
2300 570 2367 622 qui
2398 572 2512 610 etiam

1409 622 1695 661 Mathematici
1725 622 1983 668 vocabantur,
2011 623 2242 669 perniciosae
2271 627 2511 672 superstitio·

1408 681 1469 713 nis
1498 691 1677 714 accusare
1705 689 1780 713 non
1827 675 2001 715 dubitat3
2045 672 2078 708 &
2116 682 2196 724 post
2225 674 2345 712 multa
2374 678 2419 714 ad
2449 691 2512 715 ex-

1408 729 1635 780 plodendam
1667 729 1765 767 hanc
1795 728 2087 779 superstitiosam
2118 726 2390 766 divinationem
2419 729 2515 768 alla—

1409 792 1444 819 ta
1475 783 1524 820 ita
1553 782 1748 820 concludit
1777 796 1817 819 n.
1848 781 1912 819 56.
1947 809 1973 827 ,,
2003 780 2147 817 Omnes
2174 781 2292 830 igitur
2319 789 2415 818 artes
2444 781 2515 820 hu-

1407 866 1432 884 „
1463 835 1657 886 jusmodi,
1687 836 1747 872 vel
1779 835 2014 885 nugatoriae,
2045 832 2103 871 vel
2133 834 2260 870 noxia>
2287 835 2518 885 superstitio-

1407 918 1433 936 „
1464 903 1527 926 nes
1575 902 1618 924 ex
1646 890 1812 940 quadam
1845 886 2019 938 pestifera
2066 887 2240 931 societate
2280 885 2482 925 hominum
2505 915 2517 936 ‚

1409 970 1436 989 „
1467 941 1500 976 8<
1529 941 1746 979 daemonum
1776 943 1883 993 quasi
1915 948 2023 992 pacta
2052 940 2231 991 quaedam
2254 939 2421 978 infidelis
2441 970 2451 988 ,
2482 940 2517 978 δε

1410 1023 1434 1041 „
1465 994 1604 1038 dolosae
1620 994 1800 1032 amicitiae
1822 995 2022 1032 constituta
2042 994 2192 1044 penitus
2215 1003 2301 1030 sunt
2318 994 2518 1046 repudiau-

1407 1075 1431 1094 ,‚
1461 1045 1509 1081 da
1539 1045 1571 1081 &
1601 1046 1779 1098 fugienda
1807 1046 2032 1085 Christianis
2061 1045 2131 1084 &c.
2161 1047 2249 1098 (ιι).

1468 1097 1555 1141 154.
1585 1099 1640 1136 Ita
1669 1100 1712 1137 S.
1739 1099 1845 1137 Pater
1877 1101 2064 1149 August.,
2106 1110 2189 1150 post
2224 1113 2340 1151 quem
2383 1099 2518 1152 dignus

1408 1159 1459 1188 est
1487 1151 1555 1201 qui
1598 1152 1774 1189 audiatur
1817 1152 1899 1203 ejus
1935 1151 2145 1204 discipulus
2173 1152 2214 1191 S.
2244 1152 2411 1190 Thomas
2455 1144 2520 1193 bib

1409 1212 1534 1241 autem
1569 1216 1605 1241 2.
1638 1217 1674 1241 2.
1704 1213 1839 1255 quaest.
1869 1205 1936 1254 95.
1965 1214 2034 1241 art.
2066 1205 2102 1242 5.
2146 1205 2334 1257 inquirit,
2383 1214 2516 1243 utrum

1407 1256 1622 1304 divinatio,
1651 1267 1741 1307 quoe
1757 1254 1815 1307 fit
1843 1268 1911 1304 per
1938 1263 2054 1292 astra
2071 1285 2082 1303 ,
2111 1259 2159 1292 sit
2179 1256 2355 1295 illicita?
2384 1259 2435 1297 Ut
2450 1273 2519 1296 au·

1405 1319 1481 1347 10111
1513 1300 1602 1347 huic
1632 1309 1835 1362 quaestioni
1865 1307 2063 1346 enucleate
2084 1337 2095 1355 ,
2137 1322 2181 1345 ac
2211 1309 2321 1359 plene
2365 1325 2519 1362 respon-

1405 1364 1487 1401 deat
1505 1392 1516 1410 ,
1547 1363 1673 1412 primo
1700 1362 1896 1413 distinguit
1925 1360 2105 1409 effectus,
2148 1362 2215 1412 qui
2244 1375 2266 1407 a
2295 1364 2521 1414 corporibus

1406 1416 1624 1454 coelestibus
1652 1417 1863 1453 necessario
1891 1414 2091 1451 eveniunt:
2121 1443 2147 1462 „
2168 1412 2215 1450 Et
2244 1414 2290 1451 de
2333 1413 2392 1452 1113
2433 1416 2523 1467 qui—

1407 1498 1432 1517 „
1462 1470 1548 1505 dem
1571 1498 1581 1516 ,
1611 1472 1696 1516 ait,
1727 1481 1816 1520 quae
1846 1480 1890 1504 ex
1920 1467 2133 1518 necessitate
2161 1468 2365 1514 eveniunt,
2395 1470 2519 1506 mani-

1408 1548 1434 1569 ,.
1467 1522 1602 1558 fectum
1624 1530 1706 1568 est,
1737 1521 1835 1571 quod
1860 1534 1925 1571 per
1953 1520 2293 1558 considerationem
2321 1519 2520 1559 stellarum

1405 1603 1433 1622 „
1464 1583 1615 1625 possunt
1659 1575 1946 1626 preecognosci,
1981 1574 2077 1611 sicut
2106 1571 2294 1625 Astrologi
2337 1588 2518 1625 praenun·

1406 1656 1433 1675 „
1462 1628 1556 1664 tiant
1585 1625 1743 1678 eclipses
1772 1627 1916 1664 futuras
1937 1625 1962 1647 ‘⁶
1982 1651 1993 1663 .

1464 1681 1552 1717 155.
1583 1679 1709 1717 Postea
1740 1678 1944 1727 Angelicus
1962 1678 2103 1715 Doctor
2131 1676 2352 1728 opinionem
2384 1692 2517 1718 eorum

1406 1734 1586 1784 exponit,
1616 1733 1683 1783 qui
1711 1731 1915 1779 dicebant,
1944 1730 2080 1768 stellas
2107 1735 2235 1781 polius
2263 1732 2516 1784 significare,

1405 1799 1529 1835 quam
1545 1783 1696 1835 facere
1725 1797 1797 1832 οη,
1827 1797 1916 1835 quae
1944 1798 1996 1822 ex
2025 1797 2166 1821 earum
2196 1785 2517 1824 consideratione

1406 1841 1729 1890 praenuntiantur
1743 1864 1753 1875 .
1784 1837 1896 1884 Quod
1917 1835 2241 1874 irrationabiliter
2260 1839 2337 1875 dici
2354 1839 2488 1890 probat
2503 1869 2515 1888 ,

1407 1904 1451 1928 ac
1481 1891 1632 1928 tandein
1661 1892 1715 1928 ita
1745 1889 1955 1928 concludit:
1978 1921 2003 1938 „
2024 1890 2064 1927 Si
2081 1891 2169 1941 quis
2199 1904 2286 1941 ergo
2305 1886 2517 1929 considera-

1407 1975 1434 1993 „
1464 1946 1566 1981 tione
1594 1953 1780 1981 astrorum
1811 1953 1936 1981 utatur
1964 1945 2010 1981 ad
2028 1945 2384 1995 praecognoscendos
2414 1945 2516 1983 futu-

1404 2026 1432 2046 „
1461 2010 1521 2034 ros
1549 1995 1746 2044 causales,
1790 1996 1850 2034 vel
1880 1998 2051 2034 fortuitos
2086 2005 2267 2044 eventus,
2310 2007 2373 2035 aut
2403 2000 2517 2037 etiam

1402 2080 1430 2099 „
1459 2051 1505 2088 ad
1534 2050 1834 2102 cognoscendum
1866 2063 1934 2101 per
1975 2050 2241 2087 certitudinem
2273 2050 2399 2088 futura
2427 2065 2518 2102 ope-

1463 2117 1503 2141 ra
1533 2102 1737 2141 hominum
1756 2133 1766 2150 ,
1814 2103 1982 2154 procedit
2011 2102 2080 2140 1100
2110 2115 2154 2139 ex
2192 2101 2309 2150 falsa,
2355 2103 2388 2138 8(
2418 2118 2515 2142 vana

1404 2186 1430 2205 „
1461 2157 1665 2208 opinione:
1696 2157 1798 2194 &sic
1827 2157 1994 2206 operatio
2010 2156 2206 2193 Daemonis
2236 2170 2273 2193 se
2302 2157 2514 2205 immiscet,

1404 2239 1430 2258 „
1460 2211 1560 2247 unde
1589 2212 1659 2248 erit
1689 2210 1873 2247 divinatio
1901 2209 2155 2261 superstitiosa
2173 2236 2184 2256 ,
2213 2208 2246 2244 a&
2276 2208 2413 2247 illicita
2431 2236 2439 2247 .
2471 2210 2515 2248 Si

1404 2292 1430 2312 ,‚
1460 2276 1549 2301 vero
1578 2262 1719 2316 aliquis
1747 2270 1875 2300 utatur
1914 2262 2210 2300 consideratione
2252 2273 2436 2300 astrorum
2466 2263 2516 2301 ad

1406 2345 1433 2364 „
1463 2317 1850 2368 praecognoscendum
1892 2316 2048 2363 futura,
2091 2329 2179 2367 quae
2211 2329 2254 2353 ex
2297 2315 2516 2354 coelestibus

1407 2398 1434 2417 ,‚
1463 2379 1664 2407 causantur
1693 2369 1965 2420 corporibus„
1987 2378 2076 2419 puta
2112 2370 2320 2416 siccitates,
2364 2369 2398 2404 St
2430 2369 2515 2420 plu-

1408 2451 1434 2470 „
1463 2423 1569 2471 vias,
1598 2423 1632 2459 8(
1661 2421 1738 2460 alia
1768 2420 2015 2472 hujusmodi,
2045 2435 2119 2459 non
2152 2423 2219 2459 erit
2248 2421 2383 2459 illicita
2413 2423 2513 2460 divi-

1404 2504 1429 2522 „
1448 2477 1559 2513 natio
1576 2505 1586 2522 ,
1624 2489 1694 2512 nec
1722 2475 1979 2526 superstitiosa
2000 2476 2047 2511 “.
2091 2473 2287 2512 Videndus
2316 2483 2369 2512 est
2397 2476 2514 2512 etiam

1403 2527 1443 2564 S.
1474 2537 1595 2564 noster
1623 2526 1838 2579 Praeceptor
1867 2528 1905 2565 in
1925 2528 2068 2579 Opusc.
2089 2527 2238 2565 XXVI.
2269 2529 2284 2578 (
2316 2528 2355 2564 Iu
2385 2528 2516 2566 editio-

1404 2593 1450 2616 ne
1478 2580 1717 2631 Bergomensi
1748 2582 1838 2618 anni
1875 2580 1989 2630 1741.
2018 2582 2059 2617 111
2088 2580 2177 2626 soh,
2218 2593 2319 2615 nunc
2356 2582 2395 2616 in
2425 2582 2515 2618 edit.

1404 2633 1550 2671 Veneta
1566 2633 1672 2670 XIII.
1702 2632 1766 2670 De
1787 2632 1942 2680 judiciis
1960 2640 2161 2668 astrorum
2178 2660 2188 2678 ,
2218 2631 2284 2667 ubi
2302 2644 2346 2667 ex
2375 2632 2514 2670 doctri—

1403 2700 1454 2723 na
1482 2685 1651 2735 magistri
1681 2686 1738 2721 sui
1769 2680 1971 2734 Augustini
2007 2692 2181 2720 accurate
2211 2684 2429 2735 distinguit,
2473 2688 2512 2724 in

1403 2737 1637 2788 quibusnam
1669 2737 1782 2774 rebus
1823 2736 1960 2774 liceant
1997 2736 2275 2774 observationes
2316 2738 2514 2788 siderum,

1404 2790 1438 2824 &
1468 2792 1505 2827 in
1534 2789 1675 2841 quibus
1705 2802 1776 2828 non
1805 2789 1975 2836 liceant,
2012 2788 2204 2827 concludit
2233 2798 2358 2827 autem
2377 2821 2387 2838 ,
2416 2805 2512 2844 gra-

1404 2856 1447 2880 ve
1475 2851 1685 2892 peccatum
1716 2856 1803 2880 esse
1832 2846 1941 2880 circa
1970 2855 2021 2880 ea
2041 2871 2050 2889 ,
2080 2856 2170 2893 quoe
2190 2844 2511 2882 arolmztateho-

1405 2900 1525 2934 minis
1555 2895 1803 2944 dependent,
1827 2895 1989 2947 judiciis
2017 2904 2217 2933 astrorum
2248 2901 2334 2936 uti.

1463 2948 1550 2989 156.
1581 2950 1676 2988 Haec
1706 2963 1794 2988 cum
1824 2951 1875 2987 ita
1903 2950 1995 2998 sint,
2024 2950 2245 2990 mirandum
2275 2964 2346 2989 non
2367 2960 2513 2990 estnon

2400 3017 2457 3043 so-

1407 229 1433 248 29

1406 282 1433 301 ’2

1409 335 1434 354 9>

1408 388 1433 407 2)

1406 493 1432 512 92

1405 2133 1431 2152 22

1398 3145 1499 3171 natus
1525 3137 1590 3172 fuit
1617 3136 1692 3182 ejus
1718 3137 1921 3172 carissimus
1947 3139 2080 3172 amicus
2106 3138 2296 3173 Nebridius
2314 3160 2326 3179 ,
2351 3139 2508 3172 im‘clens

1398 3193 1501 3218 totum
1526 3187 1615 3218 illud
1638 3186 1869 3218 divinationis
1892 3199 1998 3229 genus
2016 3208 2027 3226 ‚
2069 3185 2160 3230 qnod
2187 3195 2303 3231 postea
2329 3184 2444 3218 divina
2467 3193 2508 3216 0-

1397 3240 1539 3276 perante
1565 3232 1677 3275 gratia
1705 3232 1897 3275 prasstitit,
1932 3245 1970 3265 ac
2002 3234 2238 3276 ,perniciosam
2264 3234 2360 3265 illam
2394 3239 2508 3262 artem

1397 3278 1505 3312 etiam
1523 3278 1566 3312 ab
1592 3277 1742 3312 aliorum
1763 3277 1924 3313 cordibus
1944 3280 2090 3313 evellere
2106 3281 2200 3314 omni
2219 3277 2335 3313 studio
2347 3277 2482 3311 curavit
2495 3296 2506 3308 .
