2583 3685
826 85 977 129 REM„
987 86 1016 128 1„
1027 84 1206 129 LlTUR
1244 84 1412 129 HAER.
1446 85 1672 130 EU'ch.

97 176 194 207 tura
221 171 375 220 ponitur
401 176 470 215 pro
498 175 697 216 persona,
739 165 797 203 vel
825 165 1058 217 hypostasi.
1116 166 1214 212 Qnae

96 220 229 274 regula
257 219 460 259 admodum
484 217 587 257 utilis
617 227 668 256 est
697 218 744 256 ad
773 229 915 258 rectam
947 227 1117 258 veterum
1141 217 1210 255 Pa-

96 283 200 314 trum
228 271 518 323 intelligentiam
536 297 547 309 .

97 359 101 363 .
150 324 243 376 598.
274 324 362 363 Inst.
393 324 499 363 Idem
514 323 554 363 S.
574 322 747 376 Cyrillus
778 326 814 363 in
836 324 958 377 Epist.
976 324 1024 362 ll.
1052 324 1099 361 ad
1115 322 1210 361 Suc-

94 389 242 418 cessum
271 377 392 426 dicit,
439 378 531 416 duas
560 386 709 416 naturas
739 379 778 416 in
805 378 954 416 Christo
981 376 1069 414 sola
1104 379 1211 428 cogi-

90 433 244 469 tatione
270 429 477 482 distingui:
505 432 593 469 duae
623 445 711 483 ergo
740 432 865 483 reipsa
892 444 967 468 nori
997 437 1102 468 sunt.

148 482 242 536 399.
273 482 384 536 Resp.
402 513 414 533 ,
460 484 709 523 distinctionis
738 486 892 522 nomine
926 483 982 520 ibi
1011 481 1052 520 S.
1080 479 1211 532 Cyril-

92 533 177 576 lum
209 534 420 589 intelligere
447 543 774 590 separationem,
816 549 906 588 quae
934 542 1034 573 certe
1063 534 1211 571 nonnisi

94 590 314 641 cogitatione
344 599 424 642 post
453 593 634 630 unionem
656 590 931 643 hypostaticam
953 587 1038 625 fieri
1080 595 1210 624 ›ote-n.

93 641 138 681 Id
169 651 266 695 patet
295 656 340 682 ex
370 657 440 693 eo,
468 657 546 697 quo
575 644 720 682 ibidem
751 642 869 679 utitur
896 640 939 679 S.
967 640 1061 693 Cyri
1085 638 1143 677 lus
1172 655 1210 677 e-

93 696 251 748 xemplo
278 698 417 735 animae
434 727 446 746 ,
492 697 528 734 &
556 696 748 748 corporis,
794 706 883 746 quae
912 694 953 732 in
997 693 1104 732 nobis
1131 692 1210 731 sola

93 751 230 788 mentis
260 749 509 803 intelligentia
537 749 702 788 discerni
730 747 852 794 dicit,
899 748 993 798 quia
1031 748 1111 785 sine
1140 746 1211 784 hu-

95 815 224 841 manae
253 812 398 842 naturae
420 803 662 855 corruptione
690 801 856 852 separari
887 810 1107 851 nequeunt.
1137 800 1208 838 Ul-

95 857 239 904 terius,
286 858 340 895 sic
382 855 594 895 luculenter
634 867 742 892 suain
771 853 984 891 doctrinam
1027 854 1206 918 exponit:

94 938 121 958 „
151 910 270 961 Igitur
299 924 368 957 ea,
397 922 442 947 ex
470 907 612 960 quibus
639 914 693 944 est
723 919 818 944 unus
836 936 846 954 ,
877 906 910 943 8t
939 906 1039 944 solus
1060 907 1206 955 bilius,

94 991 123 1012 „
151 962 187 999 ἃ
217 963 400 1000 Dominus
427 969 553 998 noster
581 960 687 999 Jesus
706 958 903 1008 Christus,
933 968 1131 1013 tamquam
1152 962 1209 998 in-

95 1043 123 1064 „
153 1015 362 1066 telligentia
389 1014 642 1066 concipientes
659 1044 670 1062 ,
718 1012 820 1050 duas
848 1012 1007 1064 quidem
1037 1022 1209 1051 naturas

91 1096 119 1116 „
148 1071 281 1105 unitas
309 1071 552 1115 asserimus,
584 1076 662 1119 post
684 1067 860 1104 unionem
892 1080 980 1105 vero
1010 1075 1207 1120 tamquam

90 1148 118 1169 „
145 1119 294 1159 sublata
322 1119 401 1172 jam
432 1119 502 1158 illa
530 1124 571 1157 in
600 1119 678 1156 duo
720 1118 935 1169 divisione,
982 1134 1100 1158 unam
1129 1135 1207 1159 esse

89 1201 118 1223 „
145 1173 334 1212 credimus
366 1172 458 1211 Filii
489 1182 690 1220 naturam,
720 1181 916 1225 tamquam
947 1175 1059 1212 unius
1080 1203 1091 1222 ‚
1134 1173 1204 1212 setl

88 1255 117 1275 „
146 1225 317 1265 hominis
333 1224 473 1277 facti,
501 1226 551 1267 (9·
581 1228 808 1263 incarnati·
826 1229 852 1248 ‘⁶
888 1226 1035 1264 Eadem
1065 1226 1204 1266 simili-

88 1279 218 1317 tudine
246 1281 415 1327 animae,
464 1278 497 1314 81
526 1280 693 1331 corporis
736 1281 852 1318 utitur
880 1278 921 1318 S.
950 1279 1120 1333 Cyrillus
1163 1282 1204 1319 in

92 1333 201 1382 epist.
231 1333 278 1371 ad
300 1331 547 1370 Valerianum
565 1359 576 1370 .
607 1333 716 1370 Hanc
731 1333 1011 1372 distinctionem
1041 1334 1205 1372 duarum

89 1383 230 1424 Christi
259 1395 486 1425 naturarum
527 1386 735 1424 secundum
779 1385 899 1426 solam
939 1387 1206 1438 cogitationem

89 1439 202 1475 etiam
247 1448 328 1490 post
371 1439 412 1478 S·
455 1438 647 1490 Cyrillum
692 1440 928 1479 retinuerunt
974 1441 1015 1478 S.
1058 1440 1206 1492 Agatho

89 1488 194 1543 Papa
236 1493 276 1529 in
305 1491 428 1544 Epist.
471 1492 519 1530 ad
548 1493 896 1545 Constantinopolit.
927 1494 1175 1545 Imperatores
1196 1524 1206 1543 ‚

88 1541 122 1579 ἃ
151 1544 209 1583 Jo.
241 1543 459 1583 Maxentius
489 1546 529 1583 in
559 1544 693 1582 libello
720 1555 850 1584 contra
880 1547 1114 1599 Acephalos.

141 1596 237 1642 400.
267 1597 361 1649 Obj.
391 1598 500 1636 tertio
546 1598 626 1636 alia
669 1599 727 1638 Ss.
759 1598 912 1637 Patrutn
962 1602 1173 1639 testimonia
1197 1630 1207 1649 ,

89 1650 158 1700 qui
200 1650 334 1689 ambas
381 1659 532 1690 naturas
574 1652 615 1689 in
646 1652 904 1690 lucarnatione
947 1653 1061 1691 fuisse
1091 1653 1207 1692 simul

89 1705 316 1742 commixtas
344 1705 554 1743 docuerunt
572 1731 583 1742 .
613 1703 742 1743 Primo
763 1705 1022 1744 Tertullianus
1042 1710 1083 1743 in
1102 1707 1208 1758 Apo·

91 1754 255 1807 logetico
284 1771 370 1808 cap.
393 1770 456 1795 21.
485 1755 706 1806 Nascitur,
755 1759 906 1810 inquit,
954 1758 1070 1797 homo
1098 1759 1208 1798 Deus

89 1812 273 1854 mixtus;
301 1809 403 1862 quod
431 1808 528 1848 alibi
559 1824 660 1863 saepe
690 1813 850 1863 repetit5
897 1813 1018 1850 immo
1047 1814 1086 1851 in
1117 1813 1207 1852 Lib.

89 1861 177 1900 adv.
206 1861 391 1902 Praxeam
421 1876 508 1915 cap.
530 1877 594 1915 27.
627 1865 821 1918 utriusque
857 1874 1005 1904 naturae
1044 1870 1206 1904 mixtio-

89 1927 211 1964 nem,
240 1915 275 1953 ἃ
303 1920 597 1955 conversionem
624 1918 792 1956 defendit
809 1944 820 1955 .
849 1918 1026 1957 Secundo
1053 1918 1094 1957 S.
1126 1920 1204 1956 Au-

87 1969 258 2020 gustinus
288 1971 325 2009 in
340 1969 463 2022 Epist.
491 1970 578 2009 158.
609 1971 656 2008 ad
678 1970 932 2009 Volusianum
962 1985 1047 2023 cap.
1071 1970 1108 2010 5.
1139 1985 1202 2009 ex-

86 2020 259 2073 plicans,
287 2022 486 2074 quomodo
501 2022 611 2060 Deus
639 2022 1033 2075 homini-permixtus
1061 2028 1132 2072 sit,
1162 2033 1203 2062 ut

86 2086 171 2112 una
195 2075 321 2128 fieret
361 2088 533 2126 persona
568 2074 737 2125 Christi,
787 2078 908 2115 utitur
949 2077 1203 2116 similitudine

85 2126 277 2177 hominis,
308 2130 347 2167 in
377 2143 453 2182 quo
480 2130 611 2168 anima
641 2130 772 2169 unitur
800 2131 977 2181 corpori,
1015 2137 1057 2166 ut
1087 2130 1202 2167 homo

86 2180 133 2218 sit
149 2210 160 2228 ,
188 2180 224 2218 81
243 2181 459 2220 concludit:
491 2181 538 2219 In
560 2183 630 2219 illa
650 2196 744 2234 ergo
763 2195 937 2231 persona
967 2185 982 2230 (
1005 2181 1166 2218 hominis
1184 2183 1199 2228 )

77 2236 266 2271 ‘mixtura
294 2243 352 2272 est
381 2239 557 2282 animae,
586 2235 636 2273 (9‘
665 2238 837 2284 corporis
852 2248 867 2276 ‚·
897 2237 938 2270 in
967 2232 1042 2271 hac
1070 2246 1201 2282 perso-

83 2297 141 2322 na
172 2287 187 2335 (
216 2284 357 2325 Christi
387 2286 404 2335 )
446 2289 627 2323 mixtura
665 2295 724 2324 est
754 2285 831 2324 Dei
849 2315 859 2334 ,
906 2286 955 2326 <9⁶
997 2284 1167 2325 hominis
1186 2313 1200 2327 .

84 2336 217 2375 Tertio
245 2339 326 2390 ipse
354 2337 395 2376 S.
424 2339 502 2376 Leo
531 2339 570 2377 in
597 2337 722 2377 Serm.
742 2339 809 2377 lll.
838 2340 876 2377 in
907 2338 1033 2377 Natali
1062 2339 1198 2380 Domi-

79 2391 146 2428 ni:
174 2388 270 2428 Non
299 2394 354 2429 sic
371 2421 382 2440 ‚
412 2392 560 2444 inquit,
591 2400 742 2429 natura
756 2390 939 2430 humana
968 2396 1009 2430 in
1028 2397 1197 2432 societa-

80 2452 167 2481 tem
195 2447 255 2482 sui
287 2443 486 2482 Creatoris
515 2453 571 2482 est
603 2454 812 2497 assumpta
830 2475 840 2493 ,
884 2454 925 2482 ut
953 2446 1016 2484 ille
1045 2445 1197 2485 habita-

83 2505 172 2545 tor,
201 2498 251 2538 <9²
280 2498 350 2535 illa
379 2496 648 2536 habitaculum
679 2507 806 2546 esset,
837 2497 905 2536 sed
933 2502 989 2536 ita
1011 2509 1051 2536 ut
1080 2510 1196 2537 natu·

81 2562 133 2588 ra
153 2551 270 2588 alteri
289 2551 422 2590 altera
436 2556 666 2589 misceretur
682 2579 692 2590 .
722 2551 770 2590 Et
799 2551 923 2590 Serm.
947 2551 1012 2589 lV.
1044 2554 1082 2590 in
1105 2552 1197 2605 Epi-

77 2602 223 2655 phania
251 2618 335 2658 cap.
352 2605 391 2651 4.
412 2605 487 2643 Dei
503 2604 650 2643 Filium
666 2605 758 2644 dicit
777 2614 929 2643 natura
957 2608 1094 2643 carnis
1122 2610 1197 2644 im-

77 2660 255 2695 mixtum
273 2684 284 2696 .
314 2658 374 2696 Ab
403 2657 511 2707 aliis,
541 2659 608 2710 qui
639 2659 769 2697 eadem
800 2662 1004 2696 mixtionis
1021 2672 1110 2697 voce
1141 2661 1196 2698 usi

72 2719 196 2760 sunt,
225 2712 464 2750 recensendis
491 2712 684 2751 brevitatis
714 2727 825 2751 causa
854 2713 1168 2764 supersedemus.

133 2764 229 2811 401.
260 2764 372 2819 Resp.
402 2780 492 2804 cum
523 2766 563 2804 S.
593 2764 742 2816 Cyrillo
772 2765 858 2804 Lib.
879 2766 908 2804 l.
938 2766 1024 2804 adv.
1067 2766 1196 2805 Nesto-

76 2816 214 2866 rium,
260 2817 330 2857 illa
360 2832 451 2858 voce
494 2831 577 2857 usos
607 2820 720 2858 fuisse
749 2819 873 2857 Patres
914 2818 962 2857 ad
990 2832 1196 2857 summam

86 2865 258 2908 duarum
277 2880 518 2910 naturarum
539 2877 725 2911 unionem
744 2903 754 2920 ‚
786 2885 860 2911 non
880 2881 1006 2911 autem
1036 2873 1082 2911 ad
1104 2886 1195 2911 con-

65 2917 280 2970 fusionem
309 2926 628 2977 exprimendam.
676 2925 890 2964 Minionis
918 2940 1092 2975 nomen,
1137 2928 1195 2965 in-

73 2974 166 3025 quit
193 2975 392 3027 Cyrillus,
431 2988 642 3030 posuerunt
678 2980 858 3018 nonnulli
900 2983 1025 3019 etlam
1055 2979 1195 3020 Sancti

126 3124 174 3161 (a)
200 3120 308 3164 Quasi
335 3122 532 3159 immediate
557 3137 632 3172 post
660 3129 707 3163 ita
731 3131 867 3176 pergit:
897 3149 922 3173 ,5
948 3132 1047 3166 Hanc
1073 3131 1186 3165 unita-

81 3176 232 3219 '’.¹⁰¹.¹¹'
258 3181 324 3213 qua
353 3171 510 3204 Creatori
538 3183 695 3208 creatura
722 3183 916 3212 conseritur
941 3183 1005 3212 ἃς.
1025 3181 1069 3209 “:
1098 3177 1186 3210 unde

81 3214 192 3266 aliqui
220 3217 384 3260 suspicati
411 3226 490 3250 sunt.
507 3239 516 3257 ,
544 3219 640 3253 illam
665 3233 784 3256 vocem
809 3230 1008 3258 misceretur
1033 3236 1186 3257 errorem

78 3259 186 3293 fuisse
215 3262 363 3295 Librum-ii
381 3287 388 3294 .
435 3265 470 3295 ln
497 3263 621 3297 Codice
645 3267 793 3310 quod-xm
819 3273 1026 3315 perantiquo
1061 3271 1186 3314 legitur

69 3316 250 3343 uniretur.
293 3308 357 3343 Sed
382 3321 449 3344 non
474 3319 526 3344 est
550 3323 713 3353 necesse,
754 3326 818 3349 nos
839 3315 882 3349 ad
902 3317 982 3351 vhas
1008 3317 1187 3362 angustias

2251 92 2330 142 157

1285 165 1425 202 Patres
1511 165 1580 202 sed
1609 178 1660 201 en.
1690 177 1780 202 voce
1808 174 1897 202 sunt
1928 170 1986 204 usi
2008 196 2019 216 ,
2067 179 2157 205 cum
2186 179 2392 204 summam

1283 223 1468 256 unionem
1497 217 1703 254 ostendere
1733 218 1988 258 studuerunt.

1333 271 1425 314 602.
1456 269 1717 307 Tertullianus
1763 273 1799 308 in
1846 273 1963 309 Libro
2003 282 2145 311 contra
2183 273 2395 312 Praxeam

1282 324 1410 373 primo
1439 332 1574 373 negat,
1604 322 1720 359 talem
1750 324 1889 361 factam
1911 340 1986 363 esse
2015 328 2165 374 carnis,
2197 326 2230 364 ἆ
2250 327 2393 366 divini-

1280 376 1368 412 tatis
1398 375 1632 421 mixturam,
1664 384 1701 411 ut
1730 380 1888 414 tertium
1917 378 2009 429 quid
2035 379 2254 428 efficiatur,
2297 393 2393 433 quo-

1277 427 1390 465 modo
1418 440 1463 464 ex
1502 440 1619 474 auru,
1667 427 1701 463 &
1743 439 1894 480 argento
1921 430 2036 468 simul
2080 435 2207 470 mixtis
2245 433 2285 470 fit
2316 434 2392 471 ele-

1275 488 1432 519 ctrum.
1487 479 1579 519 Non
1616 480 1734 518 aliam
1775 483 1888 533 igitur
1918 486 2142 523 mixtionem
2184 485 2392 537 intelligit,

1278 547 1398 586 quam
1426 534 1592 572 duarum
1607 542 1832 572 naturarum
1882 538 2059 575 erse-ctam
2084 540 2290 583 unionem;
2322 552 2391 577 un-

1277 588 1324 624 de
1341 588 1452 625 etiam
1470 588 1520 625 ita
1537 589 1799 642 prosequitur:
1863 599 1944 627 erte
1969 592 2234 639 (invenimus)
2251 604 2390 643 usque-

1277 638 1602 692 quaqueFilium
1632 640 1737 689 Dei,
1785 642 1835 682 (9·
1876 641 2018 680 Filium
2055 644 2250 693 hominis,
2299 657 2392 682 eum

1277 693 1410 732 Deum
1427 724 1438 743 ‚
1479 695 1529 734 <9-
1558 693 1760 732 hommem
1789 699 1879 734 sine
1903 694 2056 745 ssufflo,
2104 698 2319 736 secundum
2348 711 2392 734 u·

1276 756 1464 799 tramque
1482 746 1748 786 substantiam
1766 779 1776 796 ,
1806 753 1847 786 in
1876 762 1950 787 sua
1971 755 2208 801 proprietate
2237 751 2390 789 distan-

1277 809 1357 837 tem
1375 815 1391 845 ‚·
1419 805 1512 852 quia
1542 815 1667 851 neque
1684 801 1824 840 Sermo
1852 802 1988 853 aliud,
2018 817 2139 856 quam
2157 803 2287 853 Deus,
2316 817 2391 843 nec

1275 866 1374 891 caro
1402 854 1535 901 aliutl,
1565 867 1689 905 (ittam
1716 853 1863 893 homo.

1329 907 1424 952 405.
1453 907 1494 946 S.
1525 907 1784 959 Augustinus,
1814 923 1890 962 qua
1907 908 2045 948 solebat
2063 940 2074 959 ,
2103 910 2298 963 diligentia
2316 941 2326 959 ,
2356 910 2391 946 8<

1276 962 1503 1012 praecisione
1532 963 1700 1013 seipsum
1731 962 1892 1001 subinde
1920 963 2112 1016 explicat,
2143 974 2182 1003 ut
2211 972 2390 1003 caveatur

1276 1014 1381 1052 illius
1412 1016 1677 1066 permixtionis
1721 1029 1852 1064 error,
1899 1017 1941 1055 in
1969 1031 2084 1069 quem
2115 1027 2239 1069 postea
2269 1017 2391 1070 Euty-

1276 1067 1402 1105 chiani
1426 1069 1666 1117 inciderunt,
1697 1078 1736 1107 ut
1766 1070 1864 1108 facta
1893 1071 1938 1108 sit
1956 1080 2181 1109 naturarum
2197 1072 2391 1118 conlusio,

1272 1122 1379 1158 ‘unde
1408 1131 1534 1160 monet
1563 1122 1775 1160 auditorem
1794 1152 1805 1170 ,
1835 1132 1875 1159 ut
1895 1123 2058 1161 recedat
2088 1137 2115 1162 a
2144 1123 2392 1162 consuetudi-

1277 1187 1327 1210 ne
1356 1188 1562 1225 corporum
1583 1205 1593 1222 ,
1621 1179 1716 1225 quia
1744 1176 1866 1212 solent
1895 1176 1972 1214 ‹luo
2001 1178 2167 1228 liquores
2197 1182 2254 1214 ita
2283 1190 2392 1215 com-

1273 1231 1462 1277 misceri,
1493 1237 1532 1265 ut
1562 1237 1702 1266 neuter
1730 1237 1852 1266 servet
1870 1232 2140 1281 integritatem
2169 1244 2314 1267 suam.
2345 1227 2393 1268 Et

1274 1289 1359 1318 ante
1389 1283 1430 1320 in
1460 1283 1591 1319 eadem
1621 1282 1779 1333 epistola
1811 1291 2011 1334 utramque
2042 1284 2079 1320 in
2098 1282 2257 1320 ‘Christo
2288 1292 2392 1320 natu—

1275 1349 1357 1372 ram
1390 1336 1441 1373 ita
1469 1334 1685 1373 luculenter
1714 1335 1960 1383 distinxerat,
1993 1345 2030 1373 ut
2050 1334 2091 1373 S.
2114 1335 2190 1373 Leo
2220 1335 2390 1387 ejusdem

1275 1388 1404 1427 Sancti
1435 1387 1553 1427 Patris
1596 1388 1723 1426 verbis
1754 1402 1842 1426 usus
1873 1388 1986 1426 suerit
2031 1388 2078 1426 ad
2109 1387 2392 1441 Eutychianam

1274 1440 1453 1479 haeresim
1482 1441 1732 1480 refellendam
1750 1468 1760 1479 .
1790 1440 1889 1479 Vide
1919 1455 2004 1492 sup.
2035 1455 2140 1479 num.
2164 1441 2255 1492 574.

1330 1494 1423 1541 404.
1453 1494 1602 1533 Mirum
1632 1495 1799 1546 denique
1829 1505 1906 1543 est,
1948 1495 1990 1533 S.
2020 1495 2184 1533 Leonem
2214 1497 2391 1534 advocari

1276 1548 1314 1586 in
1345 1549 1601 1600 patrocinium
1631 1547 1787 1586 haeresis
1816 1547 2072 1600 Eutychianae
2091 1579 2101 1596 ,
2149 1562 2266 1600 quam
2296 1549 2392 1587 vali-

1275 1601 1427 1639 dissime
1439 1601 1669 1650 confutavit,
1699 1601 1733 1637 ἃ
1750 1600 1948 1640 insolubili
1960 1602 2197 1639 anathemate
2213 1604 2393 1654 perstriu-

1276 1655 1356 1703 xit,
1405 1655 1438 1692 8<
1467 1656 1535 1707 qui
1567 1656 1604 1692 in
1633 1656 1744 1705 epist.
1765 1655 1831 1706 03.
1874 1655 1921 1691 ad
1951 1654 2231 1691 Theodori-tuin
2271 1665 2387 1705 prote-

1276 1707 1466 1756 stabatur,
1496 1706 1815 1754 seNestorianos,
1846 1706 1881 1742 8t
1899 1706 2181 1757 Eutychianos,
2211 1716 2393 1757 utrosque

1279 1760 1422 1799 Christi
1440 1760 1571 1798 hostes
1591 1773 1709 1810 oequa
1725 1760 1843 1796 lance
1857 1761 2003 1795 vitasse
2019 1788 2029 1806 ,
2056 1767 2178 1809 atque
2198 1758 2392 1806 ‹ian-mas-

1276 1828 1318 1852 se
1335 1839 1345 1851 .
1375 1812 1557 1851 Excludit
1586 1813 1715 1864 itaque
1743 1824 1787 1849 eo
1815 1824 1995 1857 sermone·
2016 1826 2036 1849 a
2056 1811 2204 1850 Christo
2233 1814 2392 1851 diversi-

1273 1875 1387 1904 tatem
1418 1878 1667 1917 personarum
1690 1895 1700 1914 ,
1731 1879 1806 1904 non
1835 1874 2085 1904 naturarum.
2123 1865 2166 1903 ld
2196 1865 2315 1918 liquet
2346 1880 2390 1904 ex

1273 1927 1348 1958 toto
1376 1927 1552 1957 contextu
1571 1949 1582 1968 ,
1611 1919 1680 1971 qui
1709 1920 1762 1958 sic
1792 1918 1930 1957 habet:
1959 1948 1984 1966 ‚‚
2015 1919 2089 1956 Hic
2118 1915 2220 1956 enim
2252 1922 2266 1970 (
2298 1919 2389 1957 Em-

1330 1971 1485 2010 manuel
1515 1971 1530 2020 )
1560 1971 1751 2010 mirabilis
1779 1985 1897 2010 sacrae
1919 1971 2088 2022 Virginis
2119 1980 2270 2023 partus,
2302 1986 2390 2010 vere

1330 2024 1568 2072 humanam,
1617 2038 1782 2076 vereque
1824 2025 1995 2062 divinam
2027 2038 2100 2062 una
2138 2025 2252 2062 edidit
2283 2026 2388 2077 prole

1329 2091 1529 2130 personam
1547 2107 1557 2124 ,
1587 2078 1679 2128 quia
1709 2089 1780 2114 non
1811 2077 1861 2114 ita
1890 2078 2136 2129 proprietates
2155 2091 2240 2115 suas
2268 2083 2387 2117 tenuit

1330 2140 1486 2181 utraque
1514 2129 1722 2167 substantia
1739 2159 1750 2178 ,
1783 2138 1819 2167 ut
1842 2143 2086 2182 personarum
2118 2132 2157 2169 in
2187 2132 2241 2168 eis
2265 2143 2386 2183 posset

1270 2211 1298 2230 „
1329 2196 1404 2219 esse
1431 2183 1632 2220 discretio:
1661 2196 1728 2220 nec
1744 2183 1798 2222 sic
1827 2193 2000 2221 creatura
2028 2185 2067 2221 in
2081 2186 2297 2222 societatem
2327 2189 2385 2224 sni

1269 2264 1297 2284 ‚,
1326 2236 1513 2274 Creatoris
1542 2244 1593 2273 est
1621 2245 1841 2288 assumpta,
1871 2246 1911 2274 ut
1934 2235 2000 2274 ille
2029 2236 2242 2286 habitator,
2273 2238 2307 2274 &
2338 2239 2384 2276 il·

1273 2318 1299 2337 „
1330 2287 1367 2327 la
1395 2298 1489 2328 esset
1515 2288 1805 2336 habitacnltun5
1853 2290 1916 2328 sed
1946 2291 1999 2328 ita
2029 2300 2067 2329 ut
2095 2299 2244 2330 naturae
2274 2291 2383 2330 alteri

1266 2371 1295 2391 „
1322 2343 1444 2382 altera
1473 2346 1701 2381 misceretur
1731 2345 1793 2396 (a)
1811 2370 1821 2382 .
1853 2346 1878 2365 “
2073 2365 2078 2370 ·

1319 2396 1412 2442 405.
1441 2396 1535 2448 Obj.
1564 2405 1726 2450 quarto.
1756 2397 1799 2434 ln
1828 2396 2042 2450 Symb010,
2072 2397 2188 2451 vulgo
2217 2398 2382 2436 Athana-

1264 2450 1369 2487 siano
1386 2480 1396 2497 ,
1425 2450 1588 2487 dicitur:
1618 2450 1726 2488 Sicut
1753 2454 1899 2488 anima
1926 2453 2137 2489 rationalis
2154 2481 2165 2499 ,
2206 2455 2255 2491 (2³2¹
2285 2465 2381 2489 caro

1265 2515 1366 2538 unus
1395 2512 1452 2539 est
1493 2502 1639 2547 hom05
1687 2509 1745 2541 ita
1775 2503 1913 2550 Deus,
1961 2505 2010 2544 ὠ·
2039 2503 2155 2541 bomo
2183 2517 2283 2540 unus
2320 2514 2379 2541 est

1269 2553 1443 2592 Christus
1463 2568 1476 2591 .·
1507 2556 1568 2592 sed
1599 2557 1727 2593 anima
1756 2555 1949 2593 rationalis
1975 2555 2007 2590 &
2035 2569 2125 2594 caro
2153 2558 2378 2596 conveniunt

1265 2608 1312 2645 ad
1341 2608 1639 2645 constituendam
1679 2621 1792 2645 unam
1833 2616 2007 2645 naturam
2039 2607 2272 2646 humanam:
2319 2624 2376 2648 er·

1264 2675 1312 2713 go
1327 2662 1439 2699 etiam
1456 2661 1560 2699 Deus
1570 2690 1581 2709 ‚
1612 2660 1644 2697 &
1662 2659 1774 2699 hoino
1789 2674 1905 2700 unam
1922 2663 2152 2700 constituunt
2164 2661 2252 2700 Jesu
2267 2662 2376 2702 Chri—

1261 2716 1308 2753 sti
1328 2724 1502 2753 naturam
1523 2741 1534 2753 .

1318 2767 1410 2813 406.
1441 2767 1630 2820 Respond.
1659 2767 1819 2806 Sanctus
1850 2766 2016 2807 Thomas
2048 2769 2084 2806 5.
2115 2768 2214 2808 Part.
2243 2783 2310 2822 qu.
2334 2784 2372 2810 2.

1264 2830 1332 2859 art.
1360 2835 1393 2859 1.
1422 2821 1469 2859 ad
1502 2834 1537 2859 2.
1577 2852 1603 2870 „
1632 2821 1731 2873 quod
1762 2835 1806 2858 ex
1837 2821 1990 2869 anima,
2040 2821 2072 2858 8<
2102 2836 2256 2875 corpore
2285 2836 2372 2862 con-

1265 2905 1292 2924 „
1321 2876 1485 2913 stituitur
1528 2877 1567 2914 in
1599 2887 1826 2926 unoquoque
1856 2884 2020 2912 nostrum
2057 2875 2198 2929 duplex
2229 2873 2369 2925 unitas,

1264 2958 1290 2976 „
1321 2937 1464 2966 naturae
1483 2958 1493 2974 ,
1525 2928 1557 2964 ἃ
1588 2940 1782 2978 persuum.
1832 2927 1987 2965 Naturae
2017 2930 2170 2981 quidem
2189 2960 2199 2977 ,
2235 2944 2369 2969 secun—

1263 3010 1289 3029 „
1319 2980 1412 3020 dum
1441 2982 1541 3034 quod
1557 2982 1686 3020 anima
1708 2983 1834 3020 unitur
1847 2983 2022 3034 corpori,
2052 2983 2263 3022 formaliter
2283 2997 2368 3035 per-

2215 3067 2240 3087 »
2267 3037 2313 3075 fi*

1271 2003 1300 2022 25

1272 2055 1299 2075 ’2

1271 2108 1299 2127 >²

1269 2160 1297 2178 72

1255 3131 1392 3175 redigi,
1417 3142 1497 3164 cum
1523 3139 1628 3170 sane,
1662 3133 1694 3163 ἃ
1717 3127 1908 3164 orthodoxe
1933 3132 2112 3163 mixtionis
2138 3141 2203 3163 vox
2232 3131 2264 3162 in
2291 3141 2361 3174 my-

1257 3179 1363 3211 sterio
1390 3177 1640 3210 incarnationis
1667 3176 1821 3210 adhiberi
1865 3178 1997 3221 possit,
2039 3175 2228 3210 dummodo
2251 3179 2361 3208 omns·

1256 3224 1410 3257 confusio
1435 3223 1554 3268 procul
1580 3232 1804 3262 amove-itum
1830 3225 1861 3254 δε
1887 3223 1934 3256 ita
1958 3222 2034 3256 duae
2061 3233 2192 3256 naturas
2219 3221 2361 3254 commi·

1255 3279 1322 3304 xtae
1349 3269 1613 3314 intelligantur,
1639 3279 1677 3304 ut
1703 3279 1849 3314 utraque
1874 3269 2010 3315 integra
2036 3268 2263 3315 permanserit
2281 3287 2288 3293 -
