2583 3685
709 117 788 171 DE
822 118 1029 164 STATU
1060 119 1342 166 NATURAE
1376 123 1711 170 INTEGRAE.

80 209 116 244 te
143 209 338 246 creatum
367 196 468 236 unde
496 197 611 236 etiam
640 197 838 246 dicebant,
866 200 906 236 in
926 199 1105 252 baptismi
1128 211 1186 238 re-

104 256 313 295 eneratione
341 253 512 290 renovari
544 253 582 289 in
612 251 722 289 nobis
750 253 957 303 imaginem
987 253 1089 291 Dei.
1119 255 1184 292 Sic

77 270 122 349 ἓ.
149 305 380 359 Augustinus
408 304 457 342 de
476 304 608 354 Spirit.
637 305 686 344 Θ·
715 305 786 344 litt.
816 320 902 358 cap.
926 319 988 357 27.
1019 305 1105 345 Hoc
1133 319 1179 344 a·

72 364 155 415 33,
184 359 334 411 iuquit,
365 354 528 408 Spiritus
555 362 728 410 gratiae,
758 367 798 395 uc
828 362 1048 411 imaginem
1079 358 1178 408 Dei,

74 418 115 452 in
141 424 222 462 qua.
247 412 487 450 naturaliter
502 411 615 464 jacti
634 424 770 450 sumus
787 441 797 459 ,
827 416 1020 449 instauret
1049 416 1090 448 in
1111 424 1178 449 no-

69 462 148 503 δεῖς.
193 462 297 503 Huic
325 467 516 504 sententiae
546 465 714 502 adliaeret
743 464 865 516 major
895 463 1177 515 ‘I'Iieologorum

101 530 186 566 ars,
214 531 291 571 qua
319 517 364 556 de
394 530 432 556 re
466 517 665 557 recolenda
692 527 802 565 sunt,
849 526 937 569 quoe
966 518 1016 576 in·
1046 519 1177 567 prima

69 529 230 609 Bissert.
260 585 346 624 cap.
381 585 441 611 12.
470 573 516 610 de
556 573 676 624 gratia
707 570 936 623 Angelorum
980 569 1174 616 diximus3

63 624 200 662 *endem
229 627 332 663 enim
360 634 414 663 est
450 634 704 676 utrorumque
751 624 865 661 ratio.
906 621 955 659 Et
983 630 1103 660 noster
1131 624 1172 662 S.

66 675 236 726 Doctor,
265 679 588 731 quemadmodum
619 684 698 730 post
718 688 894 727 magnum
916 673 1173 726 Augustinnm

62 730 268 780 docuerat,
297 731 412 770 fuisse
429 731 590 784 Angelos
620 733 656 768 in
698 730 790 766 tatia
808 736 970 775 creatos,
1001 729 1052 766 ita
1072 730 1174 768 idem

64 793 189 822 censet
212 784 265 823 de
287 783 470 833 homine,
497 783 600 836 qnod
630 782 658 820 1.
710 808 720 820 .
748 795 815 834 qu.
845 779 910 832 95.
941 789 1011 821 art.
1038 794 1071 821 1.
1103 783 1174 822 Iiac

63 839 211 876 ratione
235 836 452 877 luculenter
479 837 732 875 demonstran

119 904 184 942 70·
213 890 340 941 Quia,
383 891 533 943 inquit,
576 889 615 926 id
644 887 792 925 videtur
819 888 1014 940 requirere
1037 898 1084 927 'ea
1110 899 1172 927 re·

59 940 206 982 ‘otitudo
234 945 347 997 primi
377 952 516 990 status,
545 942 583 980 in
611 953 688 992 qua
707 940 812 978 Deus
841 940 1036 979 hominem
1059 943 1170 982 fecit.

60 994 317 1037 Ecclesiutici
347 995 432 1034 VII.
463 994 526 1034 50.
561 1024 587 1042 ,,
607 991 712 1032 Deus
740 995 830 1032 fecit
872 993 1067 1033 hominem
1112 1010 1170 1034 re-

59 1077 86 1098 „
116 1043 244 1088 ctum:
283 1060 363 1102 qua
390 1047 622 1088 rectitudine
658 1048 752 1086 ratio
792 1047 1026 1086 subdebatur
1055 1048 1136 1090 Deo
1157 1080 1169 1099 ,

60 1129 87 1151 „
116 1103 250 1142 rationi
275 1115 368 1141 vero
395 1102 596 1151 inferiores
623 1103 749 1148 vires,
779 1096 813 1137 8:
835 1103 975 1139 animae
1006 1114 1168 1154 corpus.

58 1169 86 1203 „
115 1153 244 1195 Prima
272 1165 399 1195 autem
427 1154 613 1202 subiectio
651 1162 730 1192 erat
758 1167 871 1192 causa
902 1154 936 1190 8<
965 1156 1166 1205 secundae,

57 1236 85 1258 „
114 1205 148 1245 ἃ
175 1210 321 1255 tertiae;
362 1203 550 1261 quamdiu
586 1208 686 1246 euim
718 1208 813 1244 ratio
861 1207 1035 1246 manebat
1076 1209 1167 1248 sub-

56 1289 83 1311 „
111 1261 209 1314 jecta
236 1261 344 1310 Deo,
373 1262 555 1306 inferiora
584 1261 619 1298 ei
647 1259 907 1298 subdebantur
925 1288 936 1308 ,
966 1270 1005 1298 ut
1024 1261 1064 1299 S.
1087 1263 1167 1300 Au-

55 1341 83 1363 „
110 1319 290 1367 gustinus
327 1313 418 1351 dicit
447 1311 533 1351 Lib.
563 1307 595 1350 Ι.
625 1313 670 1350 de
698 1320 844 1365 peccat.
887 1316 1015 1352 merit.
1046 1313 1079 1351 8t
1111 1329 1168 1353 re-

60 1394 86 1415 „
115 1369 224 1405 miss.
251 1379 342 1416 cap.
364 1365 423 1405 16.
454 1365 704 1404 Manifestum
734 1374 786 1403 est
814 1375 968 1415 autem,
997 1368 1096 1420 qnod
1120 1369 1167 1406 il-

59 1448 87 1468 „
115 1418 154 1458 la
173 1418 364 1471 subjectio
390 1421 557 1470 corporis
585 1418 633 1456 ad
662 1420 831 1456 animam
849 1447 860 1466 ‚
891 1419 1165 1460 &inferiorum

58 1501 86 1522 „
114 1474 260 1511 virium
300 1472 346 1510 ad
377 1473 559 1508 rationem
601 1481 672 1508 non
701 1480 778 1508 erat
819 1467 1026 1518 naturalis3
1070 1474 1168 1512 alio-

51 1552 82 1575 -,‚
139 1525 204 1562 uin
235 1532 314 1576 post
355 1532 555 1575 peccatum
586 1523 806 1570 mansisset,
853 1536 942 1560 cum
978 1526 1096 1563 'etiam
1126 1528 1165 1564 iu

54 1604 82 1628 „
110 1540 364 1617 ffiaemonihus
389 1575 476 1614 data
511 1574 706 1613 'naturalia
735 1584 816 1627 post
846 1585 1041 1628 peccatum
1079 1591 1166 1629 per-

53 1659 83 1680 „
111 1630 340 1669 manserint:
380 1628 485 1668 unde
509 1628 756 1666 manifestum
788 1636 867 1677 ests,
902 1629 1003 1682 qnod
1033 1629 1067 1666 8<
1097 1630 1167 1669 illa

50 1708 80 1733 3,
109 1685 236 1736 prima
269 1680 484 1734 subjectiO,
529 1695 606 1734 qua
652 1683 747 1720 ratio
776 1681 857 1720 Deo
901 1682 1164 1733 subdebatur,

55 1765 83 1785 ,‚
113 1749 186 1774 non
214 1745 291 1775 erat
320 1735 442 1774 solum
471 1735 678 1774 secuudum
706 1743 906 1784 naturam,
937 1736 999 1774 sed
1024 1746 1164 1775 secun-

50 1816 78 1838 „
104 1789 198 1828 dum
238 1787 525 1842 supernaturale
567 1788 710 1826 donum
751 1789 909 1840 gratiae3
952 1802 1028 1828 non
1059 1792 1164 1830 enim

53 1870 82 1892 „
109 1851 226 1895 potest
244 1854 322 1881 esse
343 1872 354 1890 ,
383 1841 484 1894 quod
514 1839 665 1879 effectus
693 1843 738 1879 sit
760 1843 880 1891 potior
895 1841 916 1890 ,'
935 1856 1052 1894 quam
1072 1854 1163 1882 cau-

53 1923 82 1944 „
110 1910 178 1934 aa·
208 1894 317 1934 Unde
346 1894 580 1947 Augustinus
607 1894 699 1933 dicit
729 1892 839 1933 XIII.
868 1895 916 1932 de
943 1893 1057 1935 Civit.
1087 1897 1163 1937 Dei

50 1976 78 1997 „
107 1961 198 1999 cap.
230 1948 319 1996 ¹3„
359 1948 460 2000 quod
486 1956 686 2000 postquam
716 1949 899 2000 praecepti
930 1949 1026 1988 facta
1056 1959 1162 1990 tran-

50 2030 78 2050 „
106 2002 263 2053 agressio
287 2008 369 2049 est,
410 2001 610 2039 confestim
637 2002 759 2052 gratia
800 2002 992 2040 deserente
1028 2004 1162 2043 divina

49 2082 78 2103 „
106 2055 154 2092 de
180 2066 383 2107 corporum
396 2065 556 2092 suorum
576 2054 745 2092 nuditate
772 2055 921 2094 confusi
942 2065 1046 2103 su‘nt5
1076 2072 1160 2096 sen-

52 2135 82 2156 „
110 2116 238 2146 serunt
265 2107 367 2146 enim
388 2115 534 2146 motum
551 2107 800 2146 inobedientis
826 2111 949 2148 carnis
963 2123 1041 2147 suae
1061 2119 1159 2150 tam-

48 2187 77 2209 „
105 2174 224 2213 quam
254 2162 487 2213 reciprocam
516 2173 672 2212 poenam
709 2161 976 2201 inobedientiae
1003 2176 1084 2202 suae
1101 2169 1127 2187 “
1146 2192 1157 2204 .

45 2211 105 2252 Ex
133 2212 273 2267 quibus
298 2214 428 2253 verbis
463 2212 609 2265 colligit
638 2212 868 2268 Angelicus,
906 2218 940 2254 si
968 2217 1157 2257 deserente

44 2267 167 2323 gratia
210 2265 333 2306 soluta
360 2276 414 2306 est
457 2265 674 2306 obedientia
712 2270 839 2308 carnis
867 2269 914 2307 ad
952 2272 1120 2309 animam
1143 2299 1155 2320 ,

45 2331 116 2370 per
143 2319 303 2372 gratiam
333 2321 372 2359 in
401 2321 533 2363 anima
561 2322 776 2360 existentem
798 2322 979 2361 inferiora
1000 2326 1035 2362 ei
1064 2325 1158 2363 fuis-

45 2384 85 2410 se
112 2373 290 2421 subdita,
318 2383 434 2425 ’atque
453 2374 545 2410 adeo
571 2381 710 2412 statum
732 2384 877 2414 naturae
894 2377 1052 2429 integrae
1082 2391 1159 2418 nou

45 2426 209 2476 potuisse
237 2439 314 2463 esse
341 2426 422 2463 sine
449 2426 570 2476 gratia
595 2427 881 2467 sanctificante.

110 2489 174 2527 7¹··
203 2477 286 2516 Hac
312 2477 355 2515 S.
375 2476 538 2514 Thoinae
566 2476 737 2515 doctriua
765 2493 787 2517 a
815 2493 954 2528 magno
983 2481 1160 2534 August}-

46 2539 98 2568 Ιῠ
113 2556 125 2578 ,
143 2528 308 2583 aliisque
321 2529 513 2567 veteribus
528 2528 675 2567 Sanctis
693 2529 866 2568 Patribus
883 2530 1013 2570 hausta
1034 2540 1160 2585 (quo-

46 2593 136 2620 rum
161 2581 335 2634 plurima
363 2583 576 2621 testimonia
601 2581 754 2620 exhibet
770 2583 896 2621 Estius
916 2586 956 2621 in
978 2585 1027 2623 11.
1058 2587 1160 2624 Sen-

45 2642 145 2672 tent.
173 2635 259 2673 disti
278 2634 341 2674 25.
371 2632 410 2686 ᾗ.
437 2633 535 2683 1.),
564 2644 665 2673 certa
693 2638 851 2674 omnino
880 2638 1052 2684 vitletur3
1081 2652 1157 2677 non

46 2694 174 2725 tamen
201 2687 248 2726 ad
277 2686 394 2726 fidem
424 2689 608 2741 pertinet,
645 2690 737 2741 quia
755 2718 765 2737 ,
808 2698 846 2726 ut
875 2693 1049 2741 superius
1078 2707 1156 2729 mo-

49 2740 230 2790 nuimus,
260 2741 426 2780 nondum
446 2741 495 2780 ab
511 2740 682 2780 Ecclesia
711 2742 867 2780 definita
891 2743 982 2791 suit,
1013 2745 1046 2781 &
1067 2758 1157 2783 con-

44 2795 164 2834 traria
205 2796 340 2848 opinio
362 2810 388 2835 a
415 2794 649 2848 quibusdam
676 2795 885 2835 Catholicis
920 2806 1001 2849 post
1029 2797 1156 2849 Magia

95 2952 146 2995 ζα)
170 2951 345 3003 Pelagiani
371 2950 580 3000 credebant,
622 2965 884 3005 protoparentes
911 2959 1159 3012 nostrosfnisffi

50 3009 87 3032 se
110 3001 147 3034 in
194 3004 266 3037 uris
290 3006 509 3040 naturalibus
536 3017 554 3039 a
578 3006 652 3040 Deo
677 3015 809 3040 creatos
829 3028 839 3046 ,
865 3006 930 3041 lioc
955 3016 1006 3039 est
1033 3019 1106 3039 sune
1121 3019 1159 3039 a·

48 3043 148 3091 liquo
169 3084 172 3086 .
192 3059 258 3082 ono
281 3051 536 3094 supernaturali
552 3074 563 3092 ,
598 3061 636 3085 ut
663 3053 796 3086 sciIIcet
823 3054 986 3096 potentiis
1015 3062 1159 3085 natura-

49 3090 143 3124 libus
167 3092 284 3134 bene,
317 3095 372 3129 vel
394 3099 484 3130 male
521 3107 658 3131 utentes
693 3100 900 3143 praemium,
938 3099 990 3130 vel
1018 3110 1156 3143 prenam

47 3146 288 3172 mererentur.
314 3139 403 3176 Huic
425 3144 578 3187 opinioni
595 3143 717 3178 saltem
745 3158 783 3178 ex
811 3154 908 3190 parte
935 3144 1155 3177 arlhmsernnt

50 3184 158 3216 etiam
186 3186 341 3218 nonnulli
366 3187 560 3230 Catliolici3
587 3187 718 3224 scilicet
744 3198 872 3236 pra-ter
897 3190 969 3235 jam
999 3191 1156 3223 nomina-

32 3224 128 3263 'urm
153 3231 364 3275 Magistrum
388 3233 645 3270 Sententiarum
665 3258 676 3277 ,
716 3238 903 3282 Ruperrns,
931 3237 1049 3270 Abbas
1078 3236 1153 3269 Lib.

48 3273 147 3311 [ΙΙΙ.
185 3277 220 3309 in
243 3277 400 3319 Manli-5
436 3279 534 3324 Hngo
558 3281 758 3316 Victorinus
789 3283 864 3317 Lib.
893 3284 917 3316 I.
956 3285 1001 3316 de
1028 3283 1155 3315 Sacra-⁴

48 3316 174 3358 theutin
199 3323 237 3358 P.
256 3323 320 3360 v1.
346 3334 422 3371 cap·
450 3337 504 3371 ¹7·
520 3347 533 3366 ‚
563 3327 761 3375 Alexander
785 3329 924 3366 Alensis
949 3329 985 3363 P.
1009 3330 1053 3364 11.
1093 3341 1152 3374 qn·

2170 180 2172 182 ,
2221 156 2303 199 119

1252 210 1371 239 strum
1392 200 1723 254 Sententiarum,
1772 208 1944 262 adoptata
1988 220 2065 260 est;
2107 222 2361 269 quamobrem

1250 254 1353 292 idem
1385 256 1587 307 Angelicus
1625 258 1728 298 land.
1770 265 1922 315 (lu-95·
1967 275 2037 304 art.
2073 280 2105 306 1.
2148 276 2364 325 oppositam

1250 309 1471 346 sententiam
1504 309 1632 360 rejecit
1660 314 1814 364 quidem
1839 346 1848 363 ,
1878 317 1985 356 nulla
2013 329 2138 359 tamen
2168 338 2253 364 eam
2268 319 2362 367 cen-

1247 373 1336 398 sura
1367 363 1541 400 notavit.
1584 364 1817 418 Quanquam
1861 371 1898 407 in
1927 372 2099 411 Concilio
2129 375 2364 422 Araunicano'

1247 410 1296 450 ll.
1327 427 1411 466 cap.
1438 427 1499 468 ις).
1531 415 1612 453 Iiaec
1643 419 1758 457 verba
1780 420 1971 473 leguntur:
2004 426 2144 466 Natura
2167 426 2364 484 bumana„¹

1246 466 1393 505 etiamsi
1424 469 1460 505 in
1490 467 1558 506 illa
1602 470 1836 522 integritate,
1879 480 1919 512 in
1949 491 2026 527 qua.
2069 488 2129 518 esc
2169 485 2359 536 condita,

1245 531 1484 570 permaneret
1506 521 1576 559 ἅς.
1606 523 1670 561 Est
1701 533 1824 565 tamen
1853 528 1899 565 ‹le
1929 531 2030 579 fidu,
2075 535 2197 574 Adam
2240 540 2359 579 fuisse

1242 573 1362 621 gratia
1408 570 1665 613 sanctificante
1708 589 1964 627 ‹exornatmn3
2009 600 2095 624 nam
2137 588 2357 632 Concilium

1243 623 1354 663 Trid.
1384 626 1480 665 Sess.
1498 627 1547 666 V.
1578 630 1627 668 ita
1657 630 1854 670 definivit:
1890 665 1914 682 ,‚
1949 638 1988 674 Si
2019 641 2103 692 quis
2133 654 2204 680 non
2233 646 2356 684 confi-

1243 703 1269 726 „
1301 687 1418 728 tetur,
1450 683 1618 733 primum
1650 682 1845 724 hominem
1870 689 1990 727 Adam
2010 705 2100 730 cum
2130 697 2355 738 mandatum

1247 761 1272 780 ,‚
1303 732 1375 770 Dei
1408 735 1445 772 in
1464 732 1641 773 Paradiso
1672 737 1799 777 fuisset
1828 750 2098 795 transgressus,
2129 751 2255 787 statim
2271 763 2354 789 sau-

1243 813 1269 832 „
1299 787 1464 824 critatem
1484 817 1494 835 ,
1535 787 1567 824 8<
1598 787 1779 840 justitiam
1798 822 1809 840 ,
1854 795 1890 831 in
1920 810 1993 847 qua
2023 801 2244 840 constitutus
2272 803 2356 842 fue-

1243 866 1270 885 „
1297 846 1356 875 rat
1373 869 1383 887 ‚
1414 841 1585 879 amisisse
1683 845 1883 886 anatliema
1913 852 1955 887 sit
1987 853 2050 902 (st)
2068 856 2094 873 “
2112 879 2123 890 .

1297 905 1360 941 72.
1390 893 1488 931 Cum
1519 905 1644 933 autem
1676 898 1714 936 in
1747 898 1817 937 Iioc
1848 897 1935 940 fidei
1965 904 2114 942 decreto
2128 904 2263 946 Sancta
2278 907 2353 961 Sy-

1234 944 1358 982 ·nodus
1387 949 1617 987 mentionem
1650 951 1762 990 saciat
1792 959 2045 1006 sanctitatis,
2081 959 2132 999 (9¹
2154 961 2352 1012 justitiae,

1237 995 1277 1033 in
1306 1012 1382 1051 qua
1411 1003 1632 1041 constitutus
1663 1005 1783 1043 fuerat
1806 1007 1949 1055 Adam,
1981 1012 2103 1063 quaeri
2125 1022 2272 1065 potest,
2301 1029 2353 1057 au

1235 1053 1355 1101 gratia
1380 1054 1624 1094 'sanctificans
1657 1059 1692 1094 in
1727 1058 1872 1097 Manno
1902 1062 2000 1100 idem
2034 1065 2174 1114 fuerit,
2216 1081 2261 1105 ac
2289 1067 2352 1121 ju-

1235 1105 1336 1142 stitia
1364 1107 1590 1157 originalis.
1621 1108 1667 1147 Et
1684 1112 1840 1163 quidem
1859 1143 1869 1160 ‚
1894 1116 1929 1152 ‘si
1959 1117 2241 1167 amplectamur
2269 1134 2351 1159 sen-

1233 1160 1388 1196 tentiam
1417 1159 1458 1198 S.
1488 1159 1677 1211 Thomas,
1720 1166 1822 1216 quod
1852 1166 1976 1207 Adam
2005 1170 2119 1208 suerit
2159 1173 2203 1216 in
2230 1173 2353 1223 gratia.

1228 1211 1491 1251 ‘sanctificante
1507 1224 1674 1265 creatus,
1700 1221 1795 1255 ‘tunc
1821 1230 1962 1270 parum
1980 1221 2128 1260 interest
2147 1225 2245 1263 scire
2259 1255 2270 1274 ,
2300 1240 2351 1268 au

1233 1266 1352 1314 gratia
1382 1267 1622 1306 sanctificans
1651 1284 1673 1306 a
1701 1268 1844 1320 justitia
1864 1273 2042 1325 originali
2071 1276 2352 1329 distinguatur.

1234 1317 1276 1354 Si
1304 1331 1395 1356 vero
1422 1329 1615 1373 ponatur,
1659 1321 1853 1361 Adamum
1883 1329 2035 1366 nonnisi
2078 1339 2161 1381 post
2190 1333 2352 1371 creatio-

1234 1382 1323 1407 nem
1355 1371 1469 1408 fnisse
1496 1374 1617 1424 gratia
1647 1375 1905 1414 sanctificante
1932 1389 2137 1430 ornatum,
2167 1391 2257 1423 tunc
2286 1399 2352 1424 ne-

1233 1425 1396 1461 cessario
1423 1425 1629 1464 dicendum
1659 1436 1738 1475 est,
1776 1427 1960 1479 justitiam
1990 1434 2219 1485 originalem
2249 1437 2352 1478 Ada-

1232 1477 1287 1513 mi
1319 1477 1437 1515 fuisse
1466 1493 1489 1516 a
1516 1481 1638 1530 gratia
1666 1481 1930 1521 sanctificante
1957 1485 2206 1527 distinctam·
2270 1490 2272 1492 ’

1285 1528 1353 1578 75.
1383 1530 1547 1568 Nomine
1577 1542 1703 1571 autem
1741 1535 1908 1586 justitt'ae
1948 1541 2156 1591 originalis
2184 1554 2258 1580 non
2289 1543 2349 1583 in*-

1233 1579 1419 1630 telligitur
1448 1579 1518 1621 illa
1548 1584 1718 1634 justitia,
1761 1599 1848 1637 quae
1878 1591 2048 1639 primum
2079 1592 2206 1632 Iocum
2247 1595 2350 1636 obti-

1232 1641 1293 1669 net
1322 1634 1417 1670 inter
1448 1635 1604 1674 virtutes
1631 1638 1872 1688 cardinales,
1903 1641 1936 1676 St
1965 1643 2076 1692 cnjus
2101 1655 2244 1686 *munus
2274 1659 2349 1700 est,

1228 1695 1343 1723 suum
1375 1688 1587 1741 unicuique
1615 1689 1811 1736 tribuere5
1850 1693 1913 1730 sed
1946 1695 2167 1747 intelligitur
2197 1702 2350 1740 rectitu-'

1232 1737 1281 1775 do
1298 1767 1308 1786 ,
1337 1737 1372 1774 &
1392 1739 1484 1777 ordo
1509 1742 1686 1779 omnium
1718 1745 1971 1794 potentiarum
2000 1750 2143 1786 animae
2174 1752 2269 1789 inter
2289 1767 2347 1803 se,

1233 1789 1266 1826 8<
1297 1800 1468 1844 respectu
1493 1805 1652 1832 'suorum
1683 1804 1868 1846 actuum,
1911 1799 2055 1839 scilicet
2094 1804 2224 1855 primo
2253 1808 2349 1844 ratio

1232 1843 1417 1882 subdatur
1445 1845 1553 1893 Deo3
1591 1848 1726 1887 deinde
1752 1852 1889 1890 rationi
1920 1852 2130 1894 subdantur
2158 1860 2347 1910 appetitus

1229 1897 1454 1946 inferiore33
1497 1897 1655 1939 demum
1685 1904 1828 1941 animae
1857 1904 2038 1944 subdatur
2073 1922 2209 1962 corpus
2241 1913 2279 1949 in
2306 1926 2348 1951 o-

1229 1951 1388 1989 mnibus
1416 1953 1493 1991 suis
1523 1955 1715 2000 motibus»
1759 1957 1911 1996 Dicitur
1939 1968 2068 1999 autem
2105 1963 2313 2015 originalis
2333 1989 2346 2015 -,

1229 2013 1417 2056 quatenus
1447 2005 1560 2045 bomo
1587 2009 1801 2061 aborigine
1821 2024 1893 2058 ‚sua
1923 2010 2031 2051 illam
2050 2013 2209 2064 babuit,
2240 2030 2346 2056 eam-

1229 2057 1395 2111 demque
1423 2059 1684 2100 transfudisset
1714 2063 1758 2100 ad
1791 2073 1981 2114 posteros,
2010 2067 2084 2104 nisi
2116 2068 2223 2106 illam
2255 2085 2348 2123 pec->

1228 2112 1351 2149 cando
1379 2114 1592 2152 amisisset.
1635 2115 1673 2153 ld
1704 2117 1750 2153 ad
1781 2117 1898 2155 fidem
1929 2121 2118 2170 pertinere
2148 2131 2273 2160 censet
2301 2123 2345 2162 S.

1227 2163 1395 2202 Thomas
1426 2165 1495 2203 IV.
1524 2174 1632 2204 cont.
1664 2167 1814 2206 Gentes
1841 2180 1928 2223 cap.
1960 2170 2024 2210 52.
2046 2203 2057 2222 ‚
2094 2170 2163 2212 ubi
2195 2176 2343 2228 inquit:

1225 2247 1252 2266 „
1282 2217 1501 2256 Secundum
1531 2219 1622 2258 fidei
1659 2221 1869 2260 doctrinam
1900 2226 2105 2275 ponimus,
2148 2224 2347 2269 hominem‘

1227 2299 1253 2319 ,‚
1283 2285 1305 2308 a
1333 2273 1528 2324 prInCIpio
1556 2272 1681 2312 taliter
1709 2289 1788 2313 esse
1817 2277 2054 2327 institutum,
2084 2281 2185 2332 quod
2206 2286 2344 2334 quam-

1227 2353 1254 2372 „
1283 2324 1350 2362 diu
1380 2327 1474 2364 ratio
1494 2325 1668 2365 -liominis
1698 2328 1781 2366 Deo
1808 2337 1901 2367 'esset
1939 2329 2139 2383 subjecta,
2183 2333 2217 2370 ἃ
2247 2336 2344 2373 infe-

1230 2406 1256 2425 „
1286 2380 1405 2417 riores
1448 2381 1547 2417 vires
1576 2380 1610 2418 ei
1641 2381 1720 2419 sine
1761 2383 2036 2434 impedimento
2077 2387 2342 2445 deservirent,

1228 2457 1255 2478 ,,
1286 2430 1320 2467 8:
1351 2445 1488 2484 corpus
1517 2433 1567 2471 ab
1588 2433 1669 2485 ejus
1689 2434 1923 2486 subjectione
1952 2439 2133 2491 impediri
2163 2453 2237 2478 non
2256 2453 2342 2491 pos-

1229 2511 1256 2530 „
1285 2493 1337 2521 set
1367 2498 1435 2536 per
1463 2485 1620 2537 aliquod
1650 2489 1966 2539 impedimentum
1982 2490 2047 2529 cor
2076 2492 2205 2540 orale,
2235 2492 2340 2541 Deo,

1230 2563 1255 2582 „
1286 2535 1319 2571 8t
1350 2551 1416 2574 sua
1444 2540 1564 2586 gratia
1592 2539 1818 2589 supplente,
1848 2543 1949 2592 quod
1979 2541 2026 2582 ad
2047 2505 2118 2581 Iioc
2133 2545 2341 2595 perficiem

1227 2613 1254 2633 ,‚
1284 2587 1377 2625 dum
1408 2598 1540 2626 natura
1570 2591 1693 2626 minus
1722 2588 1885 2628 babebat
1906 2595 1931 2613 “
1949 2612 1961 2629 ·.
2097 2595 2102 2600 ’

1283 2639 1346 2688 74.
1376 2639 1434 2677 Ex
1472 2637 1530 2677 his
1558 2639 1600 2676 S.
1631 2637 1793 2676 Thomae
1823 2642 1977 2690 verbis,
2019 2644 2181 2698 aliisque
2222 2650 2340 2700 supra(

1224 2690 1354 2729 relatis
1375 2691 1584 2730 luculenter
1604 2702 1786 2744 apparet,
1810 2693 1989 2742 justitiam
2011 2699 2235 2748 originalem
2258 2703 2339 2752 pri-

1225 2757 1288 2781 mo
1331 2742 1476 2784 homini
1507 2747 1544 2783 in
1575 2745 1656 2796 ejus
1684 2749 1872 2784 creatione
1900 2747 2079 2787 collatam
2120 2765 2164 2790 ex
2195 2754 2338 2805 princi-

1224 2798 1298 2849 piis
1328 2805 1473 2838 naturae
1511 2811 1586 2838 uon
1632 2797 1812 2848 fluxisse,
1854 2813 1924 2839 nec
1965 2796 2147 2850 bumana!
2188 2814 2337 2852 natura

2139 2895 2144 2898 .
2185 2858 2289 2900 fuis-

1224 2959 1285 3002 98.
1302 2981 1312 2999 ‚
1338 2953 1483 2999 Scottis,
1510 2959 1640 3004 aliique
1667 2971 1732 2993 non
1758 2959 1882 3004 pauci,
1905 2966 2070 3006 ponentes
2088 2962 2229 3008 aliquod
2244 2973 2334 3001 tem-

1225 3006 1320 3051 poris
1347 3006 1569 3038 intervallum
1598 3007 1687 3038 inter
1716 3015 2000 3050 protoparentum
2036 3011 2274 3053 creationem,
2299 3016 2332 3046 ὰ

1227 3052 1347 3095 grati-e
1373 3052 1621 3084 sanctificantis
1649 3051 1883 3092 infusionem5
1909 3062 1976 3087 non
2000 3064 2117 3088 antem
2144 3055 2335 3094 admitten-

1225 3107 1275 3130 tes
1303 3110 1382 3130 cnm
1411 3098 1598 3140 I‘elagianis
1641 3100 1806 3131 meritum
1832 3111 1872 3132 ex
1900 3100 1980 3133 solis
2005 3102 2141 3136 'viribus
2168 3106 2302 3137 natur-ve
2321 3126 2334 3136 .

1224 3144 1357 3176 Horum
1381 3143 1577 3186 opinionem
1615 3148 1869 3177 communiorem
1900 3145 2088 3190 appellavit
2113 3148 2333 3183 Sn'rhomas

1224 3191 1258 3223 in
1288 3190 1330 3221 II.
1359 3189 1514 3220 Senrent.
1545 3189 1634 3221 Dist.
1663 3190 1722 3222 IV.
1749 3200 1814 3223 art.
1842 3192 1901 3231 3.‚·
1928 3192 1999 3236 ipse
2027 3202 2142 3227 tamen
2170 3195 2273 3228 aliam
2293 3208 2330 3229 a·

1223 3234 1400 3273 donavit,
1434 3245 1510 3277 qum
1537 3233 1638 3270 modo
1664 3244 1734 3271 non
1757 3237 1871 3272 solum
1895 3242 2099 3274 communior
2133 3240 2229 3279 facta
2253 3249 2330 3281 est,

1221 3247 1282 3316 sed
1304 3281 1406 3326 plane
1433 3288 1547 3315 certa.
