2583 3685
792 4 893 53 DE.
915 0 1150 51 GRATOA
1183 0 1420 47 ANIMAE
1455 0 1729 46 CHRISTI.

79 101 262 142 ·-nionem
307 109 399 136 curn
427 87 559 131 Verbo
599 87 727 127 aderat
767 86 883 141 plena
910 85 1007 124 bene
1042 82 1227 136 operandi

105 154 300 199 facultas,
330 149 366 186 δε
386 147 466 188 vita
494 152 635 183 aeterna
661 141 749 195 jure
778 139 1022 180 hoereditario
1049 141 1085 176 ei
1113 136 1228 176 debe-

104 208 254 248 batur:
284 217 373 256 ergo
401 199 473 238 ἃς.
984 247 991 253 ι
1172 244 1180 252 .

165 259 262 312 359.
290 256 403 306 Resp.
432 251 473 292 S.
503 251 674 291 Thomas
715 248 761 288 ad
794 262 858 296 2.,
900 245 1125 294 Christum,
1169 256 1229 281 tn-

109 323 300 366 quantum
328 317 381 347 est
411 305 586 345 Verbum
602 303 704 351 Dei,
735 302 910 340 habuisse
940 298 1159 338 facultatem
1189 310 1229 332 o-

108 364 349 408 mniabene
377 358 558 414 operandi
586 360 817 409 operatione
845 354 978 393 divina
995 379 1006 391 .
1035 351 1109 390 Sed
1138 351 1230 402 quia

108 427 255 473 praeter
281 417 540 470 operationem
569 411 740 450 divinam
769 408 845 447 alia
875 416 953 446 erat
983 406 1122 456 inipso
1140 417 1229 456 ope-

109 474 212 512 latio
232 471 401 509 humana
416 497 428 517 ‚
456 465 650 518 oportuit,
680 465 776 502 ineo
793 477 868 500 esse
888 458 1124 499 habitualem
1145 471 1229 509 gra-

112 528 232 574 tiam,
260 537 330 576 per
388 534 475 560 uam
505 516 725 569 hujusmodi
753 516 920 568 operatio
939 513 1109 551 humana
1138 520 1230 550 esset

142 580 310 618 erfecta.
355 536 544 614 §imiliter
572 573 687 609 etiam
715 569 892 616 Christo,
923 567 1147 618 inquantum
1178 573 1230 603 est

110 594 240 672 gilius
274 627 461 668 naturalis
490 625 588 673 Dei,
630 624 790 663 debetur
817 630 957 660 aeterna
1000 618 1228 666 haereditas,

108 698 202 738 quae
233 690 286 723 est
312 683 397 734 ipsa
424 679 622 720 beatitudo
641 680 836 724 increata,
866 687 933 727 per
962 673 1172 711 increatum
1189 687 1230 710 a-

110 747 219 778 ctum
247 736 495 788 cognitionis,
524 731 558 768 δε
588 733 729 770 amoris
744 729 817 767 Dei
839 754 850 766 .
880 728 954 766 Sed
983 740 1072 764 cum
1102 727 1230 765 anima

115 791 259 830 Christi
289 803 361 828 non
391 789 438 826 sit
456 797 576 839 capax
605 782 828 835 hujusmodi
849 790 952 819 actus
982 781 1162 825 increati3
1189 793 1231 816 o-

119 843 295 898 portebat
312 872 323 891 ,
366 849 407 880 ut
435 840 648 879 elevaretur
674 837 722 874 ad
750 834 1051 886 cognoscendum
1074 863 1085 880 ,
1127 833 1160 869 8<
1190 848 1231 870 a-

111 898 304 937 mandum
334 895 462 934 Deum
490 904 559 944 per
586 897 715 929 actum
744 896 943 937 creatum,
973 888 1041 939 qui
1071 886 1232 925 habetur

108 964 182 1005 per
209 951 400 1002 gratiam.
921 996 928 1003 ι
969 995 977 1002 ·

170 1003 264 1049 540.
292 1000 388 1052 Obj.
415 997 608 1037 secundo.
638 995 821 1034 Humana
836 993 978 1033 Christi
1008 1001 1143 1033 natura
1159 1005 1234 1031 non

107 1065 195 1095 erat
222 1054 300 1096 nisi.
327 1056 640 1092 instrumentum
675 1048 916 1096 (minitaris,
959 1057 999 1085 ut
1030 1048 1235 1086 Damasce-

105 1123 187 1149 nus
215 1122 301 1146 eam
329 1104 499 1159 appellat
529 1103 618 1142 Lib.
647 1103 716 1142 lll.
746 1102 794 1142 cle
811 1101 903 1153 fide
937 1099 1088 1139 orthod.
1119 1101 1234 1152 capit.

124 1164 216 1207 15.;
245 1161 309 1199 sed
339 1161 636 1198 instrumentum
666 1169 740 1194 non
772 1156 914 1207 indiget
943 1155 1074 1206 aliquo
1103 1154 1237 1192 habitu

120 1216 172 1254 ad
194 1215 368 1267 proprias
395 1226 482 1250 suas
509 1211 769 1262 operationes3
801 1209 950 1248 habitus
981 1210 1083 1245 enim
1112 1207 1237 1245 solum

116 1270 296 1306 convenit
325 1264 533 1318 principali
570 1265 714 1315 agenti:
758 1258 846 1313 eigo
874 1263 912 1299 in
941 1261 1081 1299 Christi
1109 1262 1240 1299 anima.

111 1320 231 1359 nulla
259 1321 331 1358 fuit
360 1319 569 1358 necessaria
598 1316 802 1355 habitualis
829 1317 948 1366 gratia
965 1341 975 1352 .

171 1373 265 1419 341.
296 1372 432 1425 Resp.‚
470 1371 745 1409 humanitatem
774 1368 915 1407 Christi
958 1369 1073 1406 fuisse
1103 1368 1238 1406 instru-

112 1435 290 1467 mentum
309 1427 519 1464 divinitatis
540 1455 551 1473 ,
581 1437 656 1463 non
671 1424 870 1471 inanime,
900 1422 1001 1474 quod
1031 1421 1235 1460 nullomo-

113 1480 164 1518 do
192 1480 298 1532 agit,
335 1479 399 1517 sed
425 1479 552 1518 solum
581 1480 731 1530 agitur3
777 1477 841 1514 sed
871 1477 1165 1515 instrumentum
1195 1490 1235 1513 a·

109 1534 222 1572 nima
250 1532 426 1571 rationali
457 1532 692 1584 praeditum,
735 1531 837 1582 quod
874 1530 1033 1582 proinde
1061 1533 1119 1567 ita
1147 1534 1235 1582 agi-

84 1611 91 1618 ·
115 1595 210 1635 tur,
239 1585 343 1639 quod
370 1589 498 1625 etiam
527 1589 612 1638 agit
629 1600 645 1630 ;
675 1593 714 1621 ut
743 1584 784 1622 S.
801 1583 943 1622 Doctor
972 1583 1141 1636 loquitur
1170 1584 1234 1622 hic

113 1641 165 1677 ad
195 1640 234 1678 3.
263 1639 369 1678 Vide
391 1653 476 1691 sup.
505 1652 615 1677 num.
644 1637 739 1676 685.
1126 1659 1135 1667 ·

177 1692 272 1737 542.
300 1690 394 1741 Ohj.
423 1692 559 1729 tertio.
602 1692 736 1729 Gratia
771 1703 930 1741 operans
960 1699 1012 1726 est
1041 1688 1135 1738 illa,
1165 1698 1234 1742 pet·

117 1759 239 1797 quam
267 1744 498 1795 justificatur
528 1744 699 1795 impius,
730 1752 769 1780 ut
799 1757 842 1780 ex
872 1743 912 1781 S.
946 1744 1154 1794 Augustino
1168 1745 1234 1780 do-

115 1807 178 1838 cet
196 1798 358 1836 Sanctus
372 1797 542 1836 Thomas
567 1810 601 1834 ι.
633 1809 670 1835 2.
699 1806 838 1847 quaest.
864 1809 950 1833 ιιι.
980 1804 1050 1834 art.
1083 1810 1119 1835 2.
1150 1796 1235 1835 haec

112 1861 243 1891 autem
275 1851 402 1890 locum
433 1852 472 1889 in
492 1849 641 1889 Christo
669 1849 898 1888 haberenou
929 1851 1077 1901 potuit,
1105 1851 1236 1901 inquo

112 1904 270 1943 nullum
302 1918 473 1957 unquam
505 1904 576 1941 fuit
604 1912 826 1955 peccatum:
857 1914 946 1953 ergo
974 1902 1047 1939 &c.

171 1957 264 2003 543.
295 1956 408 2010 Resp.
437 1971 527 1995 cum
556 1956 598 1994 S.
629 1956 780 1994 Thoma
822 1955 890 1992 hac
929 1963 1064 2004 quaest.
1097 1967 1132 2004 7.
1161 1961 1235 1992 art.

112 2024 158 2064 9.
186 2012 233 2049 ad
252 2025 288 2049 2.
310 2040 337 2058 „
357 2011 459 2062 quod
487 2010 535 2047 ad
561 2010 722 2059 gratiam
750 2015 972 2059 operantem
1003 2020 1070 2058 per
1090 2021 1128 2044 se
1150 2021 1235 2058 per-

114 2092 146 2114 „
173 2066 267 2103 tinet
296 2065 424 2100 facere
451 2062 624 2113 justum3
653 2061 716 2098 sed
745 2061 847 2112 quod
875 2059 1020 2109 justum
1054 2060 1167 2096 faciat
1188 2071 1233 2096 ex

114 2144 144 2165 2,
174 2115 324 2168 impio,
357 2115 427 2152 hoc
457 2114 596 2151 accidit
625 2115 660 2149 ei
691 2121 856 2162 exparte
886 2110 1070 2159 subjecti,
1102 2112 1234 2162 inquo

114 2186 145 2216 5,
173 2175 378 2218 peoeatum
406 2165 627 2202 invenitur.
658 2163 798 2201 Anima
819 2164 933 2214 igitur
952 2162 1090 2201 Christi
1121 2163 1233 2214 justi-

114 2238 146 2268 ·‚,
175 2219 288 2257 ficata
317 2226 370 2256 est
398 2230 466 2269 per
506 2218 669 2267 gratiam
711 2226 960 2268 operantem,
1003 2218 1233 2269 inquantum

113 2301 145 2322 3,
174 2285 244 2324 per
273 2285 356 2309 eam
386 2271 488 2309 facta.
516 2277 568 2307 est
602 2269 730 2320 justa,
773 2269 807 2306 8¹:
836 2279 963 2307 sancta
994 2284 1015 2306 a
1045 2271 1236 2322 principio

114 2354 144 2375 ,,
173 2339 251 2364 suae
280 2324 538 2376 conceptionis
558 2353 568 2370 ‚
611 2335 684 2360 non
713 2323 928 2374 quod‘ante
957 2324 1072 2362 fuerit
1101 2338 1235 2376 pecca-

117 2407 147 2428 „
178 2381 278 2427 trix,
307 2386 371 2415 aut
399 2379 514 2416 etiam
543 2389 616 2414 non
646 2375 744 2426 justa
765 2379 791 2398 ‘⁶
815 2378 878 2428 (a)
898 2403 908 2414 .

172 2431 266 2477 544.
295 2431 473 2469 Ceterum¹
502 2431 542 2468 in
571 2429 642 2467 hac
672 2430 829 2468 veritate
857 2429 1096 2479 confitenda,
1135 2432 1234 2469 mire

113 2483 245 2524 Sancti
275 2484 401 2523 Patres
430 2487 527 2522 inter
554 2497 592 2520 se
619 2485 887 2531 consentiunt,
916 2496 1081 2536 quorum
1112 2484 1234 2537 aliqui

113 2538 214 2577 hene
242 2547 399 2587 notant,
442 2537 724 2590 plenitudinem
767 2539 898 2589 gratiae
930 2538 1013 2574 ideo
1041 2536 1235 2575 Christum

116 2600 160 2629 ut
189 2591 384 2630 hominem
414 2592 604 2643 accepisse
622 2620 631 2638 ,
661 2591 754 2641 quia
784 2605 867 2628 eam
901 2599 938 2627 ut
968 2590 1072 2628 Deus
1100 2591 1173 2628 sibi
1205 2593 1235 2629 i-

116 2645 179 2696 psi
208 2645 338 2684 dedit.
380 2644 470 2695 Ipse
505 2653 564 2682 esc
607 2648 745 2692 enim,
792 2645 917 2696 inquit
947 2643 1168 2695 Fulgentius
1198 2646 1236 2682 in

117 2709 221 2750 resp.
251 2699 298 2736 ad
323 2699 361 2737 3.
393 2699 574 2737 Ferrandi
606 2699 844 2749 interrogat„
873 2701 938 2748 qui
967 2697 1035 2734 ‹lat
1067 2700 1081 2747 (
1113 2697 1235 2749 Spiri-

118 2757 203 2788 tum
231 2751 270 2800 )‚
300 2755 381 2802 ipse
411 2761 490 2800 est,
519 2755 583 2802 qui
612 2755 780 2801 accipit:
810 2749 863 2788 Et
893 2754 985 2801 quia
1013 2761 1148 2800 potens
1178 2759 1237 2788 est

119 2801 178 2839 ad
206 2815 441 2843 mensuram
471 2804 591 2851 dare,
624 2803 710 2842 ialeo
738 2818 820 2842 non
846 2809 965 2853 potuit
993 2804 1047 2842 ad
1076 2817 1235 2841 mensu-

117 2867 215 2893 ram
230 2860 413 2908 accipere
427 2884 450 2907 .,
468 2857 516 2896 In
533 2856 682 2910 forma
702 2862 811 2896 enim
826 2857 904 2896 Dei
918 2871 1093 2897 manens
1109 2888 1120 2906 ‚
1149 2857 1234 2909 Spi-

177 3004 226 3039 (ss)
252 3000 287 3034 S.
314 3000 470 3035 'Thomas
496 3002 530 3035 in
558 3003 633 3037 loco
663 3005 771 3038 citato
801 3015 829 3038 r.
858 3014 888 3037 2.
915 3004 1063 3048 gratiam
1099 3016 1241 3047 operan-

118 3054 185 3080 tem
210 3045 404 3091 dupliciter
429 3048 576 3093 intelligi
595 3061 692 3093 posse
717 3050 842 3091 docet,
869 3063 940 3084 nno
963 3051 1062 3084 modo
1079 3049 1237 3083 divinum

123 3092 328 3133 auxilium,
347 3093 440 3138 quod
458 3107 519 3127 nos
533 3105 648 3128 movet
667 3096 710 3130 ad
727 3098 814 3131 bene
841 3096 1026 3131 volendum
1040 3119 1050 3137 ‚
1075 3100 1106 3128 &
1134 3107 1238 3140 agen-

122 3137 236 3178 dnm3
271 3150 347 3182 quo
366 3151 467 3173 sensu
493 3143 724 3175 communiter·
747 3145 900 3178 sumitur
924 3145 1038 3188 gratia
1061 3154 1236 3187 operans:

121 3187 193 3218 rtlio
219 3187 321 3218 inodo
356 3186 531 3220 hahittmle
565 3188 686 3220 donum
725 3192 824 3224 nobis
860 3193 1026 3225 dit-initus
1063 3191 1234 3222 inditum.

123 3231 171 3265 Et
197 3230 239 3264 de
263 3232 381 3276 gratia
403 3232 576 3267 habituali
600 3233 666 3268 hoc
679 3246 781 3268 sensu
805 3245 949 3281 accepta
972 3238 1021 3271 ita
1035 3234 1231 3271 concludit:

2267 6 2358 59 aa·

1297 87 1417 118 ritum
1437 80 1508 118 dat
1526 96 1536 126 3
1554 79 1746 132 formam
1766 80 1866 117 servi
1881 80 2105 130 accipiens,
2133 78 2324 130 Spiritum
2344 96 2415 120 ac-

1295 139 1385 186 cipit
1406 149 1419 179 ‚·
1448 133 1517 172 sed
1546 138 1640 184 quia
1669 138 1752 185 ipse
1767 132 1822 171 ad
1841 146 2075 172 mensurum
2105 132 2198 183 dat,
2227 134 2315 174 ideo
2333 148 2417 173 non

1297 189 1351 226 ad
1380 191 1773 237 mensummaccipit
1792 214 1803 227 .
1833 186 1895 225 Ad
1924 201 2160 227 mensuram
2188 193 2327 239 quippe
2341 189 2415 228 dat:

1297 243 1432 280 multis
1488 242 1556 279 'liis
1579 255 1588 285 ;
1632 240 1701 278 sed
1732 254 1811 278 non
1839 241 1894 278 ad
1923 254 2160 281 mensuram
2188 246 2344 293 accepit
2372 257 2418 281 u-

1297 300 1410 333 nicus
1468 293 1590 338 ‘ilium
1617 298 1712 344 quta,
1740 299 1796 332 sic
1825 304 1882 333 est
1912 308 2023 334 verus
2052 294 2190 341 homo,
2220 305 2260 333 ut
2288 301 2337 335 sit
2353 311 2414 336 ve-

1297 363 1366 386 rus
1395 347 1533 386 Deus.
1576 347 1622 385 Et
1654 350 1775 400 reipsa
1805 358 1945 387 tautam
1986 350 2129 388 animae
2157 348 2300 389 Christi
2329 351 2415 392 dari

1296 403 1459 454 gratiam
1490 401 1745 452 congruebat,
1786 412 1971 453 quantum
2012 415 2151 454 capere
2179 412 2300 454 posset
2329 419 2415 444 ma-

1296 469 1465 494 xtmam.

1351 510 1513 556 Quaeres
1542 509 1692 559 primo,
1721 521 1768 546 an
1798 506 1883 545 haec
1912 507 2106 559 plenitudo
2134 508 2295 561 gratiae,
2323 524 2416 562 quae

1298 566 1451 616 ponitur
1481 565 1520 600 in
1550 561 1725 609 Christo,
1755 561 1945 613 significet
1972 564 2133 613 gratiam
2164 561 2389 602 infinitam?

1352 618 1443 662 545.
1474 615 1594 665 Negat
1623 614 1664 652 S.
1681 614 1850 653 Thomas
1879 614 1950 653 hac
1970 630 2036 668 qu.
2061 630 2096 666 7.
2126 626 2197 655 art.
2219 630 2279 656 ιι.
2298 618 2418 670 quia,

1297 679 1339 708 ut
1366 671 1506 708 dicitur
1535 670 1626 720 Sap.
1658 668 1726 707 Xl.
1760 682 1822 707 21.
1841 698 1851 717 ,
1896 668 1999 707 Deus
2027 673 2167 708 omm'a
2205 675 2247 709 in
2275 684 2417 709 nume-

1298 736 1341 761 ro
1358 754 1368 771 ,
1397 722 1597 774 pondere,
1626 723 1675 762 (ν
1706 735 1899 760 mensura.
1927 722 2113 775 disposuit
2134 750 2145 761 .
2175 724 2246 762 Pro
2274 724 2416 776 majori

1299 787 1425 815 autem
1455 777 1675 828 quaestionis
1693 776 1966 814 dilucidatione
1985 777 2161 815 observat
2177 806 2188 825 ,
2216 778 2418 830 duplicem

1298 831 1338 868 in
1368 830 1520 867 Christo
1547 830 1709 881 gratiam
1738 830 1945 880 distingui.
1989 830 2076 869 Una
2105 832 2211 869 enim
2241 842 2292 869 est
2350 845 2418 869 ra-

1301 888 1359 922 tia
1389 887 1545 920 unionis
1573 882 1794 935 personalis
1813 896 1902 920 cum
1933 893 2067 923 natura
2082 884 2243 930 divina3
2272 884 2305 921 ἃ
2335 898 2420 922 tanc

1301 939 1462 990 gratiam
1493 945 1634 974 constat
1663 950 1742 974 esse
1772 935 1960 974 infinitam
1980 963 1991 975 .
2022 938 2110 975 Alia
2139 951 2227 975 vero
2254 947 2306 975 est
2334 952 2421 989 gra-

1303 993 1356 1029 tia
1387 989 1620 1038 habitualis,
1663 1003 1752 1042 quat
1782 992 1922 1028 iterum
1952 999 2069 1042 potest
2096 990 2301 1041 dupliciter
2331 1005 2423 1030 con-

1303 1044 1487 1083 siderari:
1530 1056 1607 1080 uno
1637 1043 1782 1091 modo,
1813 1052 1923 1096 prout
1952 1053 2005 1082 est
2033 1044 2226 1097 quoddam
2256 1058 2318 1082 ens
2340 1060 2355 1089 ‚·
2385 1045 2420 1082 δε

1302 1099 1356 1136 sic
1386 1105 1554 1150 oportet,
1597 1098 1758 1148 gratiam
1789 1099 1928 1135 animae
1958 1097 2098 1136 Christi
2133 1111 2210 1136 esse
2239 1098 2388 1136 finitam
2407 1127 2419 1147 ‚

1307 1165 1432 1203 neque
1461 1153 1564 1189 enim
1595 1152 1725 1188 anima
1739 1149 1880 1187 Christi
1907 1164 2027 1201 capax
2057 1160 2136 1189 erat
2165 1153 2258 1189 entis
2289 1152 2420 1189 infini-

1307 1206 1356 1243 ti.
1389 1204 1475 1242 Alto
1504 1203 1620 1241 modo
1650 1211 1766 1255 potest
1782 1203 2011 1241 considerari
2030 1205 2190 1254 gratiam
2207 1205 2421 1242 secundum

1307 1273 1415 1297 suam
1447 1259 1642 1311 propriam
1687 1250 1902 1303 rationem3
1949 1257 1999 1297 <9¹
2028 1260 2083 1294 sic
2111 1261 2247 1308 grana
2279 1255 2423 1294 Christi·

1306 1321 1433 1363 potest
1463 1312 1540 1350 <lici
1569 1310 1730 1364 infinita
1751 1326 1766 1355 ,-
1795 1311 1887 1362 quia
1915 1311 2059 1348 scilicet
2090 1309 2201 1348 habet
2230 1311 2422 1363 quidquid

1308 1375 1426 1417 potest
1457 1367 1644 1418 pertinere
1673 1365 1717 1403 ad
1742 1365 1923 1401 rationem
1952 1365 2083 1415 gratiae
2103 1393 2113 1411 ,
2144 1363 2177 1400 &
2207 1377 2281 1402 non
2311 1365 2424 1402 datur

1308 1422 1343 1458 ei
1372 1421 1579 1458 secundum
1609 1417 1781 1470 aliquam
1803 1428 1944 1455 certam
1975 1430 2192 1455 mensuram
2224 1418 2289 1464 id,
2318 1416 2423 1469 quod

1303 1475 1350 1512 ad
1389 1476 1571 1512 rationem
1607 1474 1741 1524 gratiae
1785 1473 1970 1523 pertinet.
2013 1471 2122 1509 Sicut
2151 1471 2181 1508 si
2218 1470 2421 1519 dicamus,

1303 1527 1431 1566 lucem
1460 1528 1548 1565 solis
1576 1539 1650 1564 esse
1673 1525 1861 1564 infinitam
1880 1555 1890 1572 ‚
1921 1538 1992 1563 non
2021 1524 2178 1577 quidem
2207 1524 2421 1563 secundum

1301 1595 1414 1620 suum
1443 1596 1548 1628 esse,
1590 1579 1654 1619 sed
1683 1580 1893 1618 secundum
1938 1579 2124 1617 rationem
2161 1577 2284 1625 lucis,
2327 1578 2420 1629 quia

1302 1634 1415 1673 habet
1444 1635 1633 1687 quidquid
1663 1634 1708 1671 ad
1728 1635 1909 1671 rationem
1940 1631 2035 1670 lucis
2066 1633 2253 1683 pertinere
2284 1640 2423 1680 potest.

1357 1688 1448 1734 546.
1477 1688 1666 1734 Quamvis
1694 1696 1821 1723 autem
1848 1686 1969 1736 gratia
1998 1685 2143 1721 aniinae
2170 1682 2313 1721 Christi
2343 1697 2420 1721 non

1303 1742 1417 1780 suerit
1449 1742 1626 1785 infinita,
1670 1748 1709 1776 ut
1740 1750 1826 1774 mox
1865 1735 2099 1788 explicatum
2129 1746 2209 1783 est,
2248 1750 2335 1775 vere
2364 1746 2419 1774 ta-

1303 1809 1391 1832 mon
1421 1795 1526 1831 docet
1555 1793 1595 1830 S.
1617 1791 1786 1828 Thomas
1815 1799 1886 1828 art.
1918 1802 2008 1835 22.,
2038 1804 2122 1826 eam
2153 1803 2225 1827 non
2256 1791 2420 1840 potuisse

1302 1848 1462 1896 augeri,
1499 1858 1624 1897 neque
1665 1857 1710 1881 ex
1739 1853 1845 1895 parte
1876 1844 1992 1893 ipsius
2021 1845 2181 1891 gratias,
2219 1855 2343 1894 nepte
2373 1856 2420 1882 ex

1302 1909 1410 1951 parte
1438 1898 1601 1950 subjecti
1631 1897 1800 1935 eamdem
1834 1897 2051 1946 recipientis
2073 1921 2083 1932 .
2122 1895 2206 1934 Non
2237 1910 2280 1933 ex
2311 1906 2419 1948 parte

1304 1954 1423 2004 ipsius
1451 1954 1611 2001 gratiae3
1641 1963 1730 1988 cum
1751 1949 1854 1985 enim
1873 1948 1956 1985 finis
1985 1950 2119 1999 gratiae
2149 1951 2298 1988 situum
2314 1965 2421 1989 crea·

1303 2015 1399 2042 turae
1431 2003 1623 2041 rationalis
1652 2003 1698 2040 ad
1731 2002 1885 2050 Deum,
1915 2015 1988 2040 non
2019 2012 2130 2054 possit
2159 2014 2285 2041 antem
2317 2018 2420 2052 esse,

1301 2067 1366 2094 aut
1408 2057 1572 2108 intelligi
1616 2056 1741 2107 major
1785 2056 1874 2108 unio
1915 2066 2099 2093 creaturae
2145 2056 2335 2095 rationalis
2371 2058 2421 2096 ad

1302 2111 1459 2159 Deum,
1503 2123 1620 2162 quam
1649 2123 1738 2162 quae
1782 2109 1902 2147 estin
1943 2122 2127 2160 persona,
2171 2110 2255 2147 ideo
2295 2113 2417 2161 gratia

1301 2164 1441 2202 Christi
1485 2165 1665 2216 pertingit
1695 2164 1741 2201 ad
1771 2177 1963 2201 suminam
2007 2177 2227 2202 ittensuram
2255 2167 2416 2215 gratias.

1303 2216 1438 2270 Neque
1467 2219 1596 2269 augeri
1628 2226 1744 2269 potest
1766 2214 1815 2254 'ex
1849 2226 1953 2268 parte
1973 2216 2163 2266 subjecti,
2193 2219 2285 2270 quia
2307 2218 2418 2255 Chri-

1303 2281 1379 2309 stus
1409 2271 1616 2308 secundum
1645 2271 1750 2322 quod,
1778 2270 1892 2307 homo
1913 2301 1924 2318 ,
1953 2285 1975 2308 a
2006 2272 2130 2322 primo
2161 2272 2310 2309 instanti
2339 2284 2418 2309 suae

1302 2326 1558 2376 conceptionis
1588 2325 1661 2361 fuit
1691 2336 1829 2371 verus,
1874 2323 1907 2360 8<
1939 2324 2072 2376 plenus
2099 2323 2420 2376 comprehensor:

1303 2379 1488 2416 unrlenon
1504 2380 1625 2430 potuit
1655 2379 1694 2416 in
1723 2390 1766 2415 eo
1796 2391 1870 2416 esse
1890 2380 2021 2428 gratim
2043 2388 2312 2428 augmentum,
2343 2379 2416 2414 sic-

1302 2441 1343 2469 ut
1372 2445 1439 2470 nec
1469 2434 1509 2469 iu
1535 2432 1622 2470 aliis
1654 2431 1802 2481 beatis,
1843 2444 2007 2482 quorum
2037 2433 2156 2482 gratia
2185 2431 2313 2481 augeri
2345 2443 2419 2470 nou

1304 2493 1447 2536 potest,
1485 2487 1577 2536 quia
1605 2494 1689 2523 suut
1718 2486 1756 2522 in
1798 2486 1988 2522 termino.
2033 2484 2119 2521 Alia
2150 2494 2199 2520 est
2233 2494 2324 2521 ratio
2353 2483 2422 2521 ho-

1303 2539 1485 2586 minum,
1514 2540 1580 2590 qui
1611 2547 1807 2586 suntpure
1835 2539 2021 2581 viatores;
2054 2539 2091 2575 in
2125 2538 2168 2574 iis
2199 2538 2302 2573 enim
2332 2549 2419 2589 gra-

1303 2593 1355 2628 tia
1386 2601 1502 2642 potest
1531 2593 1689 2642 augeri,
1719 2591 1753 2627 ὰ
1783 2604 1825 2628 ex
1844 2600 1949 2642 parte
1967 2592 2122 2637 formae,
2150 2592 2242 2642 quia
2273 2599 2418 2628 nonat-

1305 2646 1454 2694 tingunt
1483 2658 1678 2682 summum
1700 2646 1832 2695 gratiae
1862 2645 2045 2695 gradum;
2076 2642 2169 2680 &ex
2202 2653 2306 2696 parte
2328 2643 2418 2683 sub·

1302 2697 1392 2749 jecti
1412 2727 1425 2744 ‚
1452 2698 1543 2750 quia
1572 2698 1740 2736 nondum
1773 2707 2024 2748 pervenerunt
2053 2697 2099 2734 ad
2130 2699 2334 2735 terminum
2352 2722 2363 2735 .

1359 2750 1450 2801 547.
1484 2751 1582 2788 Hinc
1612 2759 1735 2801 patet,
1767 2752 1926 2802 impiam
1946 2781 1955 2797 ,
1987 2750 2019 2786 ἃ
2040 2750 2293 2788 execrabilem
2325 2750 2418 2788 fuis-

1300 2803 1464 2842 seillam
1480 2805 1643 2842 Nestorii
1673 2804 1908 2851 doctrinam,
1936 2802 2130 2841 Christum
2153 2804 2298 2842 nonnisi
2321 2817 2416 2855 pau-

1301 2857 1415 2896 latim
1440 2866 1625 2896 crescente
1663 2866 1771 2895 aetate
1792 2887 1802 2906 ,
1844 2871 1888 2895 ac
1918 2858 2100 2894 virtutum
2144 2870 2341 2910 progressu
2370 2856 2417 2895 ad

2275 2923 2361 2962 gra-

1309 3025 1335 3044 „
1360 2998 1421 3037 Sic'
1442 3003 1549 3048 igitur
1574 3002 1764 3036 habitualis
1789 3003 1902 3047 gratia
1919 3025 1928 3043 ‚
1955 3002 2162 3046 inquantum
2188 3002 2338 3036 animam
2358 3013 2410 3033 sa-

1307 3072 1333 3091 ,‚
1360 3059 1444 3089 nat,
1471 3050 1525 3081 vel
1548 3049 1719 3093 justificat
1737 3071 1746 3089 ,
1773 3051 1843 3082 sive
1869 3058 2005 3092 gratam
2032 3049 2105 3082 Deo
2128 3050 2209 3082 facit
2233 3071 2242 3088 ,
2280 3047 2410 3079 dicitur

1305 3118 1332 3136 ‚,
1357 3101 1472 3140 gratia
1496 3108 1667 3138 operans:
1703 3096 1910 3139 inquantum
1935 3107 2019 3129 vero
2055 3104 2105 3128 est
2139 3094 2346 3139 principium
2370 3103 2409 3123 0·

1305 3163 1330 3183 ‚,
1356 3143 1447 3186 peris
1474 3143 1670 3180 meritorii,
1711 3140 1802 3185 quod
1828 3153 1869 3175 ex
1896 3142 2007 3176 libero
2042 3142 2189 3175 arbitr-io
2224 3136 2376 3183 prone-iit
2398 3157 2408 3175 ‚

1303 3209 1328 3228 ,‚
1354 3187 1484 3221 ‹licitur-
1511 3201 1715 3233 cooperans.
1741 3192 1766 3211 “
1801 3187 1867 3221 Sed
1891 3187 1932 3222 de
1966 3189 2021 3221 his
2047 3189 2082 3221 in
2110 3188 2219 3220 'l‘otno
2251 3183 2410 3227 proxime

1301 3235 1481 3279 sequenti.
