2583 3685
789 43 868 88 DE
906 43 1198 87 INDlSSOL.
1235 43 1472 88 UNIONE
1509 46 1775 100 HYPOST.
2311 54 2391 95 165

155 127 226 165 ctis
240 125 413 167 Patribus
427 125 668 176 depromptas
690 124 794 162 Lect.
814 126 877 162 111.
910 124 1034 162 Prima
1066 134 1142 173 est,
1173 125 1273 174 quod

158 179 361 232 Apostolus
389 177 568 231 loquatur
598 190 671 216 non
701 179 747 216 de
777 191 936 230 person-1
956 178 1120 225 Christi,
1151 177 1273 215 setlde

157 233 274 286 ipsius
302 243 479 284 corpore,
523 232 624 284 quod
654 241 705 269 est
735 232 934 275 Ecclesia3
980 241 1017 269 ut
1046 244 1173 269 sensus
1202 232 1270 268 sit:

159 313 186 335 „
215 282 314 321 Cum
333 284 572 334 tradiderit,
606 285 698 324 idest
730 286 1120 337 perduxeritreguuin
1138 312 1148 330 ,
1179 284 1271 320 idest

157 364 183 386 „
211 334 343 376 fideles
371 352 482 385 suos,
530 351 626 391 quos
656 340 813 391 proprio
841 338 1023 389 sanguine
1068 338 1270 387 acquisivsst

154 417 184 438 „
214 388 289 441 Ap.
312 392 349 430 5.
365 406 405 444 ς).
436 392 653 432 Reclemisti
681 405 754 429 nos
772 391 856 430 Deo
870 397 911 428 in
932 393 1129 442 sanguine
1148 397 1215 425 tuo

158 471 186 491 „
215 442 266 484 (9⁶
315 450 423 485 ecisti
453 460 524 485 nos
553 445 642 484 Deo
670 455 804 483 nostro
832 456 1000 496 regnum
1022 467 1094 480 .....
1115 440 1189 478 Sed
1218 443 1272 479 sic

158 523 186 546 ,‚
213 505 270 536 tra
299 507 359 548 et,
403 509 442 538 ut
469 500 544 540 sibi
572 513 646 539 non
689 499 860 545 adimat,
903 497 1023 534 immo
1052 496 1132 546 ipse
1174 507 1271 532 unus

154 578 182 598 „
212 549 318 590 Deus
347 567 435 592 cum
466 553 601 602 Patre,
631 553 665 589 &
685 552 823 590 Sancto
841 549 989 602 Spiritu
1020 546 1220 597 regnabit.
1242 552 1269 570 ‘³

208 603 302 650 461.
334 606 463 646 Altera
503 607 686 658 expositio
727 613 779 642 est
820 615 866 640 ex
894 601 1032 640 Sancto
1061 601 1270 651 Augustino

155 666 327 698 mutuata
357 660 395 699 in
412 661 531 700 Libro
550 659 616 699 83.
646 658 898 711 quaestionum
918 660 1055 706 quaest.
1072 653 1137 705 69.
1170 655 1270 692 Cum

153 710 364 750 tradiderit
401 727 568 761 regnum
600 712 714 759 Deo,
755 709 806 750 (9⁵
836 707 976 756 Patri,
998 707 1138 754 „idest
1178 722 1268 746 cuin

154 793 180 813 ,‚
209 766 399 816 ostendet,
430 768 556 806 Deum
585 764 734 803 Patrem
763 774 948 811 regnare.
997 761 1039 798 ln
1069 761 1268 813 Scriptura

155 846 182 866 „
212 821 313 857 enim
344 828 431 859 tunc
459 821 637 859 dicuntur
664 815 795 869 aliqua
815 813 928 862 fieri,
957 814 1111 866 quando
1143 816 1268 864 primo

152 899 178 920 ‚,
207 872 472 920 innotescunt,
514 873 548 910 δι
578 869 799 921 hujusmodi
829 869 1099 906 innotescentia.
1127 867 1171 906 fit
1200 883 1268 919 per

153 953 181 973 „
208 923 404 964 Christum
421 951 433 962 .
453 927 480 947 ‘⁶
504 921 653 963 Tradet
682 936 777 976 ergo
805 934 974 974 regnum
992 951 1002 969 ,
1033 922 1159 974 inquit
1189 922 1267 960 Au·

149 979 347 1028 gustinus,
377 976 467 1016 Deo
494 977 544 1019 ἔθ’
573 977 712 1026 Patri,
742 989 833 1014 cum
861 988 930 1024 per
959 975 1067 1013 illum
1098 986 1166 1026 per
1180 988 1266 1024 spe-

149 1033 252 1068 ciem
267 1038 525 1083 cognoscetur
545 1031 669 1070 Pater
683 1056 694 1068 .
718 1028 901 1081 Regnum
923 1032 1030 1067 enim
1048 1029 1134 1081 ejus
1148 1037 1239 1066 sunt
1253 1059 1266 1079 ‚

148 1085 192 1120 in
219 1081 354 1132 quibus
382 1098 490 1122 nunc
517 1093 660 1137 regunt
686 1095 756 1133 per
772 1081 906 1135 fiilem
924 1108 934 1120 .

199 1134 295 1182 462.
322 1136 454 1175 Verba
482 1146 609 1176 autem
646 1136 934 1189 subsequentia:
980 1134 1145 1186 Oportet
1174 1148 1267 1174 eum

150 1201 325 1242 regnare
345 1220 356 1238 ‚
386 1189 511 1228 donec:
539 1199 663 1242 ponat
693 1192 876 1227 inimicos
893 1201 984 1226 suos
1011 1187 1079 1225 sub
1106 1188 1266 1238 pedibus

145 1243 233 1294 ejus
248 1272 259 1290 ‚
289 1244 340 1281 ita
359 1241 400 1281 S.
422 1243 563 1282 Doctor
594 1243 823 1294 Augustinus
854 1244 1143 1294 interpretatur:
1164 1272 1190 1291 ,‚
1211 1243 1265 1280 O·

147 1325 174 1346 „
205 1303 323 1348 portet
352 1309 512 1348 regnum
543 1296 624 1347 ejus
654 1299 694 1335 in
724 1305 873 1334 tantum
904 1295 1168 1343 manifestari,
1198 1296 1265 1334 do-

147 1376 173 1398 „
201 1361 271 1387 nec
298 1361 428 1388 omnes
471 1350 622 1389 inimici
651 1349 734 1401 ejus
764 1350 774 1386 i
807 1363 892 1387 sum
921 1363 1079 1401 regnare
1121 1350 1266 1389 fatean-

148 1431 174 1449 ‚,
203 1401 466 1441 tur:“1llam
498 1416 588 1441 vcro
633 1364 865 1455 particulam
913 1402 1038 1441 donec
1067 1415 1141 1441 non
1185 1403 1265 1441 vult

145 1455 196 1492 ita
225 1453 416 1506 intelligi,
459 1460 574 1506 quasi
605 1469 696 1494 cum
737 1460 906 1506 posuerit
950 1459 1132 1494 inimicos
1174 1469 1265 1494 suos

144 1505 214 1545 sul>
240 1505 399 1556 pedibus
427 1513 508 1547 suis
527 1539 538 1556 ‚
567 1523 648 1547 non
663 1514 712 1548 sit
738 1518 878 1558 postea
892 1518 1159 1560 regnaturus.
1188 1510 1264 1548 Ne-

145 1573 221 1612 que
248 1562 353 1599 enim
383 1561 574 1613 particula
603 1562 727 1601 donec
745 1571 894 1614 semper
914 1563 1095 1615 exprimit
1125 1562 1264 1612 finem,

144 1627 210 1652 seu
246 1615 490 1654 cessationem
509 1645 520 1664 ,
563 1615 628 1654 sed
658 1629 949 1668 nonnumquam
994 1625 1198 1668 usurpatur
1227 1631 1265 1654 e-

146 1668 242 1704 tiam
269 1667 316 1705 de
345 1667 458 1708 rebus
474 1699 485 1717 ‚
515 1682 603 1721 quse
623 1669 749 1707 adhuc
767 1669 996 1720 perdurant3
1026 1679 1067 1706 nt
1094 1683 1185 1707 cum
1206 1670 1264 1708 di-

145 1720 245 1758 citui·
285 1719 325 1758 in
353 1719 505 1759 Psalmo
532 1721 753 1760 CXXXIII.
785 1721 900 1759 Oculi
928 1725 1053 1759 nostri
1096 1722 1151 1760 ad
1179 1721 1262 1761 Do-

145 1775 302 1810 minum
329 1769 466 1812 Deum
507 1783 716 1823 nostrum,
758 1772 883 1812 donec
925 1778 1166 1813 misereatur
1193 1789 1264 1814 no·

146 1829 246 1873 stri,
273 1837 351 1864 non
367 1826 602 1878 significatur
616 1858 628 1877 ,
642 1837 725 1880 post
744 1827 936 1866 obtentam
958 1829 1261 1867 misericordiam

146 1877 276 1917 oculos
304 1887 444 1918 nostros
471 1880 610 1919 debere
637 1881 756 1919 aDeo
784 1882 933 1919 averti.
962 1880 1011 1918 Et
1037 1879 1160 1918 multo
1175 1881 1260 1933 plu-

142 1945 188 1971 ra
214 1931 359 1972 similia
387 1933 565 1987 exempla
594 1946 639 1972 ex
659 1934 784 1972 ,sacris
818 1933 954 1972 litteris
982 1932 1263 1972 afferre-facile

143 1993 239 2025 esset
254 2011 266 2024 .

511 2037 815 2078 PROPOSITIO
844 2038 894 2077 ΙΙ.

185 2142 413 2192 Divinitas,
443 2157 569 2195 neque
597 2158 626 2182 a
654 2157 808 2191 carne,
837 2156 964 2193 neque
992 2143 1043 2180 ab
1071 2146 1217 2181 anima

261 2195 404 2234 Christi
431 2200 474 2232 in
501 2196 631 2234 triduo
658 2195 799 2234 mortis
827 2204 1023 2245 separata
1038 2194 1153 2246 fuit.

195 2298 290 2345 465.
304 2276 501 2343 Primam
531 2299 647 2352 hujus
675 2301 943 2352 propositionis
983 2310 1130 2355 partem
1174 2315 1260 2355 pro-

139 2351 208 2392 bat
236 2351 445 2406 Angelicus
466 2353 504 2393 5.
523 2352 565 2390 P.
595 2363 731 2406 quaest.
755 2354 818 2392 50.
848 2364 918 2393 art.
955 2367 987 2392 1.
1018 2354 1088 2393 hoc
1118 2355 1260 2394 firmis-

141 2407 241 2444 simo
269 2414 523 2458 argumento.
553 2407 595 2445 ln
616 2406 803 2459 Symbolo
834 2406 1099 2459 Apostolorum
1129 2422 1259 2447 omnes

141 2459 196 2498 ita
226 2459 477 2512 profitemur:
525 2457 650 2497 Credo
671 2486 728 2498 ....
749 2464 789 2497 in
817 2459 953 2498 Jesum
986 2460 1179 2500 Christum
1198 2462 1257 2514 fi-

144 2511 245 2550 lium
273 2515 363 2566 ejus
391 2516 552 2550 unicum
581 2511 802 2551 Dominum
824 2523 1002 2552 nostrum
1019 2544 1029 2562 ,
1074 2518 1138 2566 qui
1165 2528 1257 2553 con-

139 2574 278 2616 ceptus
313 2574 372 2605 est
400 2564 449 2604 de
478 2565 622 2618 Spiritu
651 2565 821 2615 Sancto,
869 2577 989 2605 natus
1031 2580 1084 2605 ex
1113 2567 1257 2606 llIaria

141 2616 335 2670 Virgine,
377 2631 519 2670 passus
548 2619 616 2656 sub
645 2618 784 2658 Pontio
812 2619 968 2669 Pilato,
1005 2620 1223 2674 crucifixus
1243 2652 1254 2671 ‚

139 2681 347 2722 mortuus,
391 2672 440 2714 <9-
469 2673 640 2723 sepultus
655 2688 672 2718 ,-
719 2675 824 2728 atqui
855 2673 1049 2727 sepultum
1077 2688 1152 2713 non
1183 2676 1256 2713 fuit

133 2725 214 2765 nisi
243 2739 382 2780 corpus
409 2726 598 2765 inanime:
628 2740 717 2779 ergo
736 2739 873 2781 corpus
900 2741 977 2768 non
1007 2728 1079 2767 fuit
1107 2742 1128 2767 a
1156 2728 1254 2769 divi·

188 2890 237 2924 (α)
265 2886 314 2920 Ut
340 2887 428 2922 bene
453 2886 604 2923 adverti:
629 2888 792 2923 petavius
820 2891 858 2924 L.
879 2891 958 2925 XII.
985 2890 1041 2925 De
1060 2889 1195 2925 Incarn.
1222 2903 1253 2924 c.

147 2941 202 2975 19.
231 2931 264 2964 in
292 2932 382 2975 fine,
408 2933 480 2968 haec
506 2936 597 2969 ratio
621 2949 639 2969 a
667 2937 701 2969 S.
722 2937 916 2982 Augustino
933 2957 945 2978 ,
970 2939 1117 2983 aliisque
1144 2938 1255 2970 Patri-

140 2976 207 3011 bus
233 2977 360 3018 allata,
391 2979 483 3024 quod
508 2992 630 3026 nempe
654 2981 821 3016 divinitas
847 2996 915 3016 non
952 2984 1056 3018 fuerit
1082 2998 1100 3017 a
1125 2996 1228 3018 carne
1244 3005 1254 3023 ,

143 3026 175 3055 ἀ
203 3023 318 3056 anima
344 3024 531 3068 sejuncta,
566 3028 648 3071 quia
674 3028 836 3063 Christus
873 3029 1002 3065 (licitur
1024 3043 1172 3073 passus,
1212 3034 1254 3062 (Τ

141 3076 314 3109 mortuus,
351 3072 392 3103 (9⁶
419 3074 595 3114 sepultus,
631 3072 800 3109 latissime
836 3084 956 3121 patetj.
999 3077 1062 3110 hoc
1096 3081 1185 3110 enim
1210 3080 1251 3108 (φ’

144 3115 385 3159 ⁵symbolorum
400 3116 496 3159 fidei
523 3119 743 3160 conditores,
781 3125 822 3155 (θ’
848 3127 1057 3156 oecumenicae
1085 3124 1127 3155 S*
1146 3124 1253 3162 nodi,

139 3165 311 3205 ceterique
345 3175 484 3203 omnes,
523 3167 564 3196 <9⁰
589 3168 718 3208 graeci,
751 3168 916 3213 latinique
942 3169 1064 3204 Patres
1104 3163 1250 3202 universi

130 3207 346 3251 profitentur
361 3231 368 3239 .

190 3254 236 3294 (b)
261 3253 382 3291 videri
408 3264 551 3301 possunt
587 3255 656 3291 alia
680 3257 715 3291 S.
740 3257 884 3296 Petrum
919 3262 1118 3300 testimonia
1142 3272 1250 3307 usque

1343 127 1458 162 nitate
1489 136 1729 176 separatum,
1767 126 1861 165 alias
1891 127 2014 166 Filius
2043 128 2115 167 Dei
2145 142 2220 168 non
2251 139 2368 183 posset
2395 131 2454 168 di-

1342 179 1375 214 ci
1407 181 1604 227 sepultus.
1649 178 1834 216 Praectare
1867 182 2098 232 Augustinus
2128 183 2257 222 Tract.
2292 183 2453 222 XLVII.

1340 230 1381 267 ln
1410 231 1542 268 Joanu.
1573 245 1679 268 ttttnt.
1708 231 1766 268 13.
1801 231 1964 283 Utique,
1994 236 2071 283 ait,
2101 236 2300 289 confiteris
2330 241 2456 275 etiam

1340 283 1436 319 illusi
1455 313 1465 330 ,
1494 283 1594 331 quo‘l
1616 282 1725 320 ltalwt
1745 285 1888 321 eadem
1906 287 2017 338 fides
2035 318 2044 336 ,
2075 293 2115 325 ia
2146 304 2235 328 eum
2255 290 2454 328 Christum

1341 343 1378 371 te
1407 335 1590 381 credere,
1621 340 1684 385 qui
1714 339 1928 384 crucifixus
1949 351 2034 388 est,
2062 342 2111 382 Εἴ)
2141 345 2337 392 sepultus.
2377 343 2454 381 Er-

1340 401 1392 439 go
1422 391 1546 424 etiam
1567 389 1759 439 sepultum
1784 390 1976 430 Christum
1997 407 2084 432 esse
2111 408 2190 432 non
2219 410 2347 448 negas
2364 428 2374 445 ‚
2403 398 2454 438 (Ψ

1339 449 1482 478 tamen
1510 441 1597 478 sola
1626 454 1723 480 caro
1766 445 1919 494 sepulta
1949 457 2032 484 est.
2076 447 2119 486 Si
2147 452 2256 486 enim
2286 459 2373 487 erat
2402 450 2452 488 ibi

1337 498 1512 542 anima,
1542 507 1621 531 non.
1651 503 1739 532 erat
1769 506 1944 535 mortuus
1973 501 2059 539 ωε.
2090 502 2153 549 (a)
2172 528 2182 540 .

1390 546 1485 593 464.
1513 547 1691 586 Concinit
1719 549 1761 587 S.
1779 550 1997 600 Fulgentius
2026 554 2064 591 in
2087 555 2258 594 l,ib.111.
2288 555 2336 594 ad
2356 555 2452 594 Tm-

1337 601 1560 639 simunduin
1603 615 1689 654 cap.
1727 601 1786 640 16.
1829 604 2030 655 inquiens:
2076 605 2184 644 Licet
2231 614 2272 646 ιή
2313 608 2454 647 Christi

1337 663 1465 692 morte
1493 667 1661 692 carnem
1705 659 1941 694 morientem
1970 663 2114 696 anima
2143 662 2293 712 suisset
2322 662 2454 700 ‹leser-

1335 716 1455 756 tura‚
1498 707 1682 746 <livinitus
1723 718 1864 747 tamen
1894 709 2036 748 Christi·
2079 726 2152 750 nec
2188 715 2238 752 ab
2281 719 2452 765 anima,

1335 773 1410 798 nec
1439 774 1466 798 a
1496 773 1620 799 carne
1648 765 1767 813 potuit
1798 768 1982 812 separari
2011 776 2215 819 suscepta.
2246 768 2293 806 1⁴3t
2325 771 2362 807 in
2395 783 2453 807 re-

1335 814 1532 865 sponsione
1561 814 1609 852 ad
1645 823 1780 867 quaest.
1825 818 1991 867 primam
2024 818 2234 858 Ferrandi:
2276 821 2451 870 Etiam,

1335 868 1480 919 inquit,
1511 880 1602 905 cum
1630 872 1914 908 interveniente
1943 880 2069 910 morte
2098 877 2243 911 anima
2271 873 2451 913 discessit

1335 932 1364 958 a
1392 933 1518 959 carne
1539 951 1549 968 ‚
1579 921 1856 972 inseparabilis
1884 926 1926 960 in
1959 922 2111 962 Christo
2141 937 2306 979 utraque
2334 937 2453 965 natu-

1334 986 1384 1011 ra
1425 979 1647 1024 permansit
1665 1006 1675 1023 ,
1719 980 1811 1027 quia
1859 989 1933 1014 nee
1971 981 2013 1013 in
2060 978 2219 1029 inferno
2262 985 2450 1019 animam

1334 1040 1481 1074 suam,
1529 1041 1602 1066 nec
1632 1032 1674 1065 in
1702 1030 1879 1080 sepulcro
1907 1042 2076 1069 carnem
2106 1046 2224 1071 suam
2268 1035 2452 1073 diffinitas

1333 1084 1538 1118 immensa
1568 1081 1767 1120 deseruit.

1389 1133 1482 1179 465.
1512 1135 1570 1172 Ex
1592 1134 1766 1172 Patribus
1793 1137 1927 1186 graecis
1958 1147 2095 1189 praesto
2116 1148 2201 1178 sunt
2231 1142 2329 1178 inter
2357 1140 2453 1179 alios

1336 1186 1565 1226 Athanasius
1582 1217 1592 1236 ,
1623 1187 1656 1224 8(
1686 1187 1895 1239 Gregorius
1915 1189 2133 1242 Nyssenus;
2162 1206 2326 1242 quornm
2350 1196 2454 1245 prior

1334 1241 1375 1278 in
1419 1241 1508 1279 Lib.
1540 1241 1570 1279 1.
1599 1240 1647 1279 ile
1685 1240 1973 1280 Incarnatione
2002 1242 2056 1281 I).
2085 1243 2140 1282 N.
2170 1244 2205 1282 J.
2239 1245 2280 1283 C.
2311 1257 2454 1284 contra

1334 1294 1628 1344 Apollinarium
1660 1308 1767 1333 num.
1793 1308 1854 1333 12.
1886 1295 2060 1336 Verbum
2081 1300 2133 1335 ait
2163 1297 2342 1339 habuisse
2369 1313 2452 1338 cat-

1334 1361 1423 1386 nem
1442 1378 1452 1396 ,
1482 1351 1524 1385 in
1553 1361 1632 1400 qua
1660 1352 1919 1398 passionem,
1948 1350 2184 1390 &mortem
2212 1350 2281 1389 sub
2310 1352 2452 1391 huma-

1333 1413 1390 1438 na
1422 1399 1569 1452 forma
1598 1405 1839 1452 susciperet,
1885 1403 1936 1442 (9‘
1966 1416 2088 1454 usque
2116 1404 2171 1441 acl
2198 1403 2422 1454 sepulcrum
2441 1436 2451 1453 ‚

1333 1455 1383 1494 (9·
1412 1453 1619 1506 infernum
1647 1454 1924 1493 descenderet.
1968 1456 2017 1494 Et
2047 1458 2134 1495 Lib.
2166 1458 2212 1495 II.
2244 1472 2352 1497 nuru.
2390 1461 2452 1505 η’.

1334 1507 1526 1546 Deitatem
1555 1509 1708 1561 inquit,
1738 1522 1864 1559 neque
1893 1521 2032 1561 corpus
2061 1515 2103 1547 in
2132 1516 2311 1560 sepulcro
2340 1513 2451 1550 <lme-

1332 1566 1479 1610 ruisse,
1521 1573 1646 1612 neque
1675 1560 1726 1600 ab
1755 1566 1900 1600 anima
1928 1567 1970 1600 in
2011 1565 2151 1615 inseris
2179 1575 2416 1614 separatam
2440 1593 2450 1603 .

1333 1615 1542 1665 Gregorius
1555 1625 1682 1653 autem
1700 1615 1893 1667 Nyssenus
1914 1615 2002 1653 Lib.
2025 1617 2054 1653 I.
2084 1627 2185 1654 cont.
2215 1617 2451 1656 Eunomium

1333 1667 1382 1705 V.
1414 1669 1460 1705 II.
1491 1683 1578 1721 pag.
1611 1669 1676 1706 55.
1707 1682 1791 1705 eam
1822 1670 2116 1719 propositionem
2147 1669 2329 1719 protulit,
2360 1683 2451 1722 qua:

1329 1731 1456 1773 postea
1485 1736 1507 1758 a
1537 1720 1741 1770 Theologis
1768 1721 1884 1756 instar
1912 1720 2111 1757 axiomatis
2150 1722 2324 1773 adoptata
2353 1725 2451 1760 luit:

1335 1772 1450 1823 Quod
1480 1771 1652 1810 Verbum
1695 1771 1821 1810 semel
1861 1777 2106 1824 assumpsit,
2154 1787 2362 1827 nunquam
2394 1775 2451 1814 ‹Zi-

1329 1828 1438 1863 misit
1457 1851 1468 1863 .

1384 1877 1478 1924 466.
1509 1877 1687 1917 Aliorum
1717 1886 1844 1918 autem
1886 1892 2099 1931 graecorum
2129 1879 2282 1919 Patrum
2312 1883 2450 1921 doctri-

1327 1944 1420 1970 nam
1461 1931 1685 1982 complexus
1727 1942 1778 1971 est
1806 1933 1847 1970 S.
1876 1933 2040 1971 Joannes
2067 1933 2328 1973 Damascenus
2357 1935 2448 1974 Lib.

1332 1985 1400 2023 III.
1429 1984 1478 2022 cle
1493 1984 1586 2037 fide
1613 1984 1764 2022 orthod.
1794 1998 1879 2036 cap.
1912 1998 2005 2035 27.,
2035 1985 2104 2024 ubi
2138 1987 2355 2037 Quamvis,
2388 1990 2446 2027 in-

1331 2039 1442 2089 quit,
1494 2036 1668 2074 Christus
1704 2046 1744 2073 ut
1771 2036 1888 2074 homo
1916 2047 2044 2075 morte
2077 2038 2231 2089 obierit,
2275 2051 2442 2079 sancta-

1331 2101 1403 2140 que
1432 2093 1552 2139 ipsius
1580 2093 1725 2131 anima
1754 2088 1804 2127 ab
1834 2092 2098 2130 immaculato
2117 2106 2278 2140 corpore
2297 2095 2444 2132 distm-

1329 2150 1397 2178 cta
1425 2145 1499 2189 sit,
1536 2141 1721 2180 divinitas
1749 2152 1890 2181 tamen
1919 2157 1947 2181 a
1975 2154 2139 2194 neutro,
2182 2146 2252 2185 hoc
2282 2157 2340 2186 est
2367 2161 2444 2186 nec

1329 2193 1381 2232 ab
1409 2198 1554 2232 anima
1570 2225 1582 2244 ,
1611 2208 1684 2234 nec
1704 2209 1731 2234 a
1749 2209 1908 2245 corpore
1935 2210 2084 2249 quoquo
2113 2200 2229 2238 mocio
2255 2202 2444 2253 sejuncta

1328 2257 1388 2285 est
1404 2275 1415 2286 .
1445 2246 1584 2301 Neque
1610 2259 1819 2299 propterea
1846 2263 2018 2300 persona
2047 2265 2130 2290 una
2158 2257 2201 2290 in
2228 2253 2330 2293 duas
2349 2254 2443 2293 <Iis-i·

1326 2313 1377 2339 sa
1393 2300 1508 2352 fuit.
1555 2301 1757 2354 Siquidem
1776 2303 1825 2344 (J
1846 2316 2012 2356 corpus,
2055 2306 2104 2346 (ἓν
2134 2311 2280 2345 anima
2321 2309 2440 2346 simul

1327 2353 1377 2392 ab
1406 2358 1515 2393 initio
1557 2359 1598 2392 in
1630 2353 1745 2394 Verbi
1781 2369 1952 2407 persona
1994 2362 2255 2398 existentiam
2296 2360 2441 2398 habue-

1325 2417 1447 2452 runt;
1489 2421 1541 2446 ac
1570 2409 1659 2447 licet
1688 2414 1730 2447 in
1759 2419 1886 2448 morte
1914 2411 2064 2450 divulsa
2092 2418 2196 2461 sint,
2233 2422 2440 2462 utrumque

1323 2469 1466 2498 tamen
1495 2474 1632 2499 eorum
1662 2475 1789 2500 unam
1820 2461 1936 2501 Verbi
1963 2477 2201 2515 personam,
2244 2480 2322 2516 qua
2352 2467 2437 2503 sub-

1325 2517 1478 2551 sisteret
1496 2544 1506 2561 ,
1535 2527 1694 2566 semper
1720 2514 1852 2552 habuit
1871 2516 1958 2555 &a
1987 2516 2036 2553 Et
2064 2518 2182 2556 nimis
2210 2519 2249 2556 in
2279 2519 2437 2569 longtun

1325 2566 1606 2618 protraheretur
1636 2567 1835 2618 probati0‚
1865 2569 1895 2605 si
1923 2569 2052 2606 omnia
2083 2568 2196 2621 hujus
2223 2573 2369 2621 generis
2385 2581 2436 2610 te-

1323 2621 1501 2658 stimonia
1530 2628 1744 2658 sanctorum
1776 2619 1929 2658 Patrum
1958 2622 2257 2673 producerentur
2287 2623 2345 2676 (b)
2363 2651 2373 2662 .

1376 2673 1469 2725 467.
1499 2673 1572 2711 Sed
1602 2675 1900 2724 praestataudire
1929 2676 2041 2711 etiam
2062 2675 2102 2714 S.
2125 2675 2336 2726 Thomam,
2365 2680 2436 2730 qui

1322 2725 1428 2766 laud.
1459 2736 1530 2768 art.
1552 2739 1589 2766 ο.
1618 2728 1670 2765 ita
1706 2726 1824 2766 solide
1859 2728 2127 2776 ratiocinatum
2156 2759 2182 2779 ,‚
2204 2729 2303 2768 Illud
2331 2734 2435 2782 quod

2266 2812 2292 2833 2,
2311 2796 2381 2837 per

1323 2887 1363 2923 ad
1393 2890 1469 2924 xit.
1496 2891 1668 2924 Saeculurn
1694 2887 1881 2934 diligenter
1907 2889 2077 2931 collecta,
2112 2901 2151 2925 ac
2176 2890 2288 2925 multa
2313 2891 2431 2926 erudi-

1324 2937 1416 2969 tione
1444 2937 1617 2970 illustram
1645 2949 1662 2969 a
1689 2935 1889 2969 doctissimo
1915 2937 1948 2969 P.
1977 2937 2037 2970 Pio
2053 2937 2225 2972 venem-ni
2252 2939 2287 2972 S.
2313 2939 2430 2972 'Pheo-

1321 2983 1420 3026 logiae
1447 2983 1659 3025 Dogtnatx'cae
1688 2983 1721 3015 in
1750 2983 1938 3015 Mutinensi
1958 2984 2194 3018 L'niversitate
2213 2984 2430 3026 Professum,

1322 3040 1455 3062 necnon
1481 3029 1648 3061 Serrniss.
1676 3029 1836 3061 Herculis
1857 3030 1914 3061 ΙΙΙ.
1943 3029 2119 3074 'rheotogo
2141 3043 2160 3064 a
2179 3031 2367 3072 Consiliis,
2392 3033 2429 3065 in

1321 3075 1483 3117 Analrsi
1508 3072 1690 3117 cujusdam
1716 3075 1870 3119 epistole
1892 3075 1925 3107 Ρ.
1946 3077 2088 3109 Martini
2110 3075 2247 3111 Natalis
2262 3076 2315 3110 De
2339 3091 2427 3110 mor-

1320 3129 1353 3152 te
1379 3120 1462 3153 Jesu
1487 3121 1650 3161 Christi,
1685 3122 1822 3167 ejusque
1856 3123 2025 3155 descensu
2053 3124 2099 3156 ad
2123 3125 2280 3168 inferos,
2320 3133 2423 3166 quam

1319 3167 1383 3199 sub
1409 3168 1706 3210 anagrammatico
1740 3168 1877 3201 nomine
1904 3169 2069 3202 Nervenii
2093 3169 2330 3205 Nicomaedani
2352 3166 2423 3199 edi-

1318 3211 1370 3247 dit
1393 3214 1487 3248 Aszae
1514 3212 1684 3260 Pompejae
1710 3226 1801 3250 anno
1828 3215 1928 3261 1781.
1955 3214 1988 3249 in
2012 3215 2046 3252 8.
