2583 3685
266 135 352 182 '⁸30

227 222 410 271 gicczrum
439 229 648 268 usurpare.
697 212 795 251 Illud
839 216 980 266 saepius
1023 218 1219 268 usurpavit
1247 216 1341 254 San-

230 283 310 309 ctus
338 272 590 321 Augustinus,
620 268 688 319 qui
719 268 859 315 etiam,
890 278 929 305 ut
959 282 1071 321 supra
1103 271 1267 306 vidimus
1302 272 1341 307 in

230 334 313 362 nota
343 324 390 359 ad
418 335 525 358 uum.
549 320 639 358 361.
687 333 762 358 non
792 320 841 358 ab
870 319 955 359 aliis
996 324 1158 374 potuisse
1189 322 1253 360 lias
1282 337 1341 360 ar-

228 384 281 414 tes
311 373 532 412 hominibus
560 372 685 420 tradi,
712 386 832 425 quam
861 374 910 412 ab
940 376 1031 427 ipsis
1060 375 1342 424 Daemmstbus,

227 430 414 477 sapienter
443 426 710 464 animadvertit
726 453 737 464 .

283 480 376 532 577.
407 479 481 517 Sed
524 488 676 530 praestat
716 478 850 517 audire
892 479 1103 519 Eusebium
1133 482 1345 521 Caesarien-

227 548 304 572 sem
324 564 334 581 ,
363 533 429 584 qui
462 542 547 569 ante
576 532 616 570 S.
641 534 893 584 Augustinutn
924 534 1012 571 Lib.
1035 533 1083 571 V.
1114 534 1344 585 Praeparat.

229 586 427 638 Evangel.
452 599 542 636 ¹cap.
569 598 629 623 10.
659 585 694 623 ’δι
730 599 788 624 11.
819 586 904 624 liaec
934 585 1070 624 habet:
1111 617 1136 635 „
1165 587 1250 624 Jain
1283 601 1345 625 ve-

229 671 256 689 „
289 653 327 676 ro
358 652 429 676 uon
459 637 553 676 alios
582 639 631 676 ab
661 641 768 678 initio
790 640 978 678 tnaleficae
1009 642 1097 677 artis
1126 642 1343 691 magistros,

229 723 256 742 :a
287 706 403 744 quam
452 693 615 743 ipsamet
641 695 794 745 egregia
822 694 984 731 numina
1028 693 1141 730 fuisse
1170 702 1310 730 constat
1332 720 1343 732 .

229 776 254 795 :³
285 747 363 791 Qui
412 747 515 783 enim
547 744 677 784 istliaee
708 746 880 785 homines
921 744 1032 783 aliter
1068 759 1171 783 nosse
1201 748 1344 798 potuis·

227 830 255 849 „
285 808 387 846 sent,
417 800 485 837 nisi
506 798 712 838 Daemones
733 801 779 838 iis
808 813 865 837 res
895 800 968 852 ipsi
987 812 1072 836 suas
1092 801 1345 851 aperuissent,

228 883 256 903 ‚‚
286 852 319 889 8<
349 852 489 905 quibus
517 854 663 904 quique
692 852 854 891 vinculis
882 853 1211 903 constringantur,
1248 853 1348 890 indi-

233 936 260 956 „
291 914 433 944 cassem
448 903 466 942 2
491 905 629 957 Reque
648 920 740 944 vero
759 915 922 944 nostram
939 904 1037 942 hanc
1065 906 1270 943 orationem
1293 920 1347 943 es-

229 990 257 1009 „
287 974 324 997 se
353 968 487 1011 putes,
515 961 662 1012 quippe
691 960 759 1012 qui
790 957 886 996 nihil
915 961 1074 996 istorum
1104 973 1126 996 a
1154 958 1262 997 nobis
1283 969 1348 997 aut

233 1043 259 1061 ,‚
291 1011 480 1065 intelligi,
529 1022 593 1050 aut
622 1015 745 1065 expeti
779 1012 994 1059 fateamur,
1042 1011 1142 1049 idem
1185 1026 1208 1050 a
1235 1012 1347 1050 nobis

229 1096 256 1115 „
287 1067 385 1104 testis
401 1066 632 1117 producatur
655 1071 677 1119 (
703 1065 939 1118 Porphyrius
968 1064 1012 1113 ),
1041 1067 1109 1117 qui
1140 1064 1173 1101 δι
1202 1067 1347 1117 sapiens

231 1150 258 1169 „
288 1135 309 1158 a
340 1120 418 1157 suis
461 1118 650 1168 liabetur,
698 1118 733 1155 8(
761 1118 934 1157 homines
965 1117 1169 1170 Religionis
1210 1119 1346 1170 patria:

229 1203 257 1222 „
287 1173 442 1211 rationis
469 1182 645 1210 accurate
674 1187 745 1211 non
768 1173 881 1210 modo
900 1173 1031 1219 novit,
1061 1172 1123 1210 sed
1154 1173 1267 1209 etiam
1283 1184 1347 1208 ex·

230 1257 256 1274 „
287 1226 410 1278 posuit
428 1252 438 1263 .
468 1225 538 1263 llle
567 1228 682 1276 igitur
711 1228 750 1264 in
781 1225 932 1263 laudata
960 1224 1203 1262 oraculorum
1229 1224 1348 1262 colle-

231 1309 259 1328 „
287 1280 408 1316 ctione
437 1278 485 1316 ad
514 1280 674 1317 verbum
704 1278 845 1325 habet,
883 1290 972 1330 quae
1001 1285 1233 1329 sequuntur:
1281 1291 1347 1314 ne-

229 1362 257 1381 „
287 1346 362 1384 que
390 1341 564 1380 tantum,
613 1334 759 1383 inquit,
804 1331 977 1382 proprias
1008 1330 1168 1367 instituti
1199 1330 1255 1366 sui
1286 1342 1346 1366 ra-

234 1414 260 1434 „
289 1387 435 1431 tion-es,
465 1393 529 1421 aut
555 1393 707 1432 cetera,
744 1396 832 1435 quae
863 1396 885 1419 a
913 1381 1020 1418 nobis
1049 1391 1347 1420 commemorata

228 1466 257 1486 ,‚
287 1446 397 1483 sunt,
427 1449 562 1473 verum
592 1436 734 1489 quibus
758 1438 833 1488 ipsi
855 1435 969 1473 rebus
997 1443 1060 1472 aut
1089 1433 1344 1485 delectentur,

226 1520 254 1539 „
285 1498 347 1527 aut
363 1490 609 1538 vinciantur,
642 1491 720 1528 imo
737 1489 877 1542 quibus
907 1488 1020 1525 etiam
1049 1497 1259 1539 cogantur,
1290 1489 1345 1526 in-

227 1572 256 1593 „
285 1544 458 1582 dicarunt
485 1544 575 1584 (9¹0.
605 1546 659 1582 “.
688 1542 738 1581 Et
761 1543 813 1580 de
844 1541 975 1593 Magia
1004 1541 1183 1580 hactenus
1213 1541 1300 1593 (a).

533 1639 945 1686 ‘DISSER'I'ATIO
984 1640 1044 1682 H.

426 1743 429 1746 Α
468 1752 536 1793 De
579 1753 751 1806 Opficio
791 1766 864 1792 sex
907 1751 1104 1792 Dierzmz·

289 1875 323 1901 1.
342 1840 617 1913 Disputaturi
638 1861 684 1899 de
714 1860 843 1898 mnndi
873 1860 1026 1911 genesi,
1056 1858 1178 1911 qualis
1194 1873 1214 1896 a
1233 1856 1346 1910 Moy-

227 1929 269 1955 ‘se
298 1915 550 1963 describitur,
579 1928 656 1952 non
685 1913 982 1952 immorabimur
1011 1913 1149 1950 frustra
1179 1913 1217 1949 in
1247 1913 1345 1948 refe-

230 1970 356 2008 tendis
374 1998 384 2015 ,
414 1978 526 2021 atque
547 1968 799 2018 infringendis
829 1968 935 2005 vanis
965 1966 1250 2004 incredulorum
1281 1977 1343 2002 co-

228 2021 411 2068 natibus,
440 2023 507 2073 qui
528 2022 835 2074 antiquissimam
866 2020 989 2067 lianc,
1020 2028 1132 2071 atque
1160 2019 1266 2056 omni
1296 2030 1342 2055 ex

230 2084 337 2128 parte
366 2075 604 2113 verissimam
634 2074 767 2111 muudi
809 2073 1005 2111 historiam
1035 2082 1098 2110 aut
1128 2081 1255 2123 aperte
1285 2073 1341 2109 iu—

232 2129 356 2167 fieiari
384 2127 549 2176 audent,
579 2137 642 2165 aut
671 2126 801 2165 saltem
833 2128 1026 2180 perpetuis
1054 2125 1343 2163 difficultatibus

226 2181 421 2221 involvere
438 2211 448 2230 ,
476 2181 708 2230 obscurare,
737 2194 780 2220 ac
801 2180 962 2220 dubiam
985 2179 1147 2218 ,reddere
1176 2178 1343 2217 moliun-

279 2390 330 2424 (α)
357 2385 483 2420 Mutiae
499 2385 720 2422 difficultates
737 2410 748 2429 ‚
773 2387 900 2433 quibus
919 2391 1041 2435 nuperi
1061 2387 1188 2434 Magiae
1213 2388 1352 2425 destru-

238 2439 351 2465 ctores
378 2432 468 2466 banc
494 2436 678 2468 materiam
698 2437 952 2480 implicarunt,
993 2437 1170 2476 breviter,
1195 2436 1296 2480 juxta
1312 2450 1350 2471 ac

237 2477 344 2511 solide
370 2479 525 2513 enodatae
552 2482 777 2515 invenientur
805 2482 897 2527 apud
920 2482 1164 2516 doctissimum
1183 2485 1350 2527 Augustae

236 2525 323 2557 olim
350 2526 522 2558 MARIAE
551 2527 807 2561 'FHEREStAE
829 2528 1046 2562 archiatrum
1074 2530 1158 2562 Ant..
1185 2528 1225 2562 (le
1253 2532 1350 2564 Haen

237 2571 274 2602 in
296 2571 403 2604 Libro
428 2573 470 2604 cle
499 2573 622 2616 Μαςὶα
647 2574 773 2616 Lipsiae
806 2575 938 2618 ¹774-5
980 2585 1055 2608 tum
1089 2573 1179 2618 apud
1207 2575 1350 2609 Hieron.

238 2616 468 2650 ‘I‘artarotum
496 2618 531 2650 in
556 2619 734 2662 opusculis
761 2632 867 2664 supra
893 2619 1068 2653 laudatis.
1097 2623 1272 2654 lunumeri
1289 2632 1351 2655 au-

235 2671 306 2695 tem
333 2672 438 2703 sunt,
478 2665 538 2708 qui
565 2665 606 2697 de
631 2664 695 2698 lioc
722 2675 928 2709 argumento
952 2666 1034 2700 (lata
1058 2678 1163 2711 opera
1200 2669 1350 2713 scripse-

235 2718 341 2749 runt,
377 2718 506 2754 praeter
528 2722 649 2744 omnes
684 2712 756 2744 fere
785 2711 983 2757 Theoiogiae
1009 2714 1152 2746 moralis
1179 2722 1350 2748 tractato-

237 2765 313 2786 res.
340 2755 515 2800 Praecipue
541 2766 658 2791 autem
684 2760 951 2791 commemorari
979 2760 1064 2792 solet
1078 2760 1186 2791 Mart.
1204 2761 1344 2793 Delrius

240 2800 276 2832 in
306 2799 618 2845 Di'squisz'tionibus
642 2807 810 2848 magicis.
830 2804 946 2837 Multa
971 2813 1085 2837 tamen
1112 2804 1217 2838 habet
1243 2806 1346 2839 salm-

238 2846 337 2885 Josa,
363 2851 600 2884 commentitia
620 2871 631 2890 ‚
668 2853 700 2882 δι
717 2851 842 2883 minus
878 2857 1040 2883 accurate
1066 2848 1160 2882 dieta
1181 2871 1191 2890 ,
1216 2851 1344 2895 quibus

240 2892 339 2925 bonae
365 2904 475 2925 causa·
494 2916 505 2934 ,
530 2897 584 2929 cui
612 2896 926 2940 patrocinabatur,
950 2894 1044 2928 haud.
1068 2906 1191 2938 parum
1206 2898 1344 2929 nocuit.

242 2938 477 2971 Consulantur
501 2942 614 2982 potius
639 2943 692 2975 Jo.
720 2943 876 2987 Baptista
904 2942 1031 2975 Tliiers
1058 2941 1174 2974 Traitd
1204 2944 1267 2975 des
1294 2956 1349 2976 su-

241 2987 472 3027 perstitiosis,
511 2989 603 3019 selon
629 2990 652 3020 l'
672 2987 834 3021 Ecrieure
861 2989 1010 3027 Sainte,
1042 2989 1094 3021 les
1129 2989 1266 3020 clecrcts
1304 2989 1346 3022 tle

243 3030 432 3070 Conciles,
467 3034 509 3063 Θ·
535 3034 588 3064 [ες
616 3039 798 3068 sentimens
824 3035 887 3068 des
907 3038 1018 3068 saints
1046 3033 1148 3067 Peres
1170 3055 1180 3074 ‚
1220 3040 1262 3067 ἐφ’
1296 3037 1347 3068 les

241 3075 474 3120 Theologiens
500 3078 567 3110 vol.
586 3079 618 3119 4.
639 3079 672 3111 in
704 3090 754 3112 12.
783 3093 849 3114 sec.
873 3080 958 3114 edit.
979 3093 1075 3114 reone
1095 3100 1106 3121 ,
1131 3085 1289 3125 corrige'e
1307 3085 1348 3114 Θ

243 3127 437 3166 aiigmente'e
464 3123 558 3156 Paris
590 3125 720 3168 1697„
752 3129 783 3158 ἃ·
812 3128 930 3160 Petrus
957 3129 1003 3161 Le
1030 3128 1122 3160 Brun
1149 3128 1276 3171 Congr.
1302 3129 1350 3161 0-

244 3169 366 3202 ratorii
393 3165 491 3202 Hist.
517 3174 661 3215 critique
687 3174 750 3204 des
774 3177 947 3217 prariques
974 3177 1254 3218 superstitieuses
1281 3176 1345 3208 διο.

245 3215 395 3256 T01n.4.
422 3215 456 3248 in
475 3227 527 3248 12.
543 3217 637 3249 Paris
658 3219 756 3260 1750·
783 3219 848 3252 Hic
876 3229 996 3254 auctor
1017 3220 1228 3266 praecipuam
1249 3232 1349 3253 suam

247 3273 389 3307 operam
404 3263 518 3306 posuit
534 3263 568 3295 in
582 3263 760 3297 effectibus
786 3265 1111 3310 supernaturalibus
1137 3279 1156 3299 a
1182 3268 1353 3300 naturali-

244 3308 309 3342 bus
346 3306 601 3341 discernendis.
640 3310 690 3342 De
726 3312 832 3344 variis
870 3320 985 3345 autem
1011 3314 1137 3357 Magire
1174 3313 1352 3358 speciebus

247 3355 339 3387 inter
365 3355 448 3389 alios
475 3355 604 3390 multos
630 3355 701 3390 vid.
727 3356 815 3390 Lud.
843 3358 949 3391 Vives
974 3358 1016 3393 ad
1043 3371 1120 3405 cap.
1161 3360 1227 3393 ult.
1254 3359 1354 3393 Libri

999 133 1399 180 DISSERTATIO
1434 131 1490 175 ΙΙ.
1536 127 1672 174 CAP.
1704 131 1740 176 1.

1408 220 1468 249 tur
1484 236 1494 248 .
1526 211 1667 261 Impias
1689 212 1845 248 istorum
1867 208 2164 250 machinationes
2184 210 2273 250 satis
2290 241 2300 259 ,
2328 221 2519 264 superque

1406 264 1628 315 disjecimus
1656 263 1695 300 in
1711 263 1742 300 I.
1772 262 1896 300 Tomo
1916 265 2071 302 Dissert.
2094 265 2159 303 Ili.
2188 280 2274 316 cap.
2298 266 2325 302 l.
2356 266 2389 302 ὅ(
2419 279 2523 318 seq.,

1408 326 1522 369 atque
1552 317 1683 353 eadem
1714 324 1882 366 repetere
1910 331 2012 355 nunc
2042 318 2177 356 inutile
2207 320 2301 356 foret
2319 344 2330 356 .
2371 318 2524 370 Suppo-

1407 372 1478 408 sita
1507 370 1620 421 igitur
1641 367 1823 406 Mosaicae
1854 368 2022 407 historiae
2040 371 2222 419 veritate,
2251 385 2340 422 quas
2369 384 2443 409 nou
2464 384 2522 409 so-

1409 422 1494 461 lum
1522 423 1664 461 divinae
1696 421 1935 460 revelationis
1965 423 2187 461 firmissimo
2225 424 2439 461 testimonio
2467 426 2524 462 in-

1411 478 1546 514 nititur
1564 506 1574 524 ,
1611 476 1674 513 sed
1701 475 1880 513 munibus
1909 476 2023 513 etiam
2052 477 2098 513 iis
2126 475 2307 513 liumanae
2337 477 2522 515 veracita-

1411 531 1459 567 tis
1489 529 1629 580 regulis
1658 527 1837 576 fulcitur,
1866 527 2009 580 quibus
2037 527 2125 565 alias
2156 528 2323 579 probatae
2352 527 2521 566 historiae

1413 584 1516 621 credi
1547 597 1568 619 a
1597 581 1843 634 prudentibus
1871 580 2014 628 solent,
2062 595 2106 617 ea
2132 580 2258 617 solum
2293 580 2459 620 breviter
2486 595 2526 618 e·

1409 637 1610 674 xaminare
1638 635 1906 686 aggredimur,
1935 647 2023 686 quae
2043 634 2195 672 divinus
2224 632 2424 672 historicus
2444 635 2522 685 pri-

1412 701 1476 726 mo
1500 690 1689 727 Geneseos
1725 689 1848 740 capite
1885 687 1931 724 de
1957 700 2072 740 opere
2106 699 2172 725 sex
2205 688 2356 726 dierum
2393 687 2527 739 paucis

1411 741 1635 793 complexus
1661 749 1715 780 est
1732 767 1744 779 .

1852 791 2026 832 CAPUT
2064 793 2095 832 1.

1691 898 1919 952 Exponitur
1946 912 2084 938 sensus
2112 901 2257 951 primi,

1575 953 1625 993 (9¹
1653 954 1817 992 secundi
1845 955 2022 994 versiculi
2051 953 2256 992 Geneseos
2285 951 2366 1006 (b).

1470 1070 1507 1096 2.
1525 1036 1602 1101 Ita
1629 1058 1783 1113 Moyses
1812 1059 1946 1100 mundi
1973 1063 2153 1114 genesim
2183 1072 2334 1098 exorsus
2363 1067 2438 1098 est:
2479 1056 2529 1097 In

1414 1114 1604 1161 principio
1632 1118 1779 1150 creavit
1809 1113 1917 1151 Deus
1946 1116 2090 1153 caelum
2107 1145 2117 1163 ,
2147 1115 2195 1155 (θ’
2223 1122 2408 1152 terram:
2446 1120 2524 1149 ter—

1416 1176 1464 1200 ra
1494 1174 1630 1201 autem
1665 1176 1762 1203 erat
1789 1171 1951 1215 inanis,
1998 1169 2047 1208 (9-
2076 1180 2231 1215 vacua,
2277 1167 2327 1207 ζῇ·
2355 1164 2528 1204 tenehroe

1415 1225 1533 1253 erant
1562 1230 1677 1267 super
1693 1217 1855 1269 faciem
1885 1219 2022 1272 abyssi
2039 1235 2053 1264 ς
2089 1222 2138 1261 (9¹
2167 1220 2334 1271 Spiritus
2363 1219 2441 1258 Dei
2457 1217 2529 1270 fe—

1416 1268 1577 1306 rebatur
1606 1283 1721 1320 super
1749 1284 1905 1321 aquas.
1935 1278 1977 1310 ln
2005 1272 2066 1310 his
2095 1273 2220 1311 verbis
2249 1273 2377 1324 primo
2406 1274 2530 1310 discu-²

1413 1323 1582 1360 tiendum
1613 1333 1691 1372 est,
1722 1325 1815 1375 quid
1845 1325 2000 1362 nomine
2028 1328 2208 1376 principii
2236 1339 2340 1364 sacer
2369 1327 2531 1376 scriptor

1410 1375 1667 1423 intellexerit3
1696 1391 1773 1430 qua
1800 1377 1848 1414 de
1877 1390 1917 1414 re
1945 1390 2017 1415 non
2046 1378 2202 1415 omnino
2230 1379 2405 1416 convenit
2433 1379 2532 1416 inter

1413 1439 1558 1468 sanctos
1587 1429 1739 1478 Patres,
1779 1429 1812 1465 ἃ
1841 1431 2096 1481 Interpretes.
2144 1429 2365 1481 Praecipuas
2395 1443 2527 1468 eorum

1413 1484 1613 1520 sententias
1653 1481 1762 1520 affert
1791 1483 1832 1521 S.
1861 1482 2031 1521 Thomas
2060 1483 2090 1521 I.
2120 1482 2161 1520 P.
2198 1491 2337 1535 quaest.
2359 1483 2425 1528 46.
2454 1492 2526 1521 art.

1414 1535 1453 1574 5.
1485 1537 1681 1587 inquiens:
1703 1566 1729 1583 „
1760 1535 1860 1573 Illud
1889 1537 2051 1574 verbum
2082 1536 2180 1574 Gen.
2202 1537 2232 1573 l.
2262 1535 2311 1572 In
2339 1539 2530 1587 principio

1415 1618 1441 1637 „
1471 1592 1617 1626 creat-it
1645 1587 1756 1626 Deus
1798 1589 1971 1637 coelum,
2018 1590 2068 1630 <9³
2106 1598 2280 1636 terram,
2329 1588 2531 1641 tripliciter

1415 1671 1443 1691 ,‚
1471 1643 1675 1694 exponitur
1704 1643 1749 1679 acl
1776 1641 2062 1679 excludendum
2099 1650 2172 1680 tres
2202 1654 2345 1679 errores
2363 1667 2373 1679 .
2429 1642 2528 1688 Qui—

1416 1725 1443 1744 „
1472 1695 1560 1732 (iam
1592 1696 1695 1732 enim
1726 1703 1952 1746 posuerunt,
1981 1694 2172 1732 mundum
2201 1707 2351 1745 semper
2381 1694 2528 1742 fuisse,

1416 1777 1442 1796 „
1471 1748 1505 1783 &
1534 1758 1683 1800 tempus
1724 1761 1799 1786 non
1829 1747 1972 1784 habere
2008 1748 2269 1799 principium5
2317 1747 2351 1783 &
2380 1747 2427 1784 ad
2457 1747 2528 1785 hoe

1415 1830 1442 1849 „
1471 1800 1753 1839 excludendum
1783 1802 2008 1852 exponitur:
2055 1803 2095 1838 in
2125 1802 2336 1852 principio,
2384 1799 2530 1851 scilicet

1414 1883 1441 1902 „
1471 1856 1651 1906 temporis
1666 1857 1692 1875 ‘⁵
1711 1880 1723 1892 .

1466 1907 1504 1945 5.
1535 1907 1702 1954 Quidam
1732 1918 1822 1944 vero
1851 1915 2083 1958 posuerunt,
2112 1907 2187 1944 ‹luo
2214 1920 2292 1944 esse
2320 1907 2525 1946 creationis

1411 1960 1606 2012 principia
1624 1991 1634 2009 ,
1664 1974 1784 1998 unum
1805 1961 1993 1998 bonorum
2011 1990 2021 2008 ,
2051 1960 2156 1998 aliud
2179 1959 2395 2006 malorum3
2426 1960 2459 1996 δε
2479 1962 2527 2000 ad

1403 2014 1481 2052 ⁴hoc
1511 2013 1791 2052 excludendum
1809 2015 2034 2065 exponitur:
2064 2012 2112 2050 In
2131 2017 2320 2063 principio
2337 2043 2347 2061 ,
2377 2014 2470 2051 idest
2485 2017 2528 2051 in

1408 2067 1532 2107 Filio.
1552 2096 1579 2116 „
1609 2066 1837 2105 sicutenim
1867 2067 2105 2118 principium
2136 2066 2354 2104 effectivum
2385 2079 2525 2119 appro-

1410 2152 1435 2171 ‚,
1467 2122 1611 2174 priatur
1630 2119 1730 2157 Patri
1760 2127 1914 2171 propter
1942 2121 2150 2170 potentiam
2167 2149 2178 2168 ,
2210 2121 2259 2157 ita
2282 2121 2521 2172 principium

1410 2205 1437 2225 „
1467 2172 1685 2226 exemplare
1704 2173 1973 2225 appropriatur
1988 2171 2089 2211 Filio
2108 2182 2260 2226 propter
2274 2174 2526 2226 sapientiam}

2432 2235 2474 2264 ut

1420 2391 1499 2424 Vlt-
1528 2384 1583 2423 De
1609 2389 1684 2422 Cio.
1712 2387 1803 2422 Dei.
1829 2386 1944 2422 Multa
1969 2388 2107 2433 egregia
2143 2385 2248 2424 habet
2274 2388 2308 2422 S.
2337 2381 2406 2422 Th.
2435 2398 2465 2422 2.
2494 2392 2527 2423 Ξ·

1418 2449 1453 2481 q.
1474 2436 1533 2480 95.
1553 2457 1564 2477 ,
1590 2447 1667 2479 quae
1693 2444 1744 2468 est
1770 2434 1825 2468 De
1852 2434 2160 2478 Divinationibus,
2185 2440 2216 2469 &
2241 2444 2365 2480 quaest.
2392 2435 2450 2480 96.
2470 2434 2526 2468 De

1421 2483 1720 2527 superstitionibus
1745 2483 2033 2515 observantiarum
2046 2505 2053 2512 .

1466 2532 1511 2567 (b)
1536 2530 1700 2561 Graecum
1713 2529 1862 2561 Genesis
1881 2539 2006 2560 nomen
2032 2527 2231 2572 significans
2250 2530 2503 2572 generationem
2517 2549 2528 2568 ‚

1421 2585 1440 2607 a
1460 2575 1615 2607 versione
1636 2575 1750 2607 LXX.
1779 2577 2012 2618 lnterpretum
2036 2576 2208 2619 originem
2234 2575 2360 2607 traxit.
2388 2573 2530 2608 Hebraei

1420 2622 1515 2653 enim
1541 2632 1608 2653 non
1636 2621 1743 2653 alium
1769 2620 1912 2654 titulum
1941 2619 2057 2652 Libris
2083 2622 2189 2653 sacris
2216 2630 2417 2663 praeponere
2441 2621 2531 2652 sole·

1425 2668 1511 2700 luant
1531 2688 1541 2706 ,
1567 2677 1675 2710 quam
1702 2667 1814 2709 prima
1841 2665 1980 2696 illorum
2006 2665 2142 2704 νει-1ης
2170 2664 2259 2697 unde
2284 2663 2377 2697 huuc
2397 2664 2529 2698 librum

1418 2713 1616 2746 Mosaicum
1641 2711 1817 2754 appellant
1846 2704 2039 2759 ’‘athe-‘3
2065 2711 2295 2749 Berescht1h‚
2322 2709 2386 2743 hoc
2411 2718 2462 2743 est
2487 2709 2528 2744 In

1415 2760 1612 2800 principio.
1640 2759 1678 2789 ln
1704 2757 1833 2789 celebri
1861 2761 1961 2792 Miss.
1991 2757 2253 2798 Alexandrino,
2278 2757 2371 2800 quotl
2398 2757 2432 2790 in
2458 2759 2532 2792 An·-

1411 2803 1480 2846 glia
1495 2803 1855 2842 asservattir„titttlus
1875 2806 2007 2850 plenior
2026 2806 2204 2839 invenitur
2223 2799 2358 2836 1‘5'720'15
2381 2801 2500 2842 udo-'uu
2515 2826 2527 2846 ,

1415 2848 1568 2881 Genesis
1594 2851 1731 2882 numdi.
1760 2850 1805 2882 Ut
1831 2861 1948 2885 autem
1976 2854 2063 2886 bene
2088 2850 2289 2888 observavit
2309 2853 2407 2887 Philo
2425 2854 2527 2887 initio

1418 2895 1514 2927 Libri
1541 2896 1584 2927 (le
1611 2895 1804 2928 Abraham
1820 2918 1830 2936 ‚
1856 2898 1920 2931 hoc
1945 2900 2101 2944 primum
2120 2900 2282 2934 volumen
2302 2900 2436 2945 Moysis
2457 2900 2528 2932 Ge-

1416 2944 1512 2973 nesis
1540 2942 1748 2985 inscriPtum
1778 2944 1869 2985 fuit,
1893 2958 1913 2978 a
1941 2947 2055 2979 mundi
2074 2949 2248 2980 creatione
2276 2955 2403 2989 sumpto
2431 2959 2531 2978 voca-

1416 2988 1516 3027 bulo,
1558 3001 1651 3031 quam
1676 2992 1850 3033 principio
1876 2996 2030 3025 continet
2047 3008 2061 3030 ,·
2095 2996 2164 3024 etsi
2192 2996 2228 3025 in
2253 3005 2354 3036 opere
2396 2994 2526 3035 reliquo

1417 3042 1580 3066 sexcenta
1604 3036 1676 3067 alia
1701 3038 1833 3069 inserta
1853 3041 1945 3070 sint.
1983 3038 2147 3071 Continet
2173 3048 2288 3072 autem
2326 3039 2500 3083 praecipua
2516 3061 2529 3079 ‚

1416 3091 1492 3123 quae
1522 3081 1557 3112 in
1583 3080 1646 3113 hoc
1673 3080 1804 3114 mundo
1830 3084 2054 3128 contigerunt
2080 3085 2123 3117 ab
2141 3084 2216 3128 ejus
2243 3085 2429 3119 creationis
2456 3084 2529 3129 pri-

1415 3125 1560 3159 moi-diis
1599 3137 1707 3171 usque
1745 3126 1786 3160 ad
1828 3138 1975 3163 mortem
2014 3130 2224 3163 Patriarcliae
2249 3130 2400 3176 ,losepln
2435 3128 2530 3175 quod

1417 3174 1584 3217 temporis
1609 3174 1762 3218 spatium
1788 3175 2051 3220 comprehendit
2077 3188 2183 3209 annos
2201 3178 2342 3212 circiter
2367 3178 2420 3211 bis
2446 3176 2528 3209 mil—

1417 3218 1448 3252 le
1475 3227 1646 3254 trecentos
1660 3242 1671 3261 ,
1694 3219 1798 3264 juxta
1818 3222 1930 3255 Biblia
1956 3231 2075 3255 nostra
2094 3224 2272 3268 Vulgata3
2297 3226 2353 3257 vel
2370 3224 2425 3258 bis
2446 3222 2529 3254 mil-

1416 3265 1448 3298 le
1490 3266 1732 3311 quingentos,
1771 3268 1799 3301 si
1826 3276 1942 3303 textus
1981 3268 2138 3304 hebraici
2175 3271 2436 3315 chronologiam
2473 3279 2527 3302 se-

1418 3322 1593 3358 quamur·
