2583 3685
272 148 355 190 252

212 227 418 266 insistentes
464 220 678 258 libertatem
706 217 847 257 Christi
891 233 967 257 una
1006 233 1096 258 cum
1134 230 1328 274 praecepto

209 275 418 315 subeundae
449 274 606 321 mortis,
637 271 670 308 St
699 273 922 325 impotentia
950 274 1136 327 peccandi
1166 277 1218 315 ita
1237 288 1327 316 con-

205 329 411 368 ciliamus.

466 432 931 473 PROPOSITIO
995 435 1063 474 ΙΙΙ.

208 541 381 580 Christus
410 541 609 578 Dominus
652 543 694 578 in
735 540 940 579 subeunda
988 551 1113 579 morte
1154 541 1322 589 Crucis,

259 600 357 633 sicut
386 599 511 630 etiam
540 598 581 632 in
610 593 863 633 observantiis
885 598 990 646 juris
1032 604 1192 634 naturae
1219 609 1323 647 proe-

257 651 376 698 ceptis
406 646 501 686 liber
528 653 694 687 omnino
709 647 824 699 fuit.

255 755 346 794 225.
367 733 543 799 primo-
590 756 676 793 Jam
707 755 852 793 dictum
883 762 935 792 est
965 753 1169 794 Tom.1v.
1201 755 1234 792 8<
1265 755 1322 795 di—

198 809 363 847 cendum
408 812 521 848 etiam
565 807 660 847 alibi
704 809 800 857 erit,
849 808 1044 861 duplicem
1088 809 1269 861 distingui
1300 825 1321 847 a

201 861 403 915 Theologis
433 863 672 901 libertatem:
703 862 819 900 aliam
840 892 850 911 ,
881 876 970 914 quae
1000 863 1141 900 dicitur
1170 876 1198 900 a
1227 876 1320 901 coa-

199 919 354 965 ctione,
404 916 437 953 8<
468 930 555 969 quae
586 916 705 954 solam
735 915 902 955 excludit
945 924 1141 955 externam
1173 917 1320 956 violen-

198 970 316 1006 tiam:
347 971 380 1005 ὅ(
411 969 494 1007 haec
524 971 650 1010 vocari
669 969 760 1008 solet
789 968 951 1007 libertas
967 971 1197 1019 voluntatis,
1228 973 1321 1023 quia

198 1023 512 1062 vuluntasnostra
540 1040 562 1062 a
591 1023 700 1063 nulla
716 1033 871 1061 externa
900 1025 937 1062 vi
970 1025 1124 1075 proprie
1153 1027 1233 1075 cogi
1254 1038 1320 1077 po-

198 1084 292 1122 test3
322 1078 440 1114 aliam
470 1092 546 1116 esse
575 1077 790 1115 libertatem
813 1089 840 1114 a
868 1080 1138 1125 necessitate,
1168 1091 1231 1115 seu
1255 1091 1321 1115 ar-

194 1127 323 1180 bitrii,
352 1145 441 1184 quae
473 1141 524 1168 est
552 1140 711 1183 potestas
739 1132 785 1169 ad
819 1139 1051 1183 utrumque,
1095 1130 1129 1166 8<
1158 1145 1233 1169 non
1265 1146 1320 1170 so-

193 1181 276 1220 lum
308 1200 329 1221 a
358 1186 577 1233 coactione,
625 1186 688 1223 sed
719 1199 739 1222 a
769 1183 937 1236 simplici
967 1198 1121 1237 quoque
1159 1188 1320 1224 necessi-

192 1243 266 1274 tate
297 1239 480 1276 immunis
510 1254 585 1276 esse
612 1239 748 1276 debet.
779 1238 871 1286 Sic,
904 1247 941 1275 ut
973 1252 1051 1275 retn
1086 1238 1319 1277 illustremus

193 1292 407 1343 exempliS,
447 1292 551 1330 Deus
583 1295 619 1330 in
651 1294 728 1330 suis
756 1290 968 1329 actionibus
997 1292 1053 1329 ad
1079 1295 1190 1330 intra
1218 1293 1319 1331 liber

193 1352 246 1380 est
277 1345 452 1383 libertate
467 1347 676 1383 voluntatis
694 1376 703 1394 ,
733 1346 824 1398 quia
843 1344 949 1383 nulla
982 1346 1018 1382 in
1040 1360 1127 1383 euin
1151 1349 1317 1397 coactio,

191 1406 255 1434 aut
287 1399 466 1436 violentia
496 1400 622 1445 cadit3
668 1413 739 1437 non
770 1407 896 1436 autem
930 1398 1103 1437 libet-tate
1132 1399 1316 1450 arbitrii,

190 1453 281 1502 quia
314 1451 392 1488 ittae
423 1454 586 1491 actiones
616 1462 700 1491 sunt
730 1453 952 1492 necessariae
971 1480 981 1490 .
1033 1455 1071 1490 ln
1101 1456 1314 1493 actionibus

189 1514 316 1541 autem
348 1505 402 1543 ad
430 1515 578 1552 extra,
627 1516 665 1544 nt
694 1516 778 1545 suut
808 1508 975 1554 creatio,
1015 1507 1048 1542 &
1078 1510 1315 1548 conservatio

187 1555 304 1608 hujus
335 1562 466 1597 mundi
485 1590 494 1607 ,
527 1560 626 1598 liber
658 1561 750 1609 suit,
781 1561 813 1597 8(
830 1569 910 1608 est,
942 1559 1116 1598 libertate
1136 1562 1284 1600 arbitrii
1304 1589 1314 1601 .

244 1613 334 1656 224.
365 1613 536 1651 Ulterius
555 1614 695 1665 duplex
727 1624 778 1652 est
807 1614 1073 1665 distinguenda
1095 1615 1244 1654 arbitrii
1267 1617 1313 1655 li-

185 1662 310 1702 bertus
340 1680 384 1703 ex
414 1669 609 1705 communi
639 1670 811 1706 omnium
842 1670 1054 1718 sententia,
1084 1669 1161 1708 alia
1191 1684 1313 1722 qusin-

187 1725 268 1753 tum
299 1721 344 1756 ad
375 1721 735 1772 specificationenz,
783 1722 859 1760 alia
889 1731 1078 1774 quantum
1110 1724 1165 1760 αεὶ
1195 1738 1310 1762 exer-

186 1773 348 1807 citium..
380 1771 508 1810 Prima
524 1803 534 1820 ,
565 1789 651 1825 quae
673 1777 811 1813 dicitur
839 1777 955 1813 etiam
977 1775 1132 1816 libertas
1152 1788 1312 1816 contra-

189 1826 370 1871 rietatis,
402 1825 460 1862 vel
491 1825 753 1874 diversitatis,
803 1829 870 1866 illa
901 1839 977 1876 est,
1017 1846 1092 1881 qna
1125 1833 1173 1869 ita
1203 1832 1310 1871 volu-

188 1890 274 1913 mus
306 1891 453 1926 tinum,
505 1888 541 1916 ut
587 1881 773 1930 possimus
804 1880 903 1917 velie
934 1882 1039 1918 aliud
1083 1885 1275 1924 diversum
1299 1917 1309 1933 ,

189 1928 249 1966 vel
282 1933 394 1967 etiam
412 1934 642 1969 contrarium
663 1959 672 1970 .
703 1933 875 1971 Libertas
896 1943 1021 1971 autem
1043 1947 1229 1985 quantum
1256 1940 1311 1976 ad

188 1986 423 2020 exercitium
442 2013 451 2031 ‚
482 1985 560 2020 sive
575 1986 904 2024 contradictionis
926 1985 993 2023 illa
1025 1997 1102 2035 est,
1133 2003 1209 2039 qua
1225 1993 1309 2040 quis

188 2046 306 2087 potest
336 2037 483 2089 aliquid
513 2036 639 2085 velle,
671 2047 829 2076 autnon
860 2039 984 2085 velle-3
1016 2042 1115 2078 unde
1145 2043 1311 2080 liberunt

187 2089 391 2128 arbitrium
421 2092 566 2143 optime
593 2091 748 2129 definiri
781 2100 897 2142 potest
925 2105 1013 2129 cum
1035 2102 1160 2129 nostro
1179 2095 1312 2131 Lemo·

187 2143 244 2181 sio
261 2142 449 2181 facultas
465 2148 633 2183 rationis
649 2175 659 2193 ,
689 2145 739 2186 ὠ
769 2146 980 2182 voluntatis
997 2144 1051 2182 acl
1080 2146 1284 2197 agendum
1302 2177 1311 2194 ,

189 2197 247 2233 i'cl
275 2210 355 2235 non
385 2198 590 2250 agendum
609 2230 618 2248 ,
649 2198 704 2236 acl
730 2199 1047 2250 prosequendum
1079 2212 1225 2248 unum,
1257 2201 1314 2238 rel

188 2250 323 2288 aliut.
356 2252 452 2299 Quae
484 2253 657 2290 definitio
688 2253 802 2291 facile
831 2251 1085 2303 intelligitur,
1130 2255 1159 2290 si
1190 2256 1314 2291 consi-

188 2304 367 2353 deretur,
400 2305 496 2343 illud
526 2322 637 2358 agens
668 2306 834 2344 liberum
866 2321 964 2352 esse,
1004 2306 1105 2358 quod
1135 2316 1315 2359 operatur

189 2368 344 2409 propter
373 2359 491 2397 finem
523 2375 565 2397 ex
616 2362 831 2412 cognitione
861 2359 1128 2399 indifferentiae
1169 2362 1314 2399 inedio-

189 2424 276 2449 rutn
308 2413 354 2450 ad
385 2413 499 2451 finem
534 2414 625 2464 (a).

246 2466 337 2503 225.
369 2465 560 2505 Postremo
590 2482 668 2519 prae
698 2467 820 2506 oculis
869 2467 930 2505 hic
960 2467 1137 2506 habenda
1169 2477 1218 2506 est
1247 2468 1313 2505 do-

188 2518 309 2556 ctrina
338 2518 379 2557 S.
411 2519 573 2558 Thomae
606 2523 634 2559 1.
667 2520 706 2559 P.
737 2536 804 2574 qu.
825 2521 889 2560 62.
921 2530 990 2558 art.
1011 2521 1051 2559 8.
1081 2522 1126 2559 ad
1150 2522 1187 2560 5.
1219 2521 1251 2557 8<
1272 2537 1312 2560 a·

188 2571 289 2620 libi,
319 2573 465 2611 scilicet
496 2577 700 2626 potentiam
732 2575 977 2626 peccandiad
998 2589 1127 2612 veram
1146 2606 1156 2623 ,
1199 2577 1312 2613 ›erfe-

187 2635 365 2678 ctafnque
397 2627 609 2666 libertatem
641 2630 802 2666 minime
832 2631 1044 2681 pertinere:
1079 2629 1164 2678 Quo
1222 2629 1312 2667 libe-

186 2691 274 2716 rum
305 2680 541 2731 arbitrium,
571 2683 698 2735 inquit
722 2684 950 2733 Angelicus,
983 2682 1138 2720 diversa
1169 2683 1313 2735 eligere

189 2737 333 2783 possit,
363 2745 518 2773 servato
547 2735 793 2788 orilinefinis
811 2767 821 2783 ,
854 2736 923 2774 lzoc
952 2740 1121 2788 pertinet
1152 2736 1206 2774 acl
1225 2750 1310 2786 per-

178 2787 400 2835 fectionem
431 2788 622 2827 libertatis
652 2793 766 2838 ejus,
797 2790 867 2827 sect
881 2790 984 2841 quorl
1012 2791 1133 2842 eligat
1162 2792 1311 2842 aliquitl

193 2838 413 2880 ‹ltrertenrlo
427 2843 479 2881 ab
492 2844 632 2889 oriline
650 2840 781 2896 finis,
812 2845 912 2895 quod
929 2854 987 2881 est
1015 2857 1206 2894 peccare,
1238 2844 1310 2883 lzoc

189 2898 352 2939 pertinet
397 2897 452 2934 ad
496 2896 697 2949 defectum
727 2896 945 2936 libertatis.
994 2898 1085 2936 Vid.
1123 2900 1236 2936 etiam
1268 2900 1307 2937 in

193 2945 281 2983 Lib.
302 2949 349 2986 lt.
380 2950 557 2989 Sentent.
587 2951 685 2989 Dist.
707 2950 837 2990 XXV.
867 2965 934 3005 qu.
961 2965 994 2990 1.
1024 2961 1094 2990 art.
1121 2965 1154 2990 1.
1192 2953 1238 2990 ad
1271 2965 1309 2992 2.

192 2999 262 3037 His
293 3006 494 3050 praemissis

247 3052 337 3090 226.
368 3054 475 3094 Proh.
508 3060 635 3109 primo
664 3066 787 3095 nostra
817 3060 1024 3111 propositio
1052 3071 1096 3095 ex
1127 3060 1242 3097 sacris
1271 3073 1310 3097 o-

192 3106 360 3143 raculis.
403 3109 512 3147 isaias
540 3126 626 3164 cap.
649 3112 751 3149 Llll.
782 3113 995 3164 praedicens
1025 3121 1137 3150 totam
1167 3112 1310 3152 Christi

191 3159 352 3198 Domini
373 3163 582 3210 passionem
602 3195 612 3212 ,
643 3164 676 3201 &
699 3175 858 3204 mortem
876 3196 887 3215 ,
918 3167 1043 3219 inquit
1064 3180 1161 3206 vers.
1185 3181 1221 3219 7.
1254 3166 1308 3206 Ο-

237 3335 285 3370 (51)
314 3332 445 3365 Merito
471 3334 648 3367 Leinosius
668 3338 768 3371 Tom.
790 3340 830 3372 tt.
858 3350 936 3384 pag.
957 3339 1036 3382 342.
1063 3354 1097 3374 n.
1120 3342 1199 3374 151.
1228 3343 1306 3375 Mo-

188 3377 296 3412 linam
324 3378 572 3425 reprehendit,
613 3382 705 3425 quod
741 3383 924 3427 docuerit,
967 3389 1079 3423 solum
1104 3388 1305 3423 libertatem

766 140 846 183 DE
880 138 1131 183 INCARN.
1153 138 1333 187 'SEC'R
1356 139 1413 185 ΙΙ.
1445 140 1591 186 DISS.
1613 144 1694 189 IV.
1725 142 1855 191 CAP.
1880 150 1959 194 VI.

1396 220 1524 260 blatus
1552 231 1636 271 est,
1673 227 1768 273 quia
1795 229 1876 277 ipse
1904 229 2043 268 voluti.
2078 229 2140 269 tEt
2168 229 2311 270 clarius
2336 228 2509 274 Christus

1395 277 1476 328 ipse
1504 276 1642 314 Joann.
1663 277 1715 315 Χ.
1752 291 1812 329 17.
1852 280 2026 318 dicebat:
2072 283 2163 337 Ego
2192 299 2292 337 pono
2320 290 2510 325 animam

1395 343 1562 379 meam,
1592 338 1632 367 ut
1661 334 1804 368 iterum
1819 345 1983 370 sumam
2011 347 2132 375 eam:
2162 340 2391 377 nemotollit
2412 353 2509 378 eam

1391 397 1421 422 a
1452 397 1516 421 me
1531 398 1547 428 ;
1576 383 1646 422 sed
1662 397 1733 437 ego
1762 398 1863 436 pono
1884 399 1980 424 eam
2008 400 2038 424 a
2066 394 2234 442 meipso,
2263 394 2312 433 (90
2330 402 2506 443 potesta,-

1392 446 1473 475 tem
1503 437 1627 476 liabeo
1656 438 1828 490 ponendi
1870 452 1964 477 eam
1983 470 1993 488 ,
2041 441 2090 481 ἐν
2117 451 2351 491 potestatem
2387 445 2511 484 habeo

1392 495 1535 529 iterum
1563 492 1747 530 sumendi
1768 505 1861 530 eam
1878 520 1888 532 .
1918 493 1970 531 Ut
1999 502 2124 532 autem
2145 499 2348 536 ostenderet
2366 530 2376 548 ,
2406 513 2442 536 se
2463 498 2510 537 li-

1391 544 1527 584 berum
1556 547 1713 584 omnino
1734 560 1809 585 esse
1839 548 1879 585 in
1909 555 2029 585 morte
2048 547 2242 586 subeunda
2261 579 2271 596 ,
2301 554 2414 590 etiam
2446 564 2512 604 po-

1390 600 1459 637 sito
1489 609 1681 653 praecepto
1711 599 1856 648 Patris,
1886 601 2010 638 statim
2040 600 2189 638 subdit:
2220 601 2308 639 Hoc
2338 605 2512 643 manda-

1391 661 1476 689 tum
1507 657 1522 705 (
1552 654 1698 693 scilicet
1728 654 1893 706 ponendi
1923 655 2095 692 animam
2126 668 2231 693 suain
2256 654 2278 703 )
2318 663 2454 708 accepi
2480 671 2511 697 a

1393 704 1512 744 Patre
1542 721 1630 746 meo
1648 734 1657 745 .
1689 708 1857 745 Ulterius
1874 707 2011 746 Matih,
2028 707 2179 747 XXVI.
2203 708 2267 748 55.
2296 724 2374 762 seq.
2403 711 2514 750 Chri-

1390 767 1464 797 stus
1493 759 1601 798 Petro
1628 761 1803 800 dicebat:
1849 762 1913 799 An
1941 769 2086 813 putas,
2116 766 2212 811 quia
2241 776 2323 800 non
2351 776 2511 813 possum

1390 824 1537 863 rogare
1565 814 1730 852 Patrem
1761 828 1922 863 meum,
1966 815 2015 856 ὠ
2045 814 2238 854 exhibebit
2268 815 2366 854 milii
2395 816 2513 855 morlo

1388 865 1599 915 plusquam
1628 867 1836 907 duodecim
1867 869 2040 919 legiones
2071 870 2313 922 Angelorum
2331 869 2356 906 ?
2408 871 2511 921 Quo-

1390 918 1508 956 modo
1538 934 1630 996 ergo
1659 922 1918 973 implebuntur
1937 928 2170 973 scripturae,
2199 928 2294 976 quia
2314 928 2369 962 sic
2399 937 2512 975 opor-

1389 980 1444 1008 tet
1461 972 1585 1024 fieri.
2310 996 2316 1002 -

1447 1038 1538 1078 227.
1568 1025 1696 1065 Etiam
1726 1027 1854 1066 Sancti
1885 1029 2009 1068 Patres
2058 1029 2154 1068 hanc
2183 1031 2324 1069 Christi
2355 1031 2511 1068 liberta·

1389 1087 1463 1116 tem
1496 1082 1534 1117 in
1564 1090 1683 1118 morte
1712 1081 1907 1119 subeunda
1937 1085 2107 1122 unanimi
2139 1098 2324 1123 consensu
2361 1086 2510 1137 deprae-

1389 1133 1512 1171 «licant
1532 1160 1542 1171 .
1585 1134 1626 1172 S.
1657 1135 1888 1186 Augustinus
1920 1135 2007 1172 Lib.
2031 1136 2098 1173 1V.
2128 1138 2174 1174 r-le
2207 1137 2348 1176 Trinit.
2387 1153 2420 1175 c.
2450 1138 2510 1176 15.

1389 1187 1511 1235 dicit,
1542 1187 1736 1225 Christum
1766 1201 1841 1226 non
1862 1187 2071 1225 deseruisse
2103 1203 2381 1229 suam'carnem
2414 1195 2511 1228 inri-

1387 1248 1471 1277 tum
1489 1270 1499 1288 ,
1547 1241 1617 1278 secl
1645 1246 1739 1292 quia
1761 1242 1882 1280 ¹voluit
1900 1272 1910 1290 ,
1954 1240 2115 1292 quando
2129 1258 2131 1261 ⁴
2145 1242 2257 1279 coluit
2275 1272 2286 1290 ,
2304 1243 2510 1293 quomodo

1387 1295 1527 1332 rotule.
1566 1295 1614 1333 Et
1643 1297 1683 1333 S.
1714 1296 1791 1334 Leo
1820 1295 1946 1334 Serm.
1969 1295 2031 1333 111.
2062 1295 2110 1333 de
2132 1295 2336 1333 Passione
2365 1310 2448 1348 cap.
2473 1311 2512 1336 2.

1392 1347 1612 1399 Quiclquisl,
1662 1352 1740 1397 ait,
1771 1348 1947 1386 Domino
1977 1350 2189 1398 illusionis,
2228 1350 2277 1390 ἔθ’
2308 1358 2511 1387 contume-

1387 1401 1479 1450 ltae,
1509 1402 1691 1453 quidquid
1721 1407 1945 1441 vexationis
1963 1433 1972 1451 ,
2003 1404 2052 1443 ὅ]
2081 1417 2208 1455 poenae
2239 1403 2367 1441 intulit
2385 1403 2512 1454 furor

1388 1459 1597 1505 impiorum
1618 1487 1627 1505 ,
1659 1457 1801 1495 nonde
1834 1462 2074 1496 necessitate
2099 1459 2311 1496 toleratum
2330 1487 2341 1505 ,
2370 1457 2440 1493 seii
2461 1456 2510 1495 cle

1385 1510 1584 1548 voluntate
1606 1521 1837 1561 ,susceptum
1867 1520 1954 1549 est.
2002 1511 2136 1564 Neque
2167 1526 2315 1550 necesse
2345 1520 2423 1558 est,
2468 1512 2507 1548 in

1384 1577 1424 1600 re
1453 1573 1528 1602 tam
1561 1566 1757 1603 manifesta
1780 1565 1893 1617 plura
1923 1565 2089 1613 addere,
2120 1566 2166 1603 de
2194 1581 2271 1618 qua
2301 1577 2412 1602 nemo
2427 1577 2510 1601 am-

1382 1616 1506 1668 bigit.
1552 1618 1647 1656 Tota
1676 1618 1881 1656 difficultas
1911 1628 1961 1656 est
1992 1621 2029 1657 in
2060 1618 2131 1657 hac
2161 1618 2337 1658 libertate
2366 1616 2508 1656 Christi

1382 1684 1470 1708 cuin
1503 1672 1585 1723 ejus
1615 1673 1869 1725 impeccantia
1900 1673 2170 1711 concilianda.

1439 1725 1530 1763 228.
1562 1726 1636 1764 ‘Sos
1665 1741 1754 1763 cum
1786 1726 1827 1763 P.
1857 1725 2007 1764 Thoma
2050 1727 2096 1763 de
2126 1727 2263 1764 Lemos
2305 1726 2345 1763 in
2376 1724 2509 1762 Pano-

1381 1779 1463 1828 plia
1496 1778 1655 1816 Gratiae
1686 1780 1799 1817 Tom.
1823 1780 1869 1816 11.
1916 1779 2045 1816 'Fi-act.
2066 1780 2118 1817 V.
2148 1794 2235 1830 cap.
2263 1779 2323 1815 15.
2369 1779 2419 1815 ita
2447 1789 2510 1815 at·-

1381 1833 1497 1869 duam
1529 1832 1626 1870 hanc
1670 1832 1934 1870 difficultatem
1967 1831 2235 1882 explicandam
2267 1844 2345 1868 esse
2381 1843 2512 1868 cense-

1380 1900 1492 1924 mus.
1545 1886 1649 1924 Mors
1678 1888 1804 1924 crucis
1849 1888 1887 1924 in
1917 1902 1955 1924 se
1985 1886 2161 1923 absolute
2189 1884 2432 1923 considerata·
2460 1883 2508 1921 li-

1379 1939 1548 1977 berrime
1576 1956 1597 1978 a
1627 1940 1778 1978 Christo
1807 1951 1978 1992 suscepta
2010 1941 2108 1986 suit3
2156 1939 2258 1992 quod
2302 1950 2412 1976 nemo
2442 1951 2508 1976 ne·

1380 1995 1550 2041 gaverst,
1582 1994 1678 2031 facta
1703 1996 1928 2046 pi·‹‘r²,cisione
1956 2010 1978 2032 a
2009 2003 2201 2045 praecepto
2221 1991 2343 2030 Patris
2361 2021 2370 2039 ,
2402 2004 2505 2028 eam-

1382 2045 1467 2080 dem
1500 2056 1657 2082 mortem
1690 2049 1903 2085 subeundi:
1949 2048 2041 2100 quia
2072 2061 2172 2086 mors
2202 2048 2241 2084 in
2272 2060 2310 2083 se
2339 2044 2509 2083 conside-

1380 2106 1460 2134 Ϊίὶῐίὶ.
1491 2111 1563 2135 noll
1594 2107 1672 2134 erat
1716 2101 1886 2136 llledlUH]
1918 2103 2126 2138 necessario
2168 2113 2386 2138 conneXUID
2416 2112 2506 2136 CUln

1381 2149 1486 2196 fine,
1536 2152 1581 2187 ad
1625 2165 1740 2202 quem
1773 2151 1946 2189 voluntas
1975 2153 2116 2189 Christi
2156 2154 2398 2191 naturaliter
2426 2159 2507 2189 erat

1381 2200 1654 2239 determinata:
1701 2205 1872 2239 absolute
1902 2218 1990 2254 ergo
2019 2205 2210 2241 Dominus
2247 2214 2370 2241 noster
2398 2205 2506 2242 Jesus

1385 2252 1554 2290 Christus
1586 2263 1663 2291 erat
1707 2254 1807 2291 liber
1837 2255 1883 2291 ad
1928 2256 2129 2292 volendam
2149 2285 2159 2301 ,
2207 2257 2266 2292 vel
2298 2257 2504 2295 nolentiam

1386 2316 1575 2355 mortem,
1607 2321 1680 2345 non
1711 2308 1834 2346 solum
1867 2307 2040 2344 libertate
2070 2311 2278 2355 exercitii,
2322 2308 2381 2345 vel
2414 2321 2506 2346 con.-

1383 2361 1662 2409 tradictionis,
1710 2363 1773 2399 sed
1804 2363 1915 2398 etiam
1948 2360 2122 2399 libertate
2163 2360 2475 2414 specificationis
2495 2392 2507 2411 ,

1383 2416 1432 2455 (9-
1463 2420 1783 2453 contrarietatis.
1814 2415 1861 2453 At
1892 2428 1980 2453 vero
2011 2424 2248 2468 praeceptuin
2278 2419 2507 2466 positivum,

1383 2470 1432 2509 Θ
1462 2468 1625 2506 liberum
1656 2469 1801 2517 Patris,
1849 2470 2122 2520 superveniens
2165 2469 2215 2506 ab
2245 2473 2472 2507 extrinseco
2492 2500 2504 2518 ,

1383 2521 1482 2560 hanc
1511 2522 1651 2561 Christi
1682 2523 1894 2560 libertatem
1926 2536 2000 2559 non
2028 2523 2212 2569 abstulit5
2250 2536 2373 2575 neque
2403 2523 2507 2572 enim

1382 2575 1452 2614 hoc
1483 2586 1750 2629 praeceptum,
1801 2585 1927 2627 utpote
1955 2578 2231 2626 extrinsecum,
2271 2577 2504 2615 voluntatem

1381 2630 1522 2668 Christi
1554 2632 1798 2675 iintnutavit3
1828 2630 1891 2667 sed
1921 2629 2044 2667 solum
2075 2645 2120 2669 ex
2151 2645 2194 2668 eo
2225 2639 2417 2683 praecepto
2446 2631 2503 2668 fa·-

1382 2692 1598 2732 ctuin‘est,
1630 2693 1668 2720 ut
1699 2684 1873 2722 voluntas
1903 2683 2074 2735 ejusdem
2103 2684 2244 2723 Christi
2274 2684 2395 2722 libere
2425 2696 2504 2719 ino-

1381 2746 1534 2775 veretur
1562 2738 1609 2774 ad
1640 2736 1854 2789 eligendam
1885 2748 2044 2776 mortem
2076 2741 2224 2776 crucis:
2272 2750 2359 2789 ergo
2389 2737 2502 2773 etiam

1381 2792 1576 2843 supposito
1605 2790 1722 2828 Patris
1754 2801 1948 2843 praecepto
1977 2792 2151 2830 voluutas
2179 2792 2322 2830 Christi
2352 2803 2502 2827 reman-

1381 2847 1427 2883 sit
1457 2845 1580 2883 libera
1608 2845 1656 2882 ad
1685 2854 1814 2896 sponte
1844 2845 2069 2895 volendam,
2100 2846 2161 2886 vel
2193 2858 2265 2883 non
2296 2843 2500 2882 volendam

1381 2907 1541 2936 mortem
1561 2925 1570 2935 .
1686 2943 1692 2948 .

1436 2965 1528 3004 229.
1560 2950 1631 2988 Res
1661 2949 1875 2991 illustratur
1904 2951 2088 3002 exemplis
2118 2950 2339 2989 similibus.
2398 2950 2503 2988 Deus

1379 3007 1419 3044 in
1450 3005 1661 3043 actionibus
1690 3005 1744 3042 ad
1772 3016 1918 3053 extra,
1951 3014 2041 3057 puta
2070 3005 2293 3053 creationis,
2325 3003 2384 3042 vel
2414 3017 2502 3042 con-

1379 3059 1603 3098 servationis
1635 3058 1864 3106 hoininutn,
1913 3060 2062 3096 nemine
2095 3060 2305 3110 refragante
2348 3058 2502 3095 liberri-

1379 3128 1465 3152 mus
1494 3121 1571 3160 est,
1601 3112 1694 3163 quia
1716 3112 1800 3150 haec
1830 3114 1972 3150 creatio
1992 3144 2002 3163 ,
2033 3111 2091 3150 vel
2115 3115 2349 3151 conservatio
2378 3111 2501 3150 homi-

1377 3181 1473 3207 num
1497 3179 1575 3204 non
1606 3174 1656 3203 est
1685 3179 1775 3204 cum
1803 3167 1925 3218 ipsius
1953 3166 2106 3205 infinita
2134 3167 2302 3206 bonitate
2332 3175 2498 3204 necessa.-

2390 3232 2452 3258 rto

1375 3340 1634 3376 contrarietatis
1676 3338 1804 3374 habere
1842 3341 2016 3376 rationem
2053 3341 2164 3387 plenae
2194 3344 2225 3374 δε
2260 3340 2422 3385 perfectae
2449 3337 2492 3370 li-

1374 3388 1545 3423 bematis.
