2583 3685
251 120 308 166 48
776 108 856 151 DE
889 103 1033 148 INCA
1041 103 1136 147 RN.
1169 103 1239 146 SE
1247 102 1338 145 CT.

581 236 882 275 ritorosl'rlo
895 258 908 275 ·.

216 346 339 385 Nulla
369 352 427 383 est
455 347 722 395 repugnantia
751 346 791 380 in
817 343 959 380 divinoe
987 344 1275 380 incarnationis

394 400 586 449 mysterio
604 412 618 440 ,-
655 396 831 446 adeoque
859 395 1092 448 impossibile

590 448 677 486 Deo
706 462 785 486 non
815 458 894 486 est.

247 573 306 610 ³7·
331 531 389 599 Id
416 565 543 594 autem
572 555 752 607 probatur
781 557 933 607 prium,
967 555 1057 606 quia
1086 567 1157 592 nou
1186 553 1296 590 debet

188 613 354 664 reputari
385 607 621 661 impossibile
638 638 649 655 ,
678 610 749 646 nisi
774 608 867 646 illud
887 607 1010 645 solum
1027 637 1038 655 ,
1067 607 1165 657 quod
1189 619 1296 657 aper-

189 674 266 703 tam
298 663 454 700 involvit
483 662 838 707 comradictioneu13
869 669 905 697 ut
937 662 1039 697 enim
1059 661 1200 696 dic-itur
1221 660 1297 696 Lu-

188 731 245 755 cae
277 716 419 755 Xtht.
452 727 539 765 27.:
574 713 675 764 Quae
705 713 958 766 impossibilia
987 721 1077 750 sunt
1107 711 1213 761 apud
1233 710 1297 748 ho-

190 775 318 808 mines
336 800 346 818 ,
375 768 573 821 possibilia
601 777 691 805 sunt
721 767 826 819 apud
855 767 1019 810 Deum3
1057 767 1161 816 atqui
1191 764 1300 802 nulla

189 833 244 862 est
274 823 523 875 repugnantia
539 850 550 868 ,
579 829 643 858 aut
664 821 912 858 contradictio
932 820 1032 871 quod
1049 817 1222 855 Verbum
1243 818 1301 855 ‹li-

186 879 322 916 vinum
351 875 422 913 sibi
445 872 594 926 copulet
614 875 849 922 arctissimo,
877 873 912 909 8(
944 870 1197 910 indissolubili
1220 873 1303 908 vin-

188 929 276 969 culo
305 937 481 967 naturam
513 926 747 973 humamm3
777 926 930 964 nullum
953 926 1097 978 quippe
1118 923 1302 962 hacteuus

189 982 348 1020 all-atum
377 990 457 1028 est,
487 988 551 1017 aut
579 979 705 1017 afferri
738 988 853 1029 potest
881 988 1148 1029 argumentum
1166 1006 1177 1024 ,
1224 989 1303 1028 quo

188 1036 424 1081 ostendatur,
464 1034 532 1070 hoc
562 1031 757 1070 ineffabile
786 1033 929 1069 divinae
959 1031 1134 1067 bonitatis
1163 1038 1302 1081 myste-

188 1091 290 1128 rium
322 1097 458 1135 restae,
488 1099 668 1137 sanaeque
697 1085 831 1122 rationi
861 1094 1093 1135 repugnare:
1124 1095 1211 1133 ergo
1232 1082 1301 1120 &c-

188 1142 272 1180 Hoc
314 1149 532 1192 argumento
575 1153 663 1178 usus
704 1147 757 1175 est
803 1136 1061 1187 Archangelus
1099 1135 1300 1183 Gabriel,

188 1196 340 1247 quando
355 1195 397 1231 B.
418 1193 558 1232 Mariae
580 1193 730 1243 Virgini
761 1204 944 1229 arcanum
976 1190 1045 1226 hoc
1075 1189 1302 1239 mysterium

190 1249 233 1285 ad
276 1247 504 1286 credendum
542 1246 764 1298 proposuit,
813 1245 988 1295 inquiens
1019 1243 1135 1279 Lucae
1179 1241 1206 1279 l.
1238 1241 1303 1291 57.

190 1305 284 1351 onia
330 1313 411 1337 non
459 1303 530 1337 erit
579 1296 816 1348 impossibile
863 1296 970 1348 apud
1006 1295 1142 1333 Deum
1182 1306 1303 1332 omne

188 1354 344 1393 t‘erltum
361 1379 371 1390 .

247 1409 307 1444 13.
336 1406 536 1444 Secunde.
565 1405 650 1444 Non
681 1412 886 1457 repugnat,
916 1401 1044 1454 plures
1064 1401 1240 1439 Personas
1261 1402 1302 1439 in

189 1472 265 1497 una
296 1460 506 1509 eademque
548 1467 709 1497 numero
751 1466 885 1495 natura
927 1457 1120 1504 inveniri,
1169 1469 1302 1507 quem-

184 1513 392 1551 admodum
422 1512 468 1550 de
498 1511 753 1550 Sanctissimae
785 1510 983 1548 Trinitatis
1020 1510 1202 1562 mysterio
1239 1509 1303 1545 de-

188 1575 434 1605 monstratum
464 1579 486 1602 a
513 1564 622 1603 nobis
652 1566 726 1602 fuit
769 1567 785 1614 (
816 1563 938 1601 Tomo
969 1564 1035 1601 ΙΙΙ.
1079 1562 1238 1601 Dissert.
1270 1561 1301 1598 Ι.

187 1634 273 1671 cap.
305 1619 342 1664 4.
373 1619 413 1666 );
461 1631 584 1670 neque
614 1619 729 1669 igitur
771 1617 1024 1668 repugnabit,
1071 1616 1164 1652 duas
1193 1622 1302 1651 natu-

189 1686 275 1720 ras,
306 1672 505 1719 divinam,
537 1670 571 1706 ἃ
600 1669 811 1708 humanam
842 1671 878 1707 in
909 1681 985 1706 uno
1004 1668 1196 1719 supposito
1216 1679 1303 1703 con-

189 1723 299 1776 iungi
317 1750 328 1762 .

250 1790 309 1829 ¹9·
340 1775 468 1814 Tertio
497 1773 669 1828 aliquam
707 1774 823 1828 hujus
865 1774 1037 1826 mysterii
1080 1769 1300 1810 similitudi-

189 1844 279 1869 nem
298 1861 308 1878 ,
339 1831 484 1867 tametsi
514 1828 731 1880 longissime
760 1829 958 1866 distantem
976 1856 987 1875 ,
1031 1825 1137 1863 nobis
1166 1838 1303 1876 suppe-

188 1884 281 1921 ditat
322 1882 538 1933 conjunctio
579 1883 722 1920 animae
752 1896 842 1919 cum
884 1894 1040 1932 corpore
1077 1879 1123 1916 ad
1160 1879 1305 1917 indivi-

188 1936 309 1973 duum
340 1934 536 1972 hominem
565 1935 898 1979 constituendum3
927 1933 1102 1985 quamvis
1132 1932 1234 1969 enim
1265 1945 1304 1967 a·

189 1990 294 2026 nima
323 1989 367 2024 sit
397 1997 540 2024 naturae
571 2002 593 2024 a
619 2000 778 2038 corpore
806 1989 964 2024 omniuo
983 1987 1164 2032 diversae,
1196 1992 1305 2035 utpo-

189 2051 225 2078 te
252 2039 490 2092 spiritualis,
538 2042 659 2092 potuit
689 2049 814 2077 tamen
854 2040 987 2076 divina
1028 2038 1306 2089 omnipotentia

189 2097 241 2133 ita
272 2103 476 2144 utrumque
503 2092 760 2144 conjungere,
805 2101 844 2128 ut
874 2104 949 2128 una
988 2091 1074 2127 inde
1111 2089 1305 2127 resultaret

190 2147 360 2185 humana
389 2155 541 2184 natura:
572 2147 656 2197 pari
686 2159 774 2196 ergo
804 2144 945 2181 ratione
973 2143 1093 2194 potuit
1114 2143 1217 2179 Deus
1237 2157 1304 2180 na—

190 2211 315 2238 turam
346 2199 556 2236 humanam
586 2198 658 2236 sibi
689 2207 767 2235 tam
809 2206 910 2234 arcte
938 2195 1145 2246 copulare,
1192 2203 1229 2230 ut
1259 2207 1302 2230 u—

193 2268 283 2291 num
314 2262 510 2303 exurgeret
539 2253 775 2303 suppositum
804 2250 977 2289 divinum
1001 2249 1040 2286 in
1067 2247 1217 2285 duabus
1236 2260 1304 2284 na-

192 2307 285 2345 turis
315 2305 515 2343 subsistens
546 2305 633 2355 (a).

251 2373 315 2397 ρο.
344 2357 436 2409 Obj.
467 2360 619 2410 primo.
666 2357 707 2395 Si
737 2358 839 2395 Deus
876 2355 1086 2393 humanam
1129 2362 1306 2391 naturam

195 2412 444 2466 hypostatice
473 2411 750 2463 assumpsisset,
779 2418 842 2447 aut
872 2419 962 2446 esset
983 2416 1146 2451 mutatus
1166 2409 1204 2444 in
1224 2419 1307 2444 cor-

196 2481 294 2518 pu8,
323 2475 386 2502 aut
415 2463 548 2503 saltem
577 2473 667 2501 esset
697 2464 815 2501 virtus
844 2463 883 2499 in
913 2475 1095 2513 corpore3
1132 2461 1235 2512 atqui
1268 2473 1308 2496 u-

195 2530 374 2570 trumque
404 2518 513 2566 Deo,
549 2519 626 2554 enti
654 2514 939 2567 simplicissimo
969 2522 1179 2566 repugnat,
1223 2525 1311 2565 ergo

197 2575 309 2611 etiam
341 2580 526 2622 repugnat
556 2571 682 2608 Deum
713 2570 932 2606 incarnari.

252 2639 316 2666 21.
348 2624 458 2677 Resp.
488 2637 532 2662 ex
562 2623 735 2662 doctriua
750 2621 1022 2661 lncarnatiouis
1037 2617 1230 2672 superiore
1249 2633 1310 2658 ca-

199 2777 374 2816 nationis,
409 2775 500 2821 quod
527 2770 695 2810 ‹loctrinae
722 2769 933 2809 Christianae
960 2781 1088 2819 caput,
1130 2769 1160 2806 ἃ
1187 2764 1313 2808 suntla-

200 2830 356 2856 tuentum
381 2829 454 2856 est.

253 2873 298 2904 (a)
324 2866 528 2902 subtiliores
554 2867 760 2902 Scholastici
785 2875 853 2900 non
887 2867 1064 2900 immerito
1100 2866 1313 2906 observent,

203 2910 387 2955 dupliciter
424 2915 657 2949 demonstrari
702 2925 800 2959 posse
842 2911 976 2957 aliquid
1012 2920 1085 2944 esse
1121 2912 1312 2955 possibile,

204 2969 325 3001 nempe
350 2965 520 3001 positive,
562 2959 700 3004 quando
723 2963 858 2994 directe
882 2959 1051 3004 probatur·
1083 2956 1137 2989 vel
1164 2969 1205 2990 ex
1232 2970 1313 2990 cau-

206 3016 268 3043 m,
292 3005 348 3035 vel
372 3017 410 3037 ex
439 3007 559 3040 effectu
590 3005 723 3050 aliquid
750 3019 767 3039 a
794 3005 869 3039 Deo
895 3005 967 3037 fieri
993 3015 1117 3048 posse3
1143 3008 1183 3037 (9·
1208 3016 1313 3047 nega-

202 3052 297 3088 tive,
324 3050 460 3092 quando
485 3054 596 3086 solum
623 3061 829 3096 argumenta
856 3052 1065 3090 solvuntur,
1090 3062 1166 3094 quae
1193 3060 1312 3084 contra

203 3096 255 3129 rei
284 3096 548 3139 possibilitatem
583 3099 795 3131 afferuntur.
838 3099 954 3131 Primo
979 3095 1080 3130 modo
1119 3096 1314 3130 communi-

207 3150 262 3175 ter
278 3150 422 3184 negatur
435 3163 445 3180 ‚
470 3144 607 3185 probari
626 3151 722 3188 posse
738 3166 748 3184 ,
775 3144 1053 3178 incarnationem
1066 3144 1129 3175 Dei
1149 3154 1221 3174 esse
1236 3153 1314 3186 pos-

204 3188 370 3227 sibilem,
411 3188 491 3230 quia
518 3190 624 3232 ipsius
652 3191 745 3223 nulla
773 3192 839 3224 alia
866 3199 916 3224 est
944 3203 1072 3230 causa,
1110 3189 1176 3221 nisi
1204 3189 1314 3232 impe-

204 3234 387 3267 netrabilis
414 3233 476 3265 Dei
502 3235 688 3275 voluntas3
726 3249 787 3268 nec
815 3239 846 3270 in
875 3237 977 3269 r'ebits
1011 3235 1232 3268 naturalibus
1261 3234 1314 3266 nl-

203 3280 258 3313 lus
280 3288 333 3317 vest
362 3279 468 3323 ipsius
494 3278 656 3318 effectus,
681 3294 759 3314 enm
787 3284 859 3326 ipsa
885 3285 930 3316 sit.
956 3281 1087 3315 ordinis
1106 3289 1314 3324 supernatu-

202 3327 311 3360 rause
343 3334 451 3359 restat
477 3335 583 3368 ergO,
609 3334 646 3358 ut
673 3327 784 3360 allatae
811 3331 961 3364 rationes
986 3340 1054 3361 non
1082 3327 1313 3366 concludant,

1361 102 1417 144 ΙΙ.
1450 102 1593 144 DISS.
1617 103 1650 145 1.
1684 102 1811 146 CAP.
1833 103 1888 146 ΙΙ.

1366 181 1443 232 pite
1472 182 1638 231 exposita
1655 209 1665 227 ,
1698 180 1869 219 Verbum
1897 182 2070 220 divinum
2101 192 2176 218 non
2198 180 2311 218 fuisse
2331 180 2369 217 in
2390 192 2472 218 car-

1366 247 1411 270 ne
1439 246 1690 280 conversum,
1734 247 1804 270 nec
1835 235 1908 284 ipsi
1936 236 1987 271 ita
2025 236 2173 272 unitum
2192 263 2201 280 ,
2245 234 2350 284 quasi
2381 242 2474 272 esset

1365 287 1530 337 corporis
1561 286 1705 333 forma,
1735 286 1796 322 sed
1825 285 2030 324 humanam
2059 296 2234 325 naturam
2267 290 2302 323 in
2331 299 2368 324 se
2388 299 2473 338 per·

1365 339 1502 376 fectam
1531 338 1672 375 divinae
1703 335 1918 389 copulatam
1948 340 2064 377 fuisse
2091 341 2129 377 in
2162 341 2305 378 unitate
2333 351 2471 390 suppo·

1364 392 1450 437 siti;
1500 392 1596 429 uude
1626 404 1699 428 non
1729 393 1923 441 sequitur,
1970 391 2142 429 Verbum
2173 405 2249 430 esse
2292 393 2472 431 virtutem

1364 446 1404 483 in
1434 457 1587 496 corpore
1605 473 1615 492 ,
1660 443 1874 493 cujusmodi
1904 453 1955 480 est
1984 446 2113 481 anima
2142 445 2334 494 humana,
2382 458 2471 496 quae

1365 507 1416 535 est
1446 498 1567 535 forma
1597 497 1766 548 corporis
1795 496 2072 534 substantialis·

1419 563 1483 589 22.
1516 550 1645 601 Neque
1675 550 1765 586 huic
1807 548 2067 599 conjunctioni
2110 548 2289 588 humanae
2331 558 2476 588 naturae

1363 618 1452 643 cum
1481 604 1613 641 divina
1640 603 1758 641 obstat
1788 602 1938 639 infinita
1967 603 2063 638 inter
2107 611 2306 653 utramque
2333 604 2474 642 distau-

1364 659 1456 694 stia:
1504 666 1542 694 ut
1572 658 1672 694 enim
1717 656 1811 694 bene
1853 656 2026 692 observat
2056 654 2096 692 S.
2127 653 2296 692 Thomas
2335 656 2374 693 in
2405 657 2474 694 ΙΙΙ.

1366 709 1475 747 Sem.
1508 710 1602 748 Dist.
1636 711 1664 747 1.
1701 718 1835 761 quaest.
1872 722 1903 745 ι.
1940 717 2010 745 art.
2046 720 2079 744 1.
2109 707 2156 744 ad
2186 707 2252 753 3.‚
2300 710 2476 759 quamvis

1368 764 1464 800 inter
1493 762 1578 800 illas
1607 764 1699 800 duas
1729 774 1880 800 naturas
1924 761 2072 799 infinite
2113 760 2290 797 distantes
2332 772 2406 797 non
2435 763 2480 799 sit

1371 817 1562 867 proportio
1591 820 1768 853 emittitis
1796 817 1845 855 (θ’
1875 816 2302 860 commensurationis,
2346 821 2396 849 est
2426 821 2479 850 ta—

1370 881 1457 904 men
1489 869 1665 919 quaedam
1695 872 1887 920 proportio
1915 867 2089 914 ordinis,
2133 866 2274 904 scilicet
2305 867 2482 916 potentiae

1371 922 1504 958 activae
1536 921 1634 969 Dei,
1672 937 1760 973 quse
1791 931 1842 959 est
1873 920 2021 958 infinita
2042 950 2050 966 ,
2097 918 2129 955 δι
2161 920 2334 971 potentiae
2368 920 2483 970 passi-

1370 986 1430 1009 vae
1461 973 1498 1010 in
1529 983 1726 1020 creatura3
1757 988 1831 1026 quo
1861 974 1922 1021 fit,
1954 984 1992 1010 ut
2014 973 2188 1010 Verbum
2219 973 2395 1010 divinum
2416 986 2484 1023 po-

1371 1027 1483 1063 tuerit
1512 1025 1719 1064 humanam
1750 1037 1925 1065 naturam
1957 1027 1992 1064 in
2013 1027 2244 1065 consortium
2265 1027 2406 1064 divinae
2427 1039 2484 1062 as-

1370 1092 1546 1116 sumere.

1426 1132 1489 1170 23.
1522 1132 1663 1183 Urgent
1693 1140 1817 1170 tamen
1846 1133 2039 1181 dicentes,
2077 1148 2098 1171 a
2128 1133 2210 1171 Deo
2240 1146 2312 1170 non
2344 1135 2484 1184 potuis-

1370 1199 1409 1223 se
1439 1187 1579 1223 assumi
1612 1184 1826 1234 malitiam,
1856 1199 1943 1237 quae
1975 1199 2045 1224 non
2074 1189 2194 1235 magis
2213 1187 2361 1224 distata
2381 1199 2484 1223 sum-

1371 1253 1434 1276 ma
1464 1238 1655 1287 bonitate,
1686 1252 1803 1290 quam
1833 1237 2046 1275 humanitas
2076 1253 2097 1275 a
2128 1235 2234 1276 Deo.

1428 1291 1491 1336 24.
1523 1290 1734 1343 Respondet
1763 1301 1888 1329 autem
1919 1291 1960 1328 S.
1991 1290 2066 1328 Th.
2089 1292 2126 1329 5.
2157 1290 2197 1327 Ρ.
2226 1305 2265 1341 q.
2291 1304 2324 1328 1.
2354 1300 2423 1329 art.
2451 1304 2484 1328 1.

1372 1344 1417 1382 ad
1450 1345 1515 1392 5.,
1559 1345 1766 1382 humanam
1797 1353 1972 1383 naturam
2003 1358 2081 1382 esse
2120 1345 2328 1381 institutam
2358 1358 2380 1379 a
2410 1344 2481 1380 Dei

1372 1399 1555 1449 sapientia
1573 1428 1583 1445 ,
1614 1399 1646 1434 &
1676 1398 1887 1436 ordinatam
1909 1398 1955 1435 ad
1979 1398 2048 1434 Dei
2071 1397 2278 1434 bonitatem
2296 1425 2306 1443 ,
2337 1407 2410 1432 non
2433 1397 2488 1433 sic

1372 1462 1498 1490 autem
1530 1451 1676 1489 malum
1706 1451 1861 1501 culpae,
1903 1451 2004 1502 quod
2032 1451 2285 1487 committitur
2326 1460 2394 1498 per
2423 1461 2484 1485 re-

1371 1518 1528 1543 cessum
1558 1503 1608 1541 ab
1637 1513 1724 1542 arte
1753 1504 1896 1542 divinoe
1924 1507 2158 1552 sapientiae,
2188 1504 2237 1542 <J
2266 1500 2317 1539 ab
2345 1500 2486 1539 ordine

1372 1558 1515 1596 divinoe
1543 1557 1760 1602 bonitati55
1799 1558 1919 1608 potuit
1948 1570 2035 1609 ergo
2066 1557 2190 1608 prima
2219 1569 2241 1592 a
2272 1555 2352 1592 Deo
2382 1567 2485 1592 assu-

1370 1612 1454 1657 mi,
1484 1624 1558 1648 non
1589 1620 1713 1648 autem
1748 1610 1922 1648 malitia.

1428 1664 1491 1700 25.
1523 1663 1614 1714 Obj.
1645 1664 1836 1702 secundo,
1867 1663 1906 1700 Si
1937 1663 2067 1701 divina
2088 1662 2250 1700 Persona
2269 1660 2390 1698 Verbi
2421 1674 2484 1701 ve-

1372 1730 1412 1753 re
1440 1718 1697 1768 assumpsisset
1727 1726 1898 1754 naturam
1921 1746 1931 1763 ,
1963 1716 2056 1754 facta
2077 1717 2201 1752 fuisset
2219 1715 2264 1751 de
2281 1726 2376 1751 novo
2395 1713 2486 1751 sub-

1371 1772 1500 1807 sistens
1530 1771 1568 1806 in
1613 1779 1745 1807 natura
1775 1769 1964 1820 humana:
2014 1783 2100 1820 ergo
2143 1769 2272 1805 fuisset
2315 1767 2486 1804 substau-

1372 1822 1511 1861 tialiter
1553 1831 1717 1868 mutata;
1765 1824 1864 1875 quod
1907 1822 1990 1860 Deo
2031 1823 2108 1860 euti
2151 1820 2386 1859 immutabili
2415 1832 2488 1856 ‘re-

1374 1886 1516 1928 pugnat
1533 1902 1543 1914 .

1430 1929 1492 1967 26.
1525 1928 1636 1982 Hesp.
1666 1938 1781 1967 totam
1812 1929 2059 1968 mutationem
2085 1930 2222 1967 factam
2254 1942 2330 1966 esse
2362 1928 2398 1965 in
2419 1943 2486 1967 na-

1372 1991 1456 2019 tura
1485 1982 1655 2020 humana
1673 2013 1683 2030 ,
1713 1996 1802 2035 quae
1833 1984 1904 2020 fuit
1933 1998 1956 2021 a
1976 1983 2106 2021 Verbo
2135 1992 2326 2033 assumpta
2347 1982 2383 2019 in
2405 1995 2490 2019 con-

1373 2037 1530 2072 sortium
1562 2036 1701 2072 divinae
1733 2046 1879 2073 naturae
1898 2066 1908 2083 ‚
1939 2037 1972 2072 8(
2002 2037 2211 2074 secundum
2241 2037 2339 2074 hanc
2369 2035 2489 2073 solam

1372 2088 1514 2126 dicitur
1544 2087 1717 2125 Verbum
1749 2090 1785 2125 in
1817 2098 1920 2125 utero
1940 2088 2110 2141 Virginis
2139 2097 2390 2139 conceptum,
2420 2103 2486 2126 na-

1373 2149 1481 2187 tum,
1513 2155 1660 2191 passum
1680 2171 1690 2188 ,
1720 2141 1753 2176 8(
1785 2150 2001 2178 mortuum:
2051 2153 2122 2177 nou
2154 2150 2280 2177 autem
2312 2142 2349 2177 in
2379 2151 2487 2178 natu-

1371 2205 1415 2228 ra
1442 2193 1601 2240 divina,
1630 2207 1716 2244 quae
1740 2193 1994 2232 aeternaevt&
2024 2193 2305 2231 immutabilis.
2339 2193 2489 2239 Quam-

1372 2244 1507 2281 obrem
1535 2245 1709 2283 observat
1741 2247 1781 2283 S.
1818 2247 2047 2297 Augustinus
2077 2247 2116 2283 iu
2147 2246 2235 2284 Lib.
2266 2245 2488 2283 LXXXIII.

1378 2295 1531 2346 Quaest.
1561 2305 1695 2348 quaest.
1728 2298 1793 2348 73.
1823 2297 1871 2335 T.
1903 2298 1971 2335 Vl.
2017 2299 2238 2348 Apostolum
2280 2299 2416 2336 dixisse
2445 2299 2495 2337 de

1375 2349 1581 2402 Unigenito
1610 2349 1712 2388 Filio
1741 2351 1841 2398 Dei,
1880 2351 1982 2403 quod
2012 2350 2145 2388 habitu
2174 2352 2220 2387 sit
2250 2352 2422 2389 inventus
2451 2360 2492 2389 ut

1377 2402 1493 2441 homo
1530 2403 1577 2442 ad
1607 2403 1777 2455 Philipp.
1808 2404 1856 2441 ΙΙ.
1889 2418 1924 2455 7.
1943 2433 1953 2451 ,
2004 2413 2043 2441 ut
2072 2403 2368 2455 intelligeremus
2411 2417 2493 2441 non

1379 2465 1579 2494 mutatum
1608 2470 1695 2495 esse
1721 2455 1891 2494 Verbum
1919 2458 2150 2508 susceptione
2181 2456 2367 2505 hominis,
2396 2458 2495 2495 sicut

1376 2522 1449 2548 nec
1478 2509 1653 2548 membra
1683 2519 1784 2548 veste
1812 2510 1945 2548 induta
1974 2520 2168 2548 mutantur
2198 2509 2254 2560 (b)
2272 2537 2282 2548 .

1434 2576 1500 2614 27.
1530 2564 1668 2602 Dices.
1699 2565 1739 2601 ln
1769 2564 2028 2602 incarnatione
2059 2563 2233 2601 Verbum
2263 2563 2492 2602 humanitati

1377 2630 1492 2665 vere,
1533 2616 1567 2652 8<
1595 2617 1797 2655 intrinsece
1827 2618 1980 2656 unitum
2009 2617 2176 2664 dicitur,
2218 2619 2280 2656 cui
2310 2626 2418 2654 antea
2448 2630 2494 2652 u-

2383 2682 2442 2705 m-

1380 2765 1446 2806 nisi
1473 2782 1568 2805 mere
1594 2775 1776 2815 megasium
1800 2768 1891 2816 quod
1918 2769 2067 2815 amplius
2086 2766 2266 2812 apparebit
2287 2765 2322 2799 in
2347 2764 2493 2798 solutio·

1382 2831 1423 2851 ne
1451 2826 1758 2862 argumentorum.
1797 2819 1938 2851 seclusa
1965 2826 2079 2849 tamen
2103 2814 2168 2848 hac
2196 2812 2494 2846 scholasticorum

1383 2860 1602 2903 subtilitate,
1646 2864 1744 2896 nobis
1770 2865 1896 2897 sufficit.
1933 2867 2137 2906 argumenta
2166 2859 2385 2897 Gentilium,
2427 2857 2492 2888 Ju-

1382 2910 1536 2943 daeorum
1552 2930 1563 2949 ,
1589 2921 1628 2941 ac
1654 2908 1915 2942 'Socinianorum‘
1931 2930 1942 2948 ‚
1966 2908 2092 2951 quihus
2118 2906 2181 2938 hoc
2200 2905 2407 2949 mysterium
2426 2903 2494 2934 im—

1380 2956 1544 3000 possibile
1567 2967 1638 2987 esse
1654 2977 1663 2995 ‚
1690 2958 1721 2986 8<
1748 2956 1874 2988 rationi
1903 2964 2094 2998 repugnare
2119 2950 2357 2991 contendunt,
2382 2962 2423 2982 ex
2438 2960 2495 2981 ra-

1384 3003 1474 3034 tione
1501 3002 1574 3044 ipsa
1600 3002 1757 3033 refellere
1773 3023 1781 3031 .

1428 3049 1475 3089 (b)
1500 3047 1623 3080 Obiter
1649 3057 1834 3086 notamus,
1874 3046 1964 3079 hanc
1989 3045 2256 3078 similitudinem
2292 3040 2494 3077 vestimenti

1383 3101 1484 3127 caute
1511 3092 1746 3136 accipiendam
1774 3103 1846 3125 esse
1868 3115 1878 3132 ,
1920 3105 1962 3124 ne
1989 3093 2022 3124 iu
2050 3102 2202 3124 errorem
2239 3091 2380 3124 illorum
2407 3087 2493 3120 inci—

1383 3140 1529 3179 damus,
1554 3140 1613 3182 qui
1641 3138 1894 3172 humanitatem
1923 3151 1940 3171 a
1962 3139 2076 3172 Verbo
2102 3146 2318 3183 assumptam
2337 3146 2410 3169 esse
2434 3131 2495 3164 ‹lo-

1385 3187 1508 3220 cebant
1533 3187 1630 3217 modo
1655 3187 1866 3218 accidentali
1884 3207 1894 3225 ,
1922 3195 1961 3218 ut
1988 3185 2030 3218 ab
2057 3185 2194 3217 homine
2221 3183 2411 3216 assumitur
2435 3189 2493 3208 ve-

1384 3234 1606 3270 stixnentun„
1634 3244 1719 3275 quos
1740 3232 1895 3264 confutat
1911 3232 1944 3264 S.
1967 3231 2120 3264 Thomas
2141 3232 2179 3263 L.
2194 3230 2252 3263 lV.
2266 3230 2364 3261 Cont.
2387 3225 2490 3258 Gent-

1384 3290 1459 3323 cap·
1487 3280 1570 3321 37·5
1598 3281 1629 3311 ἃ
1653 3290 1714 3312 nos
1740 3280 1846 3312 etiam
1872 3290 1934 3313 suo
1959 3278 2036 3312 loco
2061 3276 2342 3312 confutabimus.
