2583 3685
926 185 1007 230 DE
1041 183 1177 229 VOC.
1211 182 1504 228 GENTIUM
1519 214 1529 226 .

78 279 166 310 vere
193 266 444 308 salvatorem
472 264 611 303 mundi
629 264 764 305 Joann.
785 264 835 303 V.
866 263 1054 304 Praeterea
1083 264 1190 316 jussit

79 321 289 377 Apostolis,
318 329 358 358 ut
385 328 522 358 euntes
550 323 591 357 in
612 318 806 357 mundum
836 323 1060 357 universum
1089 330 1190 366 proe-

78 375 257 415 &carent
276 371 543 424 Evangelium
572 377 683 411 omni
712 382 911 412 creaturoe
932 372 1056 411 Marci
1078 370 1188 410 xvi.

81 429 142 470 15.
169 426 218 465 Et
253 425 326 466 hoc
362 428 487 479 ipsum
519 427 641 465 fuerat
669 442 691 465 a
721 425 917 480 Prophetis
957 425 1187 478 praedictum

74 478 183 521 lsaiae
203 479 346 519 LXVI.
381 491 466 532 ¹9*
497 479 617 518 Mitte
645 493 698 519 ex
727 484 808 528 eis,
837 482 902 529 qui
929 479 1070 516 salvati
1087 476 1186 528 fue-

71 535 179 583 rint,
207 533 264 572 ad
317 542 427 572 entes
457 537 498 570 in
527 547 676 572 mare:
705 537 747 571 in
776 533 992 584 Africam,
1022 531 1072 571 (9·
1101 529 1187 582 Ly-

70 586 183 625 diam
211 597 280 626 ten
309 596 418 626 entes
446 591 671 640 sagittam:
701 590 741 624 in
771 586 934 624 Italiam
952 614 963 632 ,
992 584 1041 624 (9·
1074 582 1187 620 Groe-

72 643 183 679 ciam
200 670 211 690 ,
241 640 296 679 ad
324 641 478 679 insulas
506 641 622 691 longe
643 671 654 689 ,
690 639 746 677 ad
773 652 866 687 eos,
909 641 974 687 qui
1002 650 1082 674 non
1112 649 1184 674 au-

70 692 227 733 dierunt
254 693 305 733 de
333 707 426 742 me,
453 695 503 736 <9
519 707 598 732 non
627 692 801 731 viderunt
828 692 1001 744 gloriam
1017 702 1154 727 meam
1173 720 1184 739 ,

70 748 122 788 (9·
139 746 411 787 arumciabum
430 748 602 800 gloriam
623 758 759 784 meam
773 744 952 797 gentibus
973 768 1028 781 ....
1049 744 1098 784 &¹
1119 757 1185 781 as-

74 813 240 840 sumam
269 814 322 840 ex
350 804 406 840 eis
435 805 475 839 in
503 799 738 838 Sacerdotes
755 827 766 847 ,
794 798 844 839 (9·
872 796 1061 846 Levites,
1091 795 1186 834 dicit

72 853 273 893 Dominus
289 880 299 893 .

130 907 220 948 ¹68.
248 907 345 947 Hae
373 907 467 946 adeo
506 906 709 959 perspicua
749 912 860 954 sunt,
907 912 951 943 ut-
990 905 1030 942 in
1059 904 1191 942 oculos

68 974 223 1016 quoque
251 961 554 1001 adversariorum
585 960 805 1004 incurrant3
836 958 897 996 sed
920 960 957 996 in
978 957 1050 995 hoc
1079 957 1182 995 deci-

68 1015 228 1071 piuntur
239 1013 352 1054 simul
369 1026 458 1052 cum
474 1011 648 1051 Patribus
661 1013 738 1050 suis
754 1042 765 1059 ,
795 1012 896 1064 quod
913 1011 996 1049 haec
1017 1009 1181 1062 Prophe-

67 1078 196 1108 tarum
224 1065 380 1106 oracula
408 1067 700 1119 interpretantur
727 1066 773 1104 de
802 1064 1022 1116 majestate,
1051 1064 1084 1100 ὃς
1115 1077 1180 1115 po-

69 1122 191 1160 tentia.
217 1119 442 1172 temporali,
471 1133 550 1172 qua
565 1118 725 1158 Messias
753 1127 936 1156 venturus
962 1131 1036 1155 non
1058 1116 1181 1155 solum

135 1187 227 1212 uum
256 1173 369 1212 lsrael
399 1174 629 1220 restitueret,
660 1171 722 1209 sed
753 1172 867 1209 etiam
898 1171 1065 1209 subactis
1091 1185 1184 1222 gen-

61 1226 164 1266 tibus
205 1227 415 1279 imperium
445 1234 522 1263 toto
562 1233 749 1263 terrarum
787 1224 879 1262 orbe
922 1225 1184 1277 protenderet3

62 1288 142 1333 qua
180 1280 220 1321 iu
259 1293 301 1319 re
328 1279 443 1333 plura
484 1277 646 1316 afferunt
686 1279 870 1316 vaticinia
913 1279 1108 1330 praecipue
1138 1291 1185 1317 ex

63 1333 163 1375 isaia
185 1359 204 1373 ..
346 1333 348 1335 ’

129 1385 219 1438 169.
248 1383 298 1424 At
325 1397 419 1425 vero
444 1398 533 1424 cum
555 1387 593 1424 in
614 1384 746 1423 eod‘em
765 1384 884 1433 isaia,
914 1384 1076 1437 aliisque
1096 1383 1185 1423 Pro-

66 1438 194 1493 phetis
222 1451 338 1494 quam
369 1439 580 1491 saepissime
607 1437 849 1486 inculcetur,
881 1438 1062 1477 Messinm
1082 1439 1184 1476 iutu-

61 1503 151 1530 rum
183 1504 422 1544 pauperem,
459 1491 675 1544 despectum
694 1521 705 1539 ,
748 1493 876 1529 virum
905 1491 1110 1539 dolorum,
1139 1505 1184 1530 ac

61 1544 228 1596 denique
264 1545 390 1583 crucis
431 1543 623 1596 supplicio
665 1543 942 1591 afficiendum,
985 1545 1184 1583 manifeste

61 1596 267 1645 innuitur,
296 1595 459 1648 glor-iam
490 1598 596 1648 regni
627 1596 710 1641 eius
738 1609 814 1633 non
845 1597 1016 1633 futuram
1038 1606 1183 1649 tempo-

53 1647 184 1688 *talem
202 1679 213 1697 ,
241 1650 306 1688 sed
336 1649 576 1702 spiritualem
599 1675 610 1687 .
640 1648 732 1687 Vici.
763 1651 863 1687 iuter
891 1648 970 1687 alia
989 1650 1097 1686 lsaiae
1119 1663 1182 1686 ca-

56 1711 130 1756 put
155 1702 292 1752 mn„
317 1701 351 1740 8t
379 1701 579 1743 Zachariae
609 1702 682 1741 lx.
711 1715 749 1753 9.
767 1731 779 1750 ,
821 1701 890 1739 ubi
919 1701 1082 1739 dicitur:
1124 1700 1183 1739 E-

63 1756 184 1794 :culta
211 1759 313 1794 satis
333 1786 344 1804 ,
361 1755 460 1809 filia
489 1755 583 1794 Sion
600 1769 614 1793 .·
651 1755 778 1807 jubila
795 1754 895 1808 filia
922 1753 1146 1793 Jerusalem
1168 1769 1182 1792 .-

66 1821 162 1847 ecce
192 1808 282 1848 Rex
323 1819 417 1848 tuus
440 1812 568 1848 reniet
598 1807 665 1846 tibi
701 1810 861 1862 justus,
903 1808 953 1848 (9·
982 1808 1188 1846 salvator-r

57 1865 147 1912 'lpse
174 1875 351 1913 pauper,
393 1863 444 1903 Φ·
469 1861 697 1900 ascendens
734 1874 848 1911 super
890 1865 1088 1909 asinam,
1132 1863 1182 1902 (9·

56 1927 176 1965 super
202 1916 349 1966 pullum
375 1914 517 1969 filium
544 1918 701 1953 asinoe.
750 1914 861 1962 Quod
904 1914 1104 1954 oraculum
1134 1916 1181 1954 ad

57 1966 223 2006 litteram
256 1970 370 2007 fuisse
397 1967 651 2021 adimpletum
681 1968 849 2009 Historia
877 1967 1028 2022 Evang.
1072 1977 1184 2008 testa-

55 2028 119 2060 rur
146 2020 286 2060 Matth.
315 2021 427 2060 xxi.
460 2021 497 2059 5.
772 2060 774 2063 ,

122 2088 210 2126 170.
239 2073 364 2132 Pergit
391 2084 517 2113 autem
539 2073 746 2113 Zacharias
773 2075 813 2114 in
841 2075 974 2114 eodem
1003 2075 1087 2114 loco
1113 2075 1179 2114 de-

63 2127 234 2167 scribere
262 2127 381 2180 huJus
433 2130 587 2180 auperis
616 2127 729 2180 Regis
754 2128 986 2167 immensam
1015 2138 1178 2182 potesta-

55 2187 140 2219 tem
169 2182 372 2234 inquiens:
398 2143 600 2232 quuetur
625 2194 772 2232 pacem
799 2182 1003 2235 gentihus,
1032 2183 1083 2223 (9·
1109 2196 1177 2233 po-

55 2240 187 2272 testas
214 2235 301 2288 ejus
320 2247 349 2273 a
367 2239 477 2274 mari
504 2247 624 2287 usque
651 2234 707 2274 ad
735 2248 852 2273 mare
868 2265 879 2284 ,
907 2239 960 2277 <9⁴
987 2249 1017 2272 a
1032 2235 1177 2287 flumi-

50 2285 166 2325 nibus
196 2290 211 2339 (
242 2287 423 2327 hebraice
451 2303 481 2328 a
497 2288 697 2341 flumine,
726 2302 867 2340 nempe
893 2288 1102 2337 Jordane-)
1132 2301 1176 2327 u·

49 2346 152 2390 sque
176 2339 240 2379 ad*
248 2341 363 2394 fines
392 2350 512 2380 terroe
529 2367 539 2379 .
579 2341 641 2379 En
670 2340 852 2380 Messiam
883 2354 1095 2393 pauperem
1124 2343 1174 2379 si-

49 2392 164 2441 mul,
205 2391 241 2430 δι
266 2394 452 2442 divitem,
495 2393 698 2433 infirmum
717 2423 728 2441 ,
757 2392 792 2429 ἃ
821 2402 1033 2445 potentem3
1081 2407 1170 2446 quae

47 2443 167 2483 facile
195 2445 474 2494 conciliantur,
504 2447 534 2484 si
555 2447 601 2483 de
623 2446 772 2483 duobus
801 2448 953 2496 regnis,
984 2456 1171 2498 tempora-

53 2495 85 2535 ti
103 2526 115 2545 ,
145 2495 179 2533 ἃ
208 2491 402 2550 spirituali
431 2498 718 2549 intelligantur3
747 2507 786 2535 ut
802 2497 960 2537 Messias
989 2509 1179 2543 venturus

49 2549 286 2603 firaedicetur
311 2563 387 2589 non
418 2552 458 2589 in
488 2550 687 2604 splendore
728 2550 933 2602 majestatis
961 2550 1171 2602 humanae,

48 2612 177 2657 neque
204 2604 244 2642 in
271 2605 436 2658 potentia
464 2617 660 2643 armorum
678 2634 688 2652 ,
717 2605 781 2641 sed
811 2605 851 2643 iu
880 2604 1107 2656 splendore,
1137 2605 1172 2641 8t

106 2658 225 2696 tentia
252 2656 530 2696 miraculorum
548 2688 559 2705 ,
589 2657 623 2694 ἃ
650 2657 784 2696 divina
803 2670 882 2694 suae
911 2658 1095 2696 doctrinae
1115 2659 1170 2696 ef-

49 2669 190 2748 {acia
205 2740 216 2760 ,
274 2722 323 2748 uo
339 2718 456 2749 totuin
474 2710 659 2749 mundum
676 2711 777 2749 ad-se
805 2710 953 2749 trahere
981 2711 1142 2749 debebat
1158 2738 1169 2751 .

111 2776 200 2814 ¹7¹·
270 2765 302 2802 is
330 2764 503 2812 accedit,
531 2764 632 2816 qnod
662 2777 832 2816 regnum·
854 2763 1007 2802 Messias
1037 2765 1170 2816 appel-

50 2813 156 2855 latur
194 2830 354 2869 reguum
382 2821 494 2867 pacis
514 2847 526 2866 ,
567 2816 602 2853 &
631 2830 791 2868 regnum
833 2826 1032 2856 oecernum
1060 2819 1170 2856 lsaiae

52 2867 126 2908 lx.
153 2869 193 2909 6.
221 2883 302 2924 seq.
333 2868 546 2913 Vocabitur
587 2883 736 2908 nomen
776 2872 864 2919 ejus
884 2896 957 2909 .....
979 2870 1170 2921 Princeps

55 2925 167 2976 pacis
181 2936 195 2960 .·
215 2923 536 2974 multiplicabitur
555 2926 643 2977 ejus
661 2919 907 2976 imperium(
925 2925 957 2962 H
964 2924 1044 2962 ebr.
1067 2925 1166 2962 mul-

54 2973 259 3022 tiplieandi
284 2979 372 3030 eJ‘us
400 2979 589 3028 imperii)
619 2978 668 3019 (9·
697 2981 808 3029 pacis
837 2991 918 3015 non
946 2981 1019 3016 erit
1037 2977 1165 3030 finis.

56 3023 184 3078 Super
208 3028 346 3071 solium
373 3029 532 3082 David,
573 3032 623 3074 (9·
651 3044 768 3091 super
793 3044 963 3086 regnum
991 3033 1078 3085 ejus
1105 3045 1170 3075 se«

101 3220 153 3256 (α)
177 3217 221 3250 R-
247 3216 393 3253 Gheuda
416 3221 501 3256 Levi
525 3224 595 3258 bar.
614 3225 768 3260 Bezaleel
793 3227 829 3261 in
846 3226 1004 3262 Victoria
1022 3227 1167 3262 Israelis

54 3261 232 3317 hupressa
255 3264 372 3310 Pragae
404 3268 509 3310 1599·
533 3281 608 3315 cap.
635 3281 689 3303 22.
715 3283 832 3318 aperte
875 3276 1026 3316 fatetur,
1065 3283 1168 3308 totum

50 3316 231 3353 negotium
257 3310 398 3345 Messiae
422 3326 498 3351 esse
522 3317 692 3357 divinum,
717 3324 758 3352 (9·
778 3323 959 3362 spirituale
974 3343 984 3361 ‚
1010 3333 1072 3353 non
1093 3334 1170 3354 cor-

59 3357 197 3401 porale·
235 3357 283 3390 Ee
307 3358 350 3391 R.
375 3360 536 3394 Menasse
560 3361 627 3394 ben
656 3363 770 3397 israel*
787 3367 864 3400 Lib.
892 3369 950 3400 tit.
976 3366 1017 3400 de
1045 3367 1170 3401 Resur-

57 3406 210 3440 rectione
227 3412 427 3439 mortuorum
445 3418 520 3452 cap.
543 3407 575 3442 5.
600 3406 753 3454 duplicis
768 3411 910 3446 Messioe
931 3423 1169 3448 commentum

2260 203 2318 244 29

1256 261 1383 310 debit,
1413 273 1453 298 ut
1483 262 1692 315 confirmet
1722 264 1841 313 Illud,
1870 266 1919 306 (9·
1948 265 2168 308 corroboret
2197 270 2245 305 in·
2260 268 2369 320 juli-

1256 319 1343 362 cio‚
1385 316 1434 356 (9·
1459 318 1613 367 justitia
1643 319 1816 367 amolo,
1858 321 1907 359 (9·
1937 333 2058 370 imque
2086 325 2127 358 in
2164 325 2375 371 sempiter...

1257 381 1355 405 num
1371 394 1381 405 .
1411 370 1511 416 Quae
1530 380 1630 407 certe
1652 371 1767 409 verba
1785 402 1795 418 ,
1825 372 1978 425 aliaque
2000 374 2057 412 his
2078 374 2219 412 similia
2237 404 2248 422 ,
2277 388 2375 427 quae-

1254 435 1356 472 saepe
1387 423 1424 459 iu
1451 424 1567 460 sacris
1585 423 1747 461 Vatibus
1774 438 2006 474 occurrunt,
2036 440 2109 465 non
2140 438 2292 479 possunt
2321 429 2379 466 do·

1253 487 1367 525 reguo
1396 475 1594 527 temporali
1641 476 1829 529 iutelligi3
1871 480 1932 516 sed
1965 493 2121 529 reguum
2149 482 2288 519 Christi
2318 483 2375 519 si·-

1252 528 1437 580 guistcaut
1466 529 1689 580 spirituale,
1719 530 1821 582 quod
1852 534 1888 569 iu
1919 543 2103 571 aeteruum
2132 533 2313 571 durabit.

1315 594 1400 631 172.
1431 581 1538 620 Nihil
1570 596 1657 620 vero
1686 586 1893 632 amentius,
1923 601 2039 637 quain
2069 586 2171 638 quod
2201 587 2376 624 nonnul«

1254 632 1283 671 li
1313 634 1361 672 ad
1390 634 1472 674 haec
1501 636 1658 674 oracula
1687 636 1960 688 Prophetarum
1990 639 2231 679 concilianda
2259 651 2367 677 exco-

1253 687 1419 738 gitarunt
1434 718 1444 736 ‚
1475 688 1616 727 scilicet
1645 702 1718 728 nou
1740 704 1858 728 uuum
1881 720 1892 738 ,
1921 692 1981 729 sed
2002 693 2095 730 ‹lxms
2115 702 2290 733 venturos
2311 707 2376 730 es*

1253 755 1291 777 se
1321 741 1504 791 Messias,
1547 756 1712 794 quorum
1741 742 1835 781 alter
1865 746 1906 783 iu
1933 744 2050 797 gloria
2068 776 2077 792 ‚
2109 746 2141 782 8(
2172 745 2377 797 inajestate-

1254 804 1346 832 esset
1375 796 1583 847 temporale
1613 795 1762 835 israelis
1793 811 1948 849 regnum
1988 801 2244 845 restituturus,
2273 799 2368 838 alter

1254 861 1344 886 vero
1372 846 1561 898 humilia,
1591 858 1704 902 atque
1732 850 1901 900 abjectus
1931 866 2007 890 esse
2027 852 2203 897 daberet3
2231 854 2378 905 quain.

1254 914 1294 938 re
1324 902 1469 942 mirum
1511 911 1699 956 quantum
1730 902 1895 943 Rabbini
1937 907 2046 956 genio
2088 919 2155 943 suo
2193 905 2367 944 fabuloso

1253 954 1504 1006 indulgeant,
1534 966 1574 994 ut
1602 957 1732 995 videre
1761 967 1812 996 est
1841 960 1943 1009 apud
1963 959 2043 997 Jac.
2066 959 2231 1010 Basuage
2260 957 2375 997 HIsta

1249 1006 1318 1047 des
1345 1008 1461 1060 Juc'ss.
1492 1009 1580 1049 Lib.
1611 1009 1678 1048 Vi.
1708 1024 1743 1048 c.
1775 1012 1840 1049 25.
1868 1020 1939 1050 art.
1971 1012 2008 1051 3.

1308 1062 1396 1113 175.
1426 1062 1698 1101 commentitia
1739 1066 1849 1102 enirn
1874 1078 2021 1116 prorsus
2050 1074 2100 1102 est
2129 1064 2212 1103 haec
2239 1063 2377 1116 dupli-

1250 1115 1304 1153 cis
1336 1113 1489 1153 Messiae
1531 1116 1740 1165 distinctio,
1784 1117 1819 1154 &
1850 1120 1966 1156 veteri
2000 1119 2208 1171 Synagogae
2244 1118 2376 1156 omni*

1251 1181 1302 1205 no
1331 1170 1453 1219 ignota
1472 1195 1482 1206 .
1512 1169 1583 1207 Sed
1618 1171 1767 1218 facilis,
1798 1180 1912 1223 atque
1941 1182 2069 1224 aperta
2085 1181 2134 1209 est
2166 1170 2365 1222 hujusmo-

1253 1220 1291 1258 di
1319 1222 1476 1260 oracula
1504 1221 1790 1274 Prophetarum·
1821 1224 2052 1264 conciliandi
2083 1226 2172 1272 via,
2214 1226 2244 1262 si
2275 1237 2363 1276 quae

1251 1274 1298 1313 de
1315 1274 1466 1314 Messiae
1485 1274 1698 1326 abjectione
1714 1306 1724 1324 ,
1747 1278 1939 1328 passione,
1968 1277 2188 1325 doloribus,
2218 1277 2253 1312 ἃ
2266 1289 2375 1315 mor*

1253 1337 1288 1366 te
1308 1330 1625 1380 praenunciatum
1644 1360 1654 1378 ,
1683 1330 1731 1368 ad
1752 1329 1917 1369 litteram
1937 1328 2196 1381 intelligantur
2213 1359 2225 1377 ,
2255 1338 2367 1382 prout

1254 1382 1378 1433 reipsa
1408 1384 1445 1421 in
1473 1382 1563 1421 Jesu
1594 1383 1804 1422 Nazaraeno
1833 1383 2042 1436 adimpleta
2071 1384 2247 1423 fuerunt:
2275 1396 2366 1436 quae

1253 1443 1378 1474 autem
1408 1436 1454 1473 de
1484 1435 1574 1486 ejus*
1593 1436 1737 1487 gloria,
1769 1438 1962 1487 potentia,
1999 1435 2215 1488 majestate,
2245 1435 2281 1473 &
2308 1450 2369 1474 re-

1252 1500 1324 1539 guo
1353 1490 1611 1541 praedicamur
1631 1520 1642 1538 ,
1690 1490 1902 1528 reserantur
1929 1490 1977 1529 ad
2017 1492 2207 1542 gratiam,
2249 1503 2377 1541 quarm

1252 1545 1434 1593 sanguine
1463 1556 1530 1582 suo
1559 1543 1675 1582 nobis
1712 1545 1949 1596 promeruit,
1998 1553 2037 1581 ut
2065 1542 2183 1580 iltius„
2214 1542 2378 1581 lavacro.

1253 1599 1464 1644 regenerati
1495 1596 1566 1634 filii
1599 1597 1670 1635 Dei
1700 1598 1945 1636 nominemur
1966 1627 1976 1645 ,
2006 1596 2040 1633 ἃ
2069 1598 2225 1644 simus,
2246 1595 2374 1634 haere·

1252 1647 1317 1683 des
1347 1650 1451 1698 regui
1482 1648 1664 1697 ca‘lestis,
1694 1650 1911 1688 cohaeredes
1940 1651 2061 1702 ipsius
2086 1649 2254 1688 Christi.
2286 1649 2369 1688 Hae

1253 1699 1400 1738 ratione
1428 1700 1598 1739 Christus
1627 1703 1770 1740 mundo
1798 1716 1939 1754 pacem
1962 1703 2150 1748 reddidit,
2195 1703 2366 1741 reconci-

1251 1749 1349 1790 lians
1377 1753 1456 1790 ima
1482 1755 1671 1802 summis,
1714 1756 1925 1806 imperium
1961 1767 2083 1791 suum.
2117 1755 2289 1793 dilatavit
2317 1756 2368 1793 ab

1249 1815 1333 1843 ortu
1363 1806 1450 1844 solis
1480 1820 1598 1860 usque
1627 1808 1677 1847 ad
1689 1820 1891 1856 occasum,
1920 1808 2105 1860 regnique
2135 1806 2216 1861 ejus
2236 1806 2368 1847 nullus

1250 1861 1320 1897 erit
1350 1859 1437 1898 finis
1453 1886 1471 1898 ..

1308 1914 1396 1963 174.
1425 1913 1492 1952 Est
1521 1916 1635 1953 etiam
1678 1914 2022 1963 considerandum,
2069 1914 2184 1953 fuisse
2209 1915 2250 1952 in
2278 1913 2375 1953 Jesu:

1249 1965 1486 2015 Nazaraeno,
1516 1981 1633 2022 quem
1663 1981 1728 2007 nos
1757 1978 1795 2006 ut
1824 1968 2007 2007 Messian]
2037 1968 2264 2015 adoramus,
2293 1969 2369 2006 du-.

1248 2018 1390 2071 plicem
1407 2030 1582 2060 naturam
1605 2052 1617 2070 ,
1644 2023 1819 2061 divinam
1837 2052 1848 2069 ,
1879 2021 1912 2058 &
1932 2022 2142 2059 humanam
2160 2035 2170 2065 ;
2199 2034 2276 2072 qua
2296 2034 2363 2072 po·

1246 2074 1316 2111 sita
1344 2074 1584 2114 distinetione
1603 2075 1790 2113 facillime
1818 2073 2068 2112 conciliantur
2088 2072 2372 2125 Prophetarum

1245 2126 1429 2177 oracula,
1459 2141 1624 2180 quorum
1639 2128 1772 2180 aliqua
1799 2128 1847 2166 ad
1875 2127 2047 2166 divinam
2064 2157 2075 2176 ,
2104 2126 2182 2165 alia
2211 2127 2259 2165 ad
2289 2126 2370 2165 hu—

1245 2193 1401 2218 manam
1431 2190 1607 2219 naturam
1636 2181 1874 2219 referuntur.
1901 2179 1976 2218 Sed
2004 2180 2051 2219 de
2079 2179 2236 2219 Moesiae
2263 2180 2373 2219 divi--

1244 2235 1360 2272 nitate
1389 2232 1521 2285 aliqua
1550 2246 1638 2272 mox
1667 2233 1850 2273 addemus
1877 2233 1943 2285 (a)
1961 2259 1981 2275 a

1303 2287 1391 2337 175.
1418 2285 1560 2324 Praeter
1589 2287 1674 2326 haec
1703 2286 1780 2326 alia
1807 2295 1858 2326 est
1886 2285 2088 2340 prophetia
2115 2286 2219 2339 apud
2234 2286 2370 2326 Mala-

1244 2337 1424 2378 chiami.
1448 2354 1484 2391 7.
1504 2340 1542 2377 Se
1567 2355 1647 2393 seq,
1676 2354 1766 2394 quae
1795 2339 2032 2380 sacrificium
2049 2340 2370 2380 novum.aCl1ri-.

1243 2401 1298 2431 sto
1327 2394 1618 2442 instituendum,
1666 2404 1778 2447 atque
1813 2393 2078 2443 offerendum,
2121 2395 2369 2447 apertissime·

1239 2445 1440 2498 indigitat,
1483 2448 1583 2499 quod
1616 2461 1663 2485 ue
1704 2447 1810 2486 aliud
1840 2461 1916 2485 esse
1946 2460 2022 2486 11011
2052 2456 2196 2499 potest,
2237 2462 2358 2500 quam

1239 2497 1338 2537 illud
1360 2529 1371 2547 ,
1401 2501 1502 2551 quod
1534 2463 1684 2552 iiiqege
1712 2501 1933 2540 Christiana
1962 2501 2042 2538 Deo
2073 2501 2217 2553 ubique
2245 2500 2358 2539 offer-

1239 2559 1326 2589 tur.
1355 2551 1485 2590 Primo
1513 2553 1629 2603 igitur
1648 2554 1755 2592 Deus
1782 2553 1838 2593 ibi
1867 2556 1920 2591 ita
1949 2555 2072 2604 arguit
2099 2555 2236 2591 veteris
2265 2553 2366 2604 legis-

1239 2603 1474 2641 Sacerdotes:
1521 2604 1687 2653 Offertis
1714 2618 1832 2655 super
1859 2607 1992 2644 altare
2035 2618 2173 2643 meum
2204 2619 2365 2654 panem*

1238 2656 1427 2704 pollutum
1442 2671 1458 2700 ‚·
1494 2658 1631 2695 deinde
1659 2659 1710 2698 ita
1741 2659 2008 2709 prosequitur:
2050 2656 2146 2694 Non
2173 2667 2231 2694 est
2261 2657 2359 2698 milu'

1241 2710 1422 2747 voluntas
1450 2712 1493 2747 in
1534 2709 1663 2758 vobis,
1707 2709 1801 2748 <licit
1830 2709 2034 2747 Dominus
2076 2714 2354 2760 exercituum,

1239 2763 1290 2802 (9·
1319 2775 1462 2800 munus
1490 2776 1571 2801 non
1600 2766 1817 2814 suscipiam
1845 2762 1893 2800 de
1922 2775 2049 2800 manu
2091 2772 2255 2803 vestra..
2291 2764 2353 2803 Ab

1239 2824 1328 2852 ortu
1355 2820 1464 2854 enim
1494 2817 1588 2854 solis
1617 2829 1736 2867 usque
1765 2815 1821 2854 ad
1847 2828 2039 2854 occasum
2069 2829 2271 2869 magnum.
2293 2827 2356 2856 est

1239 2881 1386 2906 nomen
1417 2883 1550 2908 meum
1579 2873 1627 2907 in.
1648 2870 1827 2921 gentibus
1845 2900 1855 2917 ,
1886 2870 1936 2910 (9·
1964 2873 2005 2906 in
2034 2875 2146 2908 omni
2173 2871 2258 2909 loco
2285 2885 2358 2911 sa-

1237 2922 1463 2974 crificatur,
1492 2923 1542 2964 (9·
1570 2921 1737 2972 offertur
1763 2925 1916 2960 nomini
1946 2935 2035 2961 meo
2061 2923 2207 2963 oblatio
2236 2937 2363 2963 mun--

1235 2973 1290 3012 da
1317 2977 1405 3016 (9·(1.
1432 2977 1589 3015 Certum
1618 2988 1669 3014 est
1698 2975 1761 3014 hic
1791 2989 1863 3014 non
1892 2990 1969 3014 esse
1986 2989 2198 3016 sermonem
2226 2978 2274 3017 de
2293 2993 2357 3017 sa-

1234 3029 1383 3070 crificio
1410 3030 1608 3080 interiori,
1638 3029 1672 3069 ἃ
1691 3028 1905 3086 spirituali,
1932 3030 2026 3085 quia
2052 3029 2124 3070 hoc
2152 3044 2362 3083 nunquam

1825 3088 1829 3095 “
2221 3086 2305 3128 fuit.

1238 3227 1394 3261 refutat.
1434 3227 1507 3260 imo
1532 3226 1574 3259 R.
1600 3226 1715 3260 Moses
1746 3224 1815 3261 b‘en
1840 3225 1997 3262 Maimon
2021 3237 2105 3268 eos,
2144 3225 2205 3270 qui
2242 3225 2360 3259 alium}

1236 3274 1302 3307 sibi
1344 3273 1479 3316 fingunt
1503 3274 1696 3314 Messiam,
1730 3285 1836 3319 quam
1873 3286 1914 3307 ex
1951 3273 2114 3318 progenie
2150 3271 2289 3310 David,
2315 3273 2357 3301 δε·

1237 3321 1452 3359 Salomonis,
1485 3330 1609 3352 nornen
1635 3320 1699 3353 Dei
1724 3319 1970 3361 benedictum,
2006 3323 2039 3353 ἀ
2061 3319 2167 3354 verba
2195 3316 2354 3362 Prophe·-

1238 3374 1353 3399 tarum
1379 3365 1549 3410 abnegare
1574 3367 1802 3411 pronunciat.
