2583 3685
260 141 315 183 26

193 216 321 265 deris,
364 218 454 270 quia
485 222 679 269 pet-catum
710 212 866 266 quidem
897 215 1126 267 Angelorum
1167 230 1210 254 ex
1241 229 1298 253 re-

198 271 387 308 velatione
417 282 517 308 certo
546 269 830 319 cognosciinus3
877 270 1009 306 modus
1040 278 1193 318 tamen,
1223 282 1300 322 qno

194 323 255 361 illi
285 326 437 376 spiritus
468 324 507 358 in
537 330 678 358 tantam
710 319 964 359 calamitatem
996 322 1162 375 prolapsi
1193 332 1299 371 sunt,

194 389 262 414 nos
292 378 377 413 latet
395 401 404 412 .
437 373 654 411 Dicendum
684 383 736 411 est
764 383 920 422 tamen,
952 375 1112 427 Angelos
1133 389 1203 413 non
1231 377 1300 414 ob-

190 438 307 467 stante
336 428 568 480 cognitione,
605 440 722 479 quain
753 437 852 466 certe
881 441 958 466 non
989 428 1206 478 habebant,
1236 442 1298 467 ex-

189 480 378 519 cellentiae
408 482 551 518 divinae
580 482 712 531 gratiae
732 511 742 529 ,
780 484 944 534 potuisse
973 481 1096 519 libera
1124 481 1296 520 volunta-

188 543 224 572 te
253 549 436 587 peccare,
473 532 507 568 8(
539 535 661 586 reipsa
692 549 905 587 peccasse,
934 549 1023 573 cum
1054 536 1160 573 donis
1189 545 1298 573 natu-

186 602 263 636 rae,
294 588 327 624 8<
347 588 476 637 gratiae
508 587 716 625 sibiaDeo
745 588 1014 628 liberalissime
1031 588 1176 627 collatis
1207 603 1292 640 per-

184 655 290 680 verse
319 641 428 678 abusi
457 649 568 689 sunt,
613 641 731 680 inflati
762 641 906 681 scilicet
934 642 1115 694 superbia
1133 672 1143 690 ,
1172 656 1216 679 ac
1247 642 1292 679 de

186 709 251 731 sua
281 695 458 746 dignitate
488 695 527 731 in
557 695 691 746 seipsis
711 726 722 744 ,
765 695 799 732 8<
828 709 904 734 11011
935 696 972 733 in
1001 695 1167 733 Domino
1213 694 1293 746 glo-

180 750 347 787 riantes.
390 747 464 786 Sed
493 748 540 785 de
569 758 722 800 peccato
751 748 985 800 Angelorum
1033 762 1120 786 mox
1151 749 1292 787 dicturi

179 814 337 840 sumus.

235 869 328 894 210.
359 854 565 893 Scholion.
594 854 737 893 Praeter
765 857 926 908 gratiam
953 853 1194 893 habitualem
1216 885 1228 903 ,
1258 854 1292 892 8(

179 909 507 958 sanctificantem,
536 909 705 947 dubitari
735 923 810 948 non
839 918 984 962 potest,
1015 911 1128 947 etiam
1156 910 1289 961 gratiae

177 963 338 1001 actualis
366 963 600 1015 adjutorium
627 963 808 1001 omnibus
837 962 992 1015 Angelis
1033 972 1170 1015 praesto
1199 963 1291 1001 fuis-

177 1030 216 1053 se
236 1046 247 1064 ,
277 1030 353 1069 quo
382 1017 422 1055 in
451 1026 605 1069 accepta
634 1016 777 1068 justitia
794 1025 1105 1069 perseverarent,
1134 1025 1198 1054 aut
1218 1016 1292 1055 sal-

175 1078 250 1107 tem
283 1084 523 1122 perseverare
553 1080 732 1123 possent.
770 1071 822 1108 Ut
851 1072 954 1109 enim
983 1071 1113 1123 inquit
1141 1070 1182 1108 S.
1212 1071 1291 1109 Au-

176 1124 346 1174 gustinus
389 1123 436 1162 de
472 1134 641 1175 corrept.
669 1124 720 1165 ἔθ’
748 1133 856 1177 grat.
885 1138 919 1162 c.
947 1138 1006 1162 11.
1049 1123 1093 1161 Si
1132 1123 1290 1176 azljuto-

174 1181 279 1214 rium
326 1182 412 1216 sine
441 1191 514 1230 quo
544 1181 558 1229 (
590 1177 733 1216 scilicet
776 1177 1012 1229 adjutorium
1049 1177 1241 1215 sufficiens
1271 1178 1286 1226 )

176 1231 233 1268 rel
255 1231 431 1283 Angelo,
461 1233 519 1270 vel
547 1231 724 1281 homini,
754 1245 847 1269 cum
861 1231 1157 1283 primumfacti
1177 1240 1288 1279 sunt,

175 1283 367 1336 defuisset
464 1299 546 1323 non
574 1289 704 1336 utique
744 1299 820 1322 sua
861 1286 977 1334 culpa
1021 1283 1255 1321 cecidissent
1275 1309 1287 1321 .

174 1337 249 1376 Sed
278 1338 391 1390 quale
421 1339 535 1376 fuerit
566 1338 663 1376 illud
691 1338 948 1388 adjutorium,
978 1351 1055 1387 quo
1084 1337 1131 1373 ad
1161 1338 1288 1386 reipsa

204 1392 495 1429 erseverandum
514 1392 649 1443 Angeli
666 1390 910 1441 indigebant,
942 1390 1038 1425 inter
1060 1389 1153 1426 duas
1168 1388 1286 1426 Scho-

171 1406 228 1481 lits
258 1444 544 1482 Thomistarum
567 1473 578 1491 ,
608 1444 642 1479 8<
671 1444 884 1482 recentium
916 1442 1284 1493 Augustinianorum

169 1498 308 1535 acriter
336 1498 574 1549 disputatur.
605 1496 693 1544 Qua
707 1497 753 1534 de
784 1510 823 1533 re
844 1496 926 1534 Deo
955 1496 1063 1533 dante
1093 1497 1133 1534 in
1155 1497 1284 1534 Tract-

170 1550 218 1588 cle
251 1549 398 1589 Gratia
427 1551 628 1603 diligenter
665 1564 841 1603 agemus.
884 1548 986 1588 Illud
1028 1558 1175 1587 certum
1206 1557 1284 1596 est,

168 1604 286 1642 bonos
317 1604 480 1656 Angelos
526 1603 684 1657 speciali
716 1604 787 1642 Dei
818 1603 1107 1650 misericordia,
1149 1616 1214 1640 seu
1244 1611 1285 1640 ut

175 1655 347 1710 loquitur
376 1659 417 1696 S.
434 1659 695 1710 Augustinus,
724 1657 898 1708 amplius
927 1654 1087 1707 adjutos
1117 1656 1163 1693 ad
1192 1656 1282 1693 bea-

166 1719 247 1748 tam
277 1711 351 1748 Dei
381 1713 564 1749 visionem
603 1711 842 1763 pervenisse,
886 1707 980 1747 alios
1022 1718 1148 1746 autem
1181 1709 1284 1747 mala

168 1763 361 1801 voluntate
408 1765 614 1813 cecidisse,
662 1765 887 1816 aeternisque
922 1762 1126 1815 suppliciis
1169 1763 1283 1801 fuisse

163 1818 436 1856 condemnatos
451 1844 463 1856 .

569 1924 744 1964 CAPUT
772 1924 883 1964 XIV.

451 2030 518 2071 De
560 2032 675 2085 lapsu
718 2032 963 2086 Angelorum
985 2058 996 2071 .

219 2116 416 2184 211.Ex
446 2139 718 2178 innumerabili
747 2139 817 2179 illa
837 2139 1073 2192 Angelorum
1104 2138 1278 2177 multitu-

168 2191 257 2229 dine
279 2222 289 2240 ,
332 2205 425 2244 quos
454 2193 559 2232 Deus
589 2195 799 2246 sapientia,
843 2194 879 2231 ἃ
906 2194 1182 2246 omnipotentia
1211 2207 1279 2231 sna

165 2247 337 2293 creavit,
375 2245 610 2299 multisque,
658 2247 693 2283 8(
722 2248 871 2300 magnis
899 2249 1031 2300 gratiae
1062 2261 1141 2285 suae
1172 2247 1279 2285 donis

166 2300 391 2346 exornavit,
420 2297 568 2351 aliquos
589 2301 745 2339 infanda
773 2311 903 2339 contra
916 2303 1137 2340 Creatorem
1166 2315 1280 2339 suum

165 2350 374 2389 rebellione
403 2366 604 2404 peccasse,
640 2353 847 2407 plusquam
877 2364 1024 2392 certum
1055 2363 1134 2402 est,
1177 2354 1281 2392 Scri·

165 2413 281 2455 ptura
325 2419 432 2443 sacra
479 2406 654 2458 pluribus
696 2409 737 2446 in
779 2407 873 2446 locis
917 2418 1044 2461 aperte
1085 2416 1239 2445 testante
1268 2433 1279 2446 .

165 2456 267 2495 Nam
297 2458 467 2497 Christus
497 2460 687 2499 Dominus
727 2461 773 2499 de
801 2461 969 2500 Diabolo
1009 2461 1102 2499 dicit
1143 2461 1278 2499 Joann.

168 2509 276 2549 VIII.
293 2512 359 2557 44.
389 2511 460 2550 Ille
489 2511 689 2552 homicida
718 2523 807 2552 erat
836 2513 887 2552 ab
916 2518 1052 2563 initio,
1082 2514 1132 2555 ἔθ’
1157 2518 1198 2551 in
1218 2527 1278 2552 rc-

163 2568 285 2602 ritate
312 2579 393 2603 non
422 2571 554 2605 stetit.
597 2567 757 2605 Joannes
787 2570 928 2619 pariter
970 2570 1011 2606 in
1042 2582 1110 2606 sna
1152 2569 1279 2619 prima

162 2619 272 2668 epist.
303 2618 369 2656 Ill.
400 2618 440 2656 8.
475 2619 678 2669 Quoniam
698 2650 710 2667 ,
753 2625 905 2670 inquit,
935 2622 986 2660 ab
1001 2626 1113 2659 initio
1128 2620 1277 2659 Diabo-

169 2671 228 2707 lus
257 2681 397 2720 peccat
418 2698 429 2709 .
458 2673 607 2711 Clarius
627 2672 752 2711 adhuc
772 2674 814 2712 S.
831 2673 960 2715 Petrus
989 2675 1113 2727 Epist.
1132 2688 1168 2712 2.
1190 2689 1278 2727 cap.

165 2723 214 2759 11.
244 2724 284 2767 4.
314 2724 356 2761 Si
384 2728 520 2775 enim,
549 2727 701 2779 inquit,
744 2726 855 2765 Deus
884 2729 1048 2781 Angelis
1075 2733 1279 2778 peccanti-

167 2773 238 2811 bus
265 2789 344 2813 non
372 2784 567 2828 pepercit,
604 2779 674 2818 sed
701 2779 927 2818 rudentibus
957 2780 1113 2833 Inferni
1143 2780 1278 2818 detra-

166 2837 252 2866 ctos
280 2833 321 2865 in
351 2838 551 2869 tartarum
580 2832 742 2871 tradidit
761 2833 998 2872 cruciandos
1016 2837 1057 2870 in
1088 2832 1278 2880 judicium

168 2886 395 2919 reservari.
438 2885 494 2921 Ac
522 2886 712 2939 deniqne,
755 2896 795 2925 ut
824 2887 937 2939 plura
966 2887 1044 2924 alia
1071 2881 1245 2924 omittam
1264 2917 1275 2934 ‚

168 2934 287 2973 Judas
317 2937 357 2972 in
379 2949 445 2973 sua
460 2936 583 2988 Epist.
612 2939 708 2979 vers.
729 2940 768 2979 6.
798 2942 999 2993 Angelos,
1029 2940 1181 2993 inquit,
1211 2944 1277 2991 qui

166 3000 248 3025 non
278 2999 530 3027 servaverunt
561 3004 675 3028 suum
703 2998 997 3047 principatum,
1039 2993 1108 3031 sed
1137 2991 1275 3030 dereli-

165 3051 332 3094 querunt
361 3056 478 3080 suurn
507 3043 747 3082 domicilium
766 3078 776 3095 ,
823 3053 865 3085 in
901 3047 1096 3101 judicium
1134 3050 1276 3098 magni

167 3095 247 3132 diez·
293 3097 456 3134 vinculis
498 3102 662 3135 oeternis
703 3100 771 3135 sul»
813 3102 987 3155 caligine
1028 3105 1239 3139 reservarit
1263 3131 1274 3149 ,

166 3147 328 3200 Insignis
357 3159 409 3188 est
438 3152 554 3189 etiam
582 3150 653 3189 hac
695 3152 742 3189 de
771 3166 809 3191 re
837 3154 942 3194 locus
970 3156 1011 3194 in
1040 3153 1276 3208 Apocalypsi

167 3200 258 3240 ΧΠ.
291 3218 327 3254 7.
371 3204 403 3239 8t
433 3218 511 3256 seq.

223 3268 314 3295 212.
343 3256 427 3295 Non
455 3258 586 3296 eadem
616 3267 742 3297 tamen
773 3261 1042 3312 perspicuitate
1070 3275 1187 3300 sacrae
1217 3260 1278 3299 lit-

167 3317 259 3346 terae
289 3310 400 3349 nobis
430 3321 646 3364 exponunt,
688 3313 804 3365 quale
844 3314 957 3353 fuerit
986 3316 1084 3354 illud
1115 3315 1278 3367 Angelo-

167 3374 255 3400 rum
282 3374 512 3416 peccatum,
554 3375 709 3419 propter
737 3367 839 3419 quod
882 3381 993 3406 suum
1034 3369 1277 3408 domicilium

938 134 1339 179 DISSERTATIO
1372 135 1406 177 Ι.
1455 134 1583 178 CAP.
1606 136 1730 182 XIV.

1365 218 1405 254 in
1435 214 1533 254 caelo
1562 218 1796 263 amiserunt,
1828 218 2055 270 aeternisque
2082 218 2283 271 suppliciis
2311 219 2470 259 damna-

1366 272 1397 308 ri
1428 277 1679 307 mernerunt.
1722 269 1825 306 Hinc
1853 272 1971 309 variae
2003 282 2119 310 enatae
2151 283 2236 312 sunt
2263 275 2310 312 de
2337 289 2472 326 pecca-

1368 332 1404 361 to
1433 322 1665 374 Angelorum
1695 324 1909 362 sententiae.

1423 377 1514 415 215.
1544 376 1593 414 Et
1621 377 1750 428 primo
1791 385 1934 416 veteres
1979 378 2153 417 nonnulli
2196 388 2371 432 putantes
2406 394 2474 419 sua

1367 430 1519 482 Angelis
1556 430 1675 468 inesse
1704 442 1767 467 cor
1794 442 1861 468 ora
1881 460 1891 478 ,
1936 430 1980 468 de
2009 434 2101 483 ipsis
2143 434 2399 485 intelligebant
2430 449 2474 473 ea

1364 485 1481 523 verba
1510 484 1609 521 Gen.
1642 483 1708 521 VI.
1754 482 1941 522 sidentes
1978 484 2064 523 Filii
2092 485 2172 524 Dei
2199 488 2287 528 &a
2335 500 2473 540 eosque

1365 548 1564 590 propterea
1593 536 1756 576 libidine
1787 550 1958 588 peccasse
1986 539 2215 577 censebant.
2374 558 2377 560 >

1423 593 1514 637 214.
1545 592 1585 628 ln
1616 590 1686 628 hac
1716 592 1894 629 sententia
1925 592 2078 630 fuerunt
2108 595 2221 631 etiam
2252 593 2374 646 aliqui
2403 592 2476 631 Pa-

1362 652 1436 682 tres
1456 676 1468 692 ,
1501 644 1595 683 utS.
1616 644 1811 692 Justinus,
1842 643 2126 693 Tertullianus,
2156 648 2364 698 Origenes,
2394 646 2468 684 La-

1362 700 1550 744 ctantius;
1581 712 1674 750 quos
1703 708 1828 736 tamen
1859 712 1904 736 ex
1932 699 2155 751 apocrypho
2183 699 2284 737 libro
2313 699 2472 738 Henoch

1360 751 1534 804 deceptos
1564 752 1698 801 fnisse,
1728 767 1803 791 non
1834 751 1954 790 solum
1986 752 2107 804 liquet
2135 765 2180 789 ex
2202 754 2274 801 iis,
2304 767 2393 806 quae
2410 767 2472 792 su-

1360 819 1431 857 pra
1460 819 1564 843 num.
1587 805 1652 851 45.
1671 836 1681 854 ,
1724 807 1770 843 de
1808 807 2029 858 incorporea
2059 805 2290 857 Angelorum
2336 817 2470 845 natura

1360 859 1550 906 diximus,
1580 860 1643 898 sed
1674 860 1786 897 etiam
1818 873 1862 897 ex
1883 873 1951 908 eo,
1982 859 2082 912 quod
2111 869 2255 897 certum
2278 860 2350 908 sit,
2381 874 2470 913 pec-

1361 921 1486 950 catum
1519 911 1749 964 Angelorum
1780 913 1894 951 fuisse
1923 915 2028 965 prins
2057 922 2210 965 peccato
2239 912 2467 960 hominunm

1359 979 1448 1003 nam
1485 965 1599 1003 homo
1626 967 1674 1004 ad
1717 967 1954 1018 peccandum
1997 967 2068 1005 fuit
2098 967 2147 1005 ab
2178 965 2324 1018 Angelo
2368 966 2471 1005 malo

1355 1019 1555 1064 ‘seductns3
1601 1019 1697 1057 unde
1725 1021 1841 1058 etiam
1871 1020 1961 1072 Sap.
1984 1021 2032 1058 Il.
2065 1020 2129 1065 24.
2159 1020 2325 1058 dicitur:
2368 1019 2472 1058 Invi-

1359 1071 1428 1108 dia
1456 1070 1617 1110 Diaboli
1646 1086 1753 1111 mors
1796 1077 1963 1112 introivit
1993 1078 2034 1111 in
2063 1072 2198 1111 orbem
2236 1081 2471 1112 terrarum:

1356 1137 1433 1162 non
1464 1139 1552 1175 ergo
1582 1126 1814 1177 Angelorum
1845 1137 2043 1179 peccatum
2072 1141 2151 1165 esse
2180 1128 2303 1179 potuit
2339 1126 2440 1165 illud
2458 1157 2470 1176 ,

1357 1177 1456 1230 quod
1488 1179 1589 1215 Gen.
1622 1179 1688 1217 VI.
1717 1181 1972 1220 describitur.

1414 1231 1504 1268 215.
1533 1231 1709 1268 Ceterum
1750 1236 1873 1272 >sancti
1902 1233 2029 1271 Patres
2075 1233 2176 1272 bene
2218 1232 2331 1272 multi
2371 1233 2471 1273 hanc

1357 1283 1531 1322 fabulam
1576 1282 1812 1334 rejecerunt,
1856 1295 1897 1322 ut
1925 1286 1966 1323 S.
1998 1286 2229 1336 Augustinus
2259 1288 2347 1326 Lib.
2378 1288 2470 1326 XV.

1357 1336 1405 1374 de
1435 1341 1504 1374 civ.
1536 1336 1614 1374 Dei
1644 1346 1717 1375 toto
1747 1352 1782 1376 c.
1805 1338 1869 1376 25.
1888 1368 1899 1386 ,
1942 1338 2022 1375 imo
2049 1339 2091 1375 S.
2122 1338 2343 1378 philastrius
2374 1341 2471 1392 Epi-

1356 1403 1491 1442 scopus
1508 1391 1715 1429 Brixiensis
1745 1406 1828 1430 eam
1861 1392 1958 1429 inter
1978 1391 2141 1429 haereses
2169 1392 2298 1428 retulit
2326 1394 2471 1431 deiece-

1354 1456 1432 1482 res.
1450 1460 1483 1482 c.
1503 1446 1566 1496 59.
1597 1460 1672 1496 qua
1702 1445 1748 1482 de
1779 1459 1817 1482 re
1843 1444 1994 1482 consuli
2023 1453 2142 1497 potest
2163 1444 2278 1483 Dion.
2296 1444 2471 1486 Petavius

1354 1497 1447 1535 Lib.
1478 1498 1543 1534 ΙΙΙ.
1575 1497 1623 1534 (le
1652 1499 1816 1550 Angelis
1845 1512 1879 1536 c.
1904 1510 1941 1535 2.

1411 1549 1502 1587 216.
1532 1549 1707 1588 Secundo
1737 1565 1782 1589 ex
1829 1551 1935 1589 laud.
1964 1550 2170 1602 Sapientiae
2209 1550 2337 1589 verbis
2366 1551 2468 1590 Invi-

1354 1601 1423 1640 dia
1451 1602 1594 1641 diaboli
1614 1603 1684 1642 &c.
1714 1603 1791 1642 alia
1820 1606 2078 1657 quorumdam
2107 1606 2239 1656 opinio
2267 1613 2356 1642 nata
2385 1614 2467 1653 est,

1351 1656 1514 1707 Angelos
1544 1671 1717 1709 peccasse
1740 1660 1883 1696 invidia
1904 1672 1992 1710 erga
2023 1658 2220 1696 hominem
2253 1659 2397 1696 factum
2419 1660 2468 1697 ad.

1350 1711 1584 1761 imaginem,
1628 1710 1662 1746 ἃ
1691 1711 1983 1750 similitudinem
2015 1711 2117 1749 Dei.
2160 1711 2235 1749 Sed
2262 1711 2303 1749 S.
2336 1711 2464 1764 Augu-

1350 1765 1470 1801 stinus
1501 1764 1589 1802 Lib.
1610 1764 1680 1802 XI.
1711 1764 1759 1802 de
1792 1765 1894 1803 Gen.
1939 1765 1994 1803 (ΜΖ
2023 1764 2118 1803 Litt.
2148 1779 2234 1816 cap.
2261 1765 2322 1810 14.
2367 1775 2466 1804 recte

1347 1817 1596 1866 observavit,
1645 1819 1817 1869 primum
1862 1818 2095 1870 Angelorum
2141 1827 2340 1870 peccatum
2388 1832 2465 1858 11011

1349 1871 1514 1922 potuisse
1544 1885 1622 1909 esse
1651 1872 1839 1909 invidiam
1858 1902 1869 1920 ,
1898 1874 2030 1922 quia„
2054 1873 2197 1909 invidia
2217 1873 2387 1924 seqnitur
2403 1887 2467 1910 sn-

1350 1953 1377 1971 „
1407 1924 1581 1976 perbiam
1600 1954 1611 1972 ,
1660 1937 1732 1962 non
1763 1926 1974 1978 praecedit3
2017 1938 2091 1963 non
2131 1926 2233 1962 enim
2263 1929 2376 1962 c'ausa
2402 1940 2464 1963 su-

1349 2007 1374 2026 „
1407 1978 1608 2030 perhiendi
1638 1987 1690 2016 est
1720 1979 1866 2017 invidia
1887 2009 1898 2028 ,
1940 1979 2002 2017 sed
2033 1993 2147 2016 causa
2178 1978 2372 2016 invidendi
2403 1993 2464 2017 su-

1350 2061 1376 2079 „
1407 2032 1542 2083 perbia
1563 2057 1619 2070 ....
1639 2033 1805 2070 amando
1833 2034 1979 2085 quippe
2022 2032 2289 2070 excellentiam
2321 2046 2428 2070 suam
2450 2063 2462 2081 ,

1348 2114 1374 2134 2,
1404 2085 1466 2123 vel
1497 2085 1654 2138 paribus
1685 2086 1853 2133 invidet,
1897 2086 2000 2138 quod
2029 2087 2063 2123 ei
2093 2094 2369 2138 coaequentur,
2401 2086 2461 2124 vel

1346 2168 1374 2187 „
1406 2139 1679 2187 inferioribus,
1709 2153 1756 2177 ne
1784 2139 1859 2177 sibi
1888 2147 2138 2192 coaequentur
2158 2169 2168 2188 ,
2200 2138 2259 2178 vel
2290 2141 2461 2191 superio-

1347 2222 1374 2241 „
1403 2193 1537 2241 ribus,
1581 2194 1682 2246 quod
1709 2194 1766 2231 eis
1794 2206 1868 2232 non
1910 2201 2162 2246 coaequetur3
2204 2193 2462 2244 superbiendo

1345 2276 1375 2298 ,‚
1406 2248 1521 2299 igitur
1536 2248 1686 2285 invidus
1702 2277 1713 2295 ‚
1733 2260 1806 2286 non
1824 2247 2030 2287 invidendo
2046 2248 2207 2300 quisque
2223 2247 2463 2299 superbus“.

1403 2314 1498 2352 217.
1527 2301 1587 2339 Ex
1616 2315 1692 2353 qua
1713 2300 1754 2339 S.
1770 2302 1978 2353 Augustini
2001 2302 2196 2348 doctrina,
2226 2314 2316 2353 quae
2346 2302 2462 2339 etiam

1347 2354 1562 2393 multorum
1604 2355 1768 2392 aliorum
1812 2363 2024 2392 sanctorum
2064 2353 2251 2402 Parrum,
2293 2368 2337 2392 ac
2381 2355 2462 2392 sere

1348 2408 1565 2446 communis
1606 2416 1684 2456 est,
1730 2409 1931 2447 manifeste
1975 2411 2244 2460 consequitur,
2287 2409 2462 2460 prinlum

1348 2461 1582 2513 Angelorum
1612 2471 1811 2513 peccatum
1842 2463 1958 2500 fuisse
1991 2462 2242 2514 superbiam3
2284 2461 2329 2499 ad
2358 2461 2461 2513 quod

1347 2517 1469 2566 potnit
1498 2517 1612 2553 etiam
1627 2516 1809 2566 consequi
1841 2524 2040 2568 peccatum
2069 2516 2256 2553 invidiae.
2285 2514 2400 2552 Porro
2423 2522 2461 2551 ut

1347 2568 1389 2606 S.
1421 2568 1590 2606 Thomas
1617 2570 1777 2606 ostendit
1805 2569 1835 2606 I.
1866 2568 1906 2606 P.
1937 2582 2005 2621 qu.
2034 2568 2100 2607 65.
2143 2578 2213 2606 art.
2244 2581 2280 2607 2.
2311 2568 2462 2607 nonnisi

1348 2620 1431 2659 haec
1460 2623 1537 2659 duo
1565 2630 1723 2674 peccata
1742 2621 1934 2673 superbiae
1952 2651 1963 2669 ,
1995 2621 2028 2655 &
2058 2622 2217 2658 invidice
2246 2624 2401 2671 proprie
2423 2622 2461 2656 in

1346 2675 1512 2727 Angelos
1542 2676 1676 2712 cadere
1703 2683 1907 2726 potuerunt
1925 2700 1936 2711 .
1978 2672 2168 2720 Quamvis
2196 2675 2299 2710 enim
2327 2674 2461 2710 omnia

1345 2736 1501 2778 peccata
1531 2729 1570 2765 in
1600 2727 1854 2764 Daeinonibus
1884 2728 1983 2775 sint,
2013 2728 2105 2779 quia
2123 2757 2133 2775 ,
2163 2727 2256 2764 dum
2287 2725 2460 2764 homines

1345 2781 1393 2818 ad
1421 2781 1549 2818 omnia
1578 2789 1732 2832 peccata
1762 2779 1980 2828 inducunt,
2009 2780 2186 2818 omnium
2215 2789 2460 2832 peccatorum

1345 2841 1495 2871 reatum
1523 2834 1742 2880 incurrunt,
1773 2835 1927 2886 proprie
1957 2842 2084 2872 tamen
2114 2864 2140 2882 „
2161 2834 2372 2873 secundum
2401 2833 2458 2871 af·

1346 2915 1372 2934 „
1404 2887 1547 2924 sectum
1579 2886 1647 2924 illa
1675 2885 1800 2924 solum
1830 2895 1985 2939 peccata
2013 2889 2053 2925 in
2082 2887 2196 2926 malis
2216 2887 2372 2939 Angelis
2401 2901 2455 2925 es-

1345 2969 1372 2988 „
1402 2953 1439 2977 se
1467 2949 1642 2990 possunt,
1673 2940 1719 2977 ad
1748 2953 1837 2992 quae
1868 2943 2054 2993 contingit
2083 2941 2186 2980 affici
2214 2939 2456 2993 spiritualem

1345 3022 1371 3041 „
1403 3002 1575 3031 naturam
1593 3020 1603 3031 .
1629 2993 1886 3045 Spiritualem
1916 3004 2041 3033 autem
2072 3005 2248 3033 naturam
2263 3007 2338 3032 non
2367 3007 2458 3031 con--

1346 3076 1372 3095 2,
1402 3047 1511 3097 tingit
1539 3046 1643 3086 affici
1672 3047 1719 3084 ad
1748 3047 1877 3097 bona,
1906 3062 1995 3100 quae
2025 3058 2111 3086 sunt
2141 3048 2297 3100 propria
2325 3059 2458 3098 corpo-

1344 3129 1371 3149 „
1401 3101 1452 3139 ris
1470 3130 1482 3148 ,
1512 3101 1575 3138 sed
1604 3101 1651 3139 ad
1679 3115 1751 3150 ea,
1781 3116 1870 3154 qnae
1900 3102 1939 3139 in
1968 3101 2081 3139 rebus
2109 3100 2381 3153 spiritualibus
2396 3102 2457 3138 in-

1345 3183 1371 3202 „
1400 3155 1525 3192 veniri
1555 3163 1738 3206 possunt;
1781 3154 1878 3194 nihil
1910 3156 2013 3193 enim
2058 3154 2230 3192 afficiunt
2250 3185 2261 3204 ,
2308 3155 2379 3192 nisi
2408 3154 2457 3191 ad

1345 3237 1371 3256 ,‚
1402 3208 1468 3257 id,
1507 3209 1608 3260 quod
1638 3221 1717 3247 suae
1748 3218 1894 3248 naturae
1923 3217 2040 3260 potest
2068 3222 2148 3247 esse
2177 3207 2458 3262 quodammodo

1347 3291 1372 3310 „
1402 3264 1654 3300 conveniens.
1701 3263 1743 3300 ln
1772 3262 2034 3316 spiritualibus
2077 3272 2203 3301 autem
2239 3263 2350 3301 bonis
2377 3272 2455 3297 non

1348 3345 1374 3364 „
1403 3324 1522 3368 potest
1549 3329 1627 3354 esse
1656 3326 1882 3368 peccatum,
1929 3316 2020 3353 dum
2051 3316 2193 3370 aliquis
2220 3316 2268 3354 ad
2296 3328 2339 3351 ea
2367 3311 2455 3350 affi-

1347 3398 1374 3418 :2
1402 3377 1524 3417 citur,
1554 3370 1628 3409 nisi
1655 3383 1726 3422 per
1755 3369 1851 3419 hoc,
1881 3369 1984 3422 quod
2012 3371 2051 3409 in
2079 3371 2146 3410 tali
2175 3368 2311 3408 affectu
2341 3380 2452 3428 supe-

1728 3433 1731 3436 “
2269 3450 2297 3471 „
2327 3433 2403 3460 rio-
