2583 3685
271 97 351 136 116

204 171 365 209 infamia
409 175 484 204 tam
528 165 719 217 probrosae
762 165 1030 218 appellationis
1073 170 1298 210 adderetur.

258 222 342 265 145.
374 220 432 257 Ad
476 218 560 257 haec
598 219 739 257 addunt
768 218 889 271 aliqui
926 236 1015 259 cum
1043 222 1161 262 Svida
1190 224 1237 262 T.
1259 225 1308 263 ΙΙ.

199 289 238 325 p.
262 272 352 323 578.
383 270 596 309 Pulcheriae
618 273 792 310 animum
823 274 938 312 fuisse
967 276 1174 315 aNestorio
1202 291 1309 316 aver·

195 339 279 363 sum
310 333 462 377 propter
503 325 644 377 justam
686 324 993 377 objurgationem
1021 330 1145 368 eidem
1184 345 1206 369 a
1234 331 1309 370 Ne-

195 379 305 417 stoi-io
334 378 500 423 factam3
548 387 629 416 tum
658 378 890 418 Eunuchum
921 382 1197 422 Scliolasticum
1227 399 1308 423 ma-

194 445 270 483 gna
299 431 472 482 pecuniae
517 433 554 470 vi
597 441 820 484 corruptum
838 464 848 482 ,
878 444 1039 474 mutasse
1069 437 1308 489 Imperatoris

193 485 369 522 animum
399 493 528 522 contra
556 484 767 524 Orientales
785 516 794 534 ,
843 489 881 525 in
911 488 1020 540 cujus
1051 492 1106 528 rei
1145 493 1309 530 testimo-

192 539 301 576 nium
332 537 493 574 afferunt
523 537 657 576 Aeacii
687 540 899 578 Beroeensis
929 542 1153 593 epistolam,
1191 558 1308 595 quam

192 590 234 628 P.
265 591 395 641 Lupus
437 592 477 628 in
506 605 574 629 sua
602 591 823 630 collectione
855 595 968 631 refert
1005 610 1038 632 c.
1065 596 1124 640 ¹4.
1155 595 1308 649 aliaque

191 642 305 692 liujus
334 644 509 693 generis,
539 645 680 696 quibus
702 646 909 695 Basnagius
938 646 979 684 S.
1009 647 1204 699 Cyrillum
1234 663 1308 688 una

190 708 283 733 cum
309 710 376 733 sua
405 696 560 748 Synodo
589 698 775 735 infamare
805 698 945 736 frustra
974 708 1159 739 conatur.

250 748 337 794 144.
369 749 482 800 Resp.
513 749 594 788 haec
624 752 783 799 omnia,
826 765 913 803 quae
945 762 1024 804 post
1054 753 1273 804 Dupinium
1295 786 1307 804 ,

188 800 347 840 Baellius
365 831 375 850 ,
403 802 611 853 Basnagius
628 832 639 850 ,
669 802 815 856 aliique
834 804 1015 844 Romanae
1033 806 1217 845 Ecclesiae
1239 808 1306 845 ho-

189 864 285 903 stes,
315 867 390 893 non
411 853 534 893 solum
563 865 744 904 narrant,
774 858 838 895 sed
858 859 986 897 verbis
1006 861 1120 898 etiam
1147 871 1306 909 ornant,

190 917 303 960 atque
333 918 589 960 exaggerant,
620 911 768 948 etiamsi
798 925 889 950 vera
918 922 1061 962 essent,
1103 915 1184 952 vim
1213 915 1306 952 defi-

188 963 342 1001 nitionis
384 963 610 1013 dogmaticae
653 972 782 1001 contra
825 964 1043 1003 Nestorium
1085 967 1306 1007 nullatenus

189 1028 295 1066 posse
324 1015 564 1067 infringere,
607 1026 808 1068 postquam
835 1017 1034 1055 damnatio
1073 1019 1177 1058 illius
1206 1022 1306 1060 facta

187 1070 227 1105 in
255 1069 340 1106 Act.
362 1068 391 1105 l.
421 1070 537 1107 Cone.
568 1068 753 1120 Ephesiui
781 1070 1007 1109 confirmata
1036 1071 1107 1110 fuit
1137 1074 1220 1112 Act.
1250 1089 1305 1112 se-

186 1123 346 1172 quenti,
376 1121 628 1173 praesentibus
645 1153 656 1171 ,
687 1122 720 1159 δε
750 1124 1053 1175 approbantibus
1074 1125 1303 1178 Apostolicae

187 1175 293 1213 sedis
324 1174 475 1226 Legatis
493 1205 504 1224 ,
535 1175 759 1214 confirmata
788 1179 927 1215 iterum
957 1193 979 1215 a
1007 1192 1158 1217 summo
1179 1179 1302 1219 Ponti-

189 1228 262 1266 fice
293 1228 430 1277 Rom„
461 1228 495 1264 ἃ
524 1229 659 1267 deinde
688 1245 710 1267 a
739 1229 889 1268 duabus
920 1232 1094 1283 proxime
1123 1246 1303 1273 consecu-

187 1283 230 1320 tis
262 1283 507 1320 oecumeuicis
527 1283 715 1334 Synodis‚
745 1282 1042 1323 Chalcedonensi
1073 1285 1105 1321 Sc
1124 1287 1304 1326 Constan-

190 1334 463 1386 tinopolitana3
510 1350 555 1372 ac
584 1336 739 1372 demum
783 1336 832 1373 ab
862 1338 954 1388 ipsis
983 1339 1147 1377 Nestorii
1177 1351 1302 1392 patro-

183 1389 269 1434 nis,
315 1388 373 1424 Jo.
404 1387 663 1435 Antiocheno,
713 1388 975 1439 Theodoreto,
1019 1392 1053 1428 &
1083 1407 1158 1429 uuo
1188 1395 1304 1434 verbo

183 1440 232 1477 ab
263 1441 436 1478 universo
465 1442 555 1478 orbe
584 1441 773 1479 catholieo
802 1453 1019 1496 acceptata.
1064 1445 1302 1485 Universalis

183 1495 286 1530 enim
316 1492 378 1531 hic
410 1494 593 1532 Ecclesiae
624 1508 822 1534 consensus
865 1506 985 1535 totum
1010 1498 1150 1548 ·illud,
1198 1502 1302 1553 quod

181 1547 219 1584 in
240 1547 371 1584 ordine
393 1560 519 1584 rerum
548 1557 739 1599 gestarum
768 1559 968 1601 peccatum
990 1551 1119 1591 fuisset
1135 1583 1146 1601 ,
1176 1554 1299 1591 abun-

185 1600 228 1637 de
257 1609 426 1637 sanaret.
456 1600 531 1639 Sed
561 1611 713 1652 praestat
741 1602 905 1656 singulas
925 1603 1149 1655 objectionis
1175 1614 1299 1658 partes

180 1652 349 1691 'breviter
377 1653 509 1691 saltem
538 1654 723 1694 discutere
741 1683 752 1695 .

242 1705 336 1760 ¹452
361 1706 569 1743 Accusatur
597 1709 769 1759 Cyrillus
799 1711 973 1749 minimae
1017 1712 1263 1753 festinationis
1284 1745 1295 1764 ,

180 1759 273 1809 quia
302 1758 471 1795 iNestorio
514 1762 707 1810 quatridui
737 1762 960 1803 dilationem
997 1767 1200 1805 concedere
1229 1782 1296 1806 no-

182 1810 281 1858 luit,
313 1825 434 1863 neque
463 1812 668 1850 adventum
699 1815 956 1855 Orientalium
986 1829 1209 1870 expectare.
1247 1823 1295 1859 At

180 1877 269 1902 vero
298 1863 377 1914 jam
414 1863 473 1901 16.
504 1865 585 1903 dies
600 1877 890 1918 expectaverat.
921 1871 1098 1923 Synodus
1119 1875 1219 1911 enim
1239 1875 1295 1911 in-

181 1916 279 1953 dicta
324 1917 446 1953 fuerat
476 1918 557 1968 ipsa
586 1932 691 1956 sacra
719 1920 951 1961 Pentecostes
993 1925 1054 1962 die
1083 1926 1295 1965 inchoanda

181 1983 219 2020 7.
248 1969 381 2006 Junii.
411 1969 587 2008 Maxima
617 1985 702 2023 pars
722 1974 1004 2027 Episcoporum
1034 1979 1185 2017 aderat:
1215 1989 1293 2018 tan-

179 2031 228 2060 tae
257 2024 602 2074 procrastinationis
632 2025 746 2062 taedio
787 2028 900 2065 multi
930 2033 1261 2081 conquerebantur
1282 2063 1293 2082 ,

180 2076 302 2127 aliqui
319 2075 503 2114 infirmati
520 2106 530 2124 ,
560 2076 629 2114 alii
646 2079 761 2116 etiam
778 2082 917 2117 mortui
942 2083 1106 2120 fuerant:
1137 2092 1295 2136 aequmn

179 2130 294 2181 igitur
323 2138 426 2182 egat,
456 2138 494 2166 ut
510 2131 663 2168 tandem
692 2131 900 2183 aliquando
915 2145 1185 2186 rumperentur
1213 2150 1295 2175 mo-

180 2195 262 2230 rae,
293 2181 325 2217 8<
354 2183 508 2221 initium
537 2183 779 2222 celebrandae
808 2186 953 2238 Synodi
983 2188 1117 2227 fieret.
1148 2191 1196 2228 At
1224 2190 1299 2227 Ne-

180 2237 312 2272 storius
340 2237 588 2287 quatriduum
618 2239 798 2289 petebat,
841 2241 977 2293 iniqua
1007 2244 1162 2293 petitio,
1207 2257 1298 2280 cum

179 2287 247 2326 ille
288 2289 368 2339 jam
397 2288 540 2340 Ephesi
572 2304 646 2328 una
675 2306 765 2330 cnm
807 2293 940 2331 decem
971 2294 1172 2348 Episcopis
1210 2310 1296 2334 sua-

180 2354 268 2380 rum
300 2342 468 2392 partium
498 2344 663 2383 adesset.
708 2345 878 2384 Ulterius
908 2346 941 2382 ἃ
970 2347 1032 2385 die
1061 2350 1295 2401 praecedenti

180 2395 348 2434 monitus
377 2396 526 2445 fuerat,
575 2405 655 2435 tum
683 2399 767 2450 ipsa
796 2399 857 2437 die
886 2400 1029 2449 semel,
1079 2412 1190 2454 atque
1227 2405 1295 2440 ite-

179 2461 267 2486 rum
295 2449 343 2486 ad
372 2448 572 2499 Synodum
603 2452 811 2498 invitatus3
841 2462 954 2505 atque
983 2469 1005 2491 a
1032 2454 1180 2493 duobus
1200 2455 1294 2507 Epi-

178 2504 299 2553 scopis
328 2502 446 2553 ipsius
475 2505 610 2542 amicis
641 2504 835 2544 Theodoto
865 2509 1100 2559 Ancyrano,
1131 2509 1165 2545 ὃς
1195 2510 1293 2548 Aca-

178 2556 238 2592 cio
266 2554 502 2594 Melitinensi
545 2557 733 2609 majorem
763 2561 803 2597 in
833 2561 990 2599 modum
1029 2573 1204 2614 rogatus,
1254 2573 1294 2601 ut

175 2608 343 2660 deposita
386 2611 599 2661 pertinacia
628 2613 675 2650 ad
717 2625 961 2653 communem
992 2614 1179 2655 Ecclesiae
1210 2631 1294 2654 sen-

176 2664 331 2699 tentiam
361 2664 583 2713 accederet,
632 2666 695 2702 sed
725 2667 891 2713 frustra3
942 2667 1008 2705 ille
1039 2672 1142 2708 enim
1172 2672 1294 2721 magis

178 2713 411 2765 insaniebat,
440 2717 572 2769 palam
602 2719 756 2768 dicens,
795 2734 836 2758 se
865 2720 999 2758 Deum
1030 2721 1258 2761 bimestrem
1279 2753 1290 2772 ,

179 2776 247 2803 aut
275 2774 516 2808 trimestrem
546 2785 626 2809 non
657 2774 784 2811 colere
801 2800 812 2811 .
861 2774 1034 2826 Tempus
1060 2790 1150 2828 ergo
1180 2785 1291 2824 erat,

178 2826 220 2855 ut
243 2825 442 2877 ⁵putridum
471 2824 543 2863 hoc
565 2825 751 2865 Ecclesiae
774 2828 996 2866 membrum
1027 2830 1292 2868 excommuni-

178 2877 333 2933 catioiiis
363 2877 461 2916 falce
491 2889 743 2920 resecaretur.

237 2925 322 2986 ¹403
351 2930 423 2967 Sed
453 2935 703 2983 expectandus
732 2944 839 2983 erat,
867 2937 1072 2988 inquiunt,
1110 2937 1291 2976 adventus

179 2979 582 3040 JoannishAntiocheni
602 3017 612 3035 ,
642 2990 711 3040 qui
742 3003 831 3027 cum
862 2991 938 3027 suis
958 2990 1160 3043 Episcopis
1179 2994 1301 3033 Com-1

177 3033 478 3092 provincialibus
519 3053 595 3078 non
626 3042 758 3092 procul
797 3043 956 3081 aberat.
1016 3043 1290 3083 Verumtamen

176 3098 342 3137 StlspffilO
381 3097 485 3136 erat,
532 3093 640 3131 valde
671 3096 855 3145 fundata,
904 3111 993 3135 eum
1023 3097 1068 3136 de
1105 3099 1290 3136 industria

176 3151 299 3177 moras
330 3138 498 3188 trahere,
528 3145 681 3197 aliquod
711 3163 756 3187 ex
785 3152 1024 3188 cunctatione
1053 3151 1288 3190 beneficium

175 3204 245 3243 pro
287 3205 353 3251 suo
382 3205 623 3244 sperantem.
678 3202 767 3238 Duo
796 3205 909 3241 etiam
940 3204 1122 3257 Episcopi
1165 3205 1214 3243 ab
1245 3219 1288 3243 eo

173 3247 376 3295 permissi,
406 3247 579 3285 dixerunt
608 3263 686 3288 non
716 3257 866 3303 semel,
909 3257 978 3294 seii
1007 3262 1151 3308 saepius
1180 3272 1286 3310 posse

175 3310 218 3335 eo
247 3299 360 3339 etiam
389 3299 541 3341 absente
561 3302 761 3354 Synodum
788 3309 985 3349 inchoari.
1018 3340 1043 3359 „
1072 3312 1172 3356 ‚Cum
1201 3312 1285 3350 haec

756 91 836 134 DE
870 89 1117 133 INCARN.
1150 90 1319 135 SECT.
1353 91 1408 134 11.
1455 92 1596 137 DISS.
1629 96 1706 139 III.
1753 99 1881 142 CAP.
1914 101 1949 143 Ι.

1381 201 1407 221 „
1437 170 1498 209 illi
1528 176 1824 224 renuntiassent,
1872 187 2046 231 certoque
2076 186 2285 229 constaret,
2334 187 2410 219 tam
2438 192 2485 223 ex

1381 254 1406 273 „
1437 237 1544 285 mora
1571 240 1688 277 quam
1709 241 1754 264 ex
1783 230 1856 276 iis,
1885 244 1972 282 quae
2002 235 2173 272 nuntiata
2194 235 2340 272 fueraut
2370 236 2489 286 ipsius

1379 307 1405 326 „
1435 291 1616 326 nomine,
1655 293 1742 316 eum
1772 282 1977 320 detrectare
2005 298 2252 333 consensuum
2294 287 2352 326 vel
2382 287 2485 338 quod

1379 360 1404 379 „
1434 332 1637 380 amicitiae,
1667 346 1756 384 quae
1787 334 1857 385 ipsi
1888 349 1977 372 cnm
2006 337 2175 377 Nestorio
2202 341 2486 389 intercedebat,

1378 413 1405 433 „
1434 385 1666 436 indulgeret,
1697 386 1757 423 vel
1786 387 1886 438 quod
1915 389 1946 425 is
1962 388 2143 429 Ecclesiae
2164 407 2242 431 suae
2268 395 2382 432 suerit
2401 394 2487 432 Cle-

1380 467 1405 487 „
1436 438 1538 476 ricus
1556 467 1566 486 ,
1596 437 1654 476 vel
1677 439 1791 478 etiam
1820 441 1921 491 quod
1940 443 2194 491 quorumdam
2224 460 2291 496 pro
2320 449 2400 498 ipso
2425 447 2488 484 de-

1380 491 1715 543 „precationibus
1761 506 1909 530 morem
1950 503 2119 544 gereret,
2166 497 2205 533 S.
2235 497 2406 548 Synodns
2447 501 2488 538 in

1379 574 1404 592 2,
1436 558 1572 596 magua
1602 544 1742 596 Ephesi
1772 545 1973 593 Ecclesia,
2019 560 2108 597 quae
2149 549 2360 599 appellatur
2389 552 2485 589 Ma-

1378 626 1404 645 „
1432 601 1522 646 riti,
1566 600 1767 636 sessionem
1810 598 2046 637 celebravit.
2067 603 2093 621 “
2142 600 2196 637 Ita
2224 614 2375 640 causam
2414 619 2487 645 non

1376 653 1559 700 expectati
1588 652 1768 690 adventus
1798 652 2054 690 Orientalium
2085 663 2273 703 exponunt
2294 654 2415 693 Patres
2435 658 2486 696 E-

1375 701 1526 752 pliesini
1556 706 1594 742 in
1624 704 1802 742 relatione
1832 706 1879 742 ad
1899 705 1940 743 S.
1969 704 2218 743 Caelestinum
2237 732 2247 744 .
2277 707 2396 745 Nulla
2424 709 2486 749 hie

1376 756 1563 794 festinatio
1591 767 1775 810 apparet,
1805 759 1867 795 sed
1900 759 2021 809 potius
2050 757 2163 810 longa
2192 773 2322 808 mora,
2352 775 2487 812 quam·

1376 821 1494 859 quam
1524 823 1597 848 non
1625 821 1753 860 tanta,
1783 820 1925 863 quanta
1955 826 1976 849 a
2005 811 2236 851 Nestoi-tanis
2266 812 2408 864 injuste
2424 828 2488 867 po-

1375 861 1587 900 stulabatur
1603 890 1615 902 .

1433 914 1520 965 147.
1551 916 1661 964 Quod
1692 931 1781 957 vero
1810 920 2077 958 mandatorum
2107 920 2334 959 Candidiani
2358 921 2507 966 Comis

1374 968 1448 1015 tis,
1495 970 1563 1019 qui
1592 970 1738 1022 Synodi
1767 974 1918 1011 initium
1955 973 2082 1011 adhuc
2110 973 2257 1012 differri
2296 973 2486 1026 jubebat,

1374 1019 1524 1059 nullam
1553 1024 1738 1059 rationein
1767 1023 1892 1062 Patres
1921 1025 2153 1074 habuerint,
2198 1040 2270 1065 non
2315 1028 2404 1066 inde
2431 1041 2489 1066 se-

1373 1075 1528 1126 quitur,
1575 1087 1635 1113 eos
1664 1089 1770 1113 sacra
1799 1077 2039 1128 Imperatoris
2081 1080 2259 1117 mandata
2296 1080 2489 1127 violasse3

1372 1127 1480 1165 lectae
1511 1129 1625 1165 etiam
1654 1129 1802 1168 fuerant
1831 1131 1966 1180 inipsa
1993 1132 2120 1183 prima
2149 1132 2319 1171 Sessione
2348 1133 2487 1172 litterae

1372 1179 1598 1229 Theodosii,
1629 1182 1669 1219 in
1698 1182 1840 1234 quibus
1861 1182 1967 1220 nulla
1995 1197 2148 1233 prorsus
2162 1185 2399 1224 Candidiano
2420 1200 2488 1238 po·

1372 1242 1480 1274 testas
1510 1234 1580 1273 hac
1610 1236 1649 1272 in
1678 1244 1783 1287 parte
1811 1235 1956 1281 fiebat3
1993 1236 2057 1273 sed
2085 1240 2347 1276 tantummodo
2377 1239 2487 1290 jube-

1373 1288 1506 1335 batur,
1538 1298 1576 1325 ut
1606 1288 1803 1339 diligenter
1832 1291 2091 1340 prospiceret,
2132 1302 2182 1326 ne
2212 1290 2403 1328 dissensio
2433 1306 2487 1329 ex

1373 1351 1509 1379 mutuo
1537 1341 1787 1392 repugnandi
1816 1341 1942 1379 studio
1972 1353 2108 1380 coorta
2147 1341 2455 1381 increbresceret
2476 1370 2488 1382 .

1371 1396 1547 1433 Ceterum
1592 1396 1739 1447 reliqua
1777 1395 1935 1433 arbitrio
1964 1395 2244 1447 Episcoporum
2289 1396 2421 1435 relicta
2450 1411 2489 1434 e-

1368 1459 1452 1487 rant
1483 1453 1497 1502 (
1528 1447 1720 1500 Vid.sup.
1751 1450 1790 1487 in
1821 1457 1896 1486 not.
1928 1450 1975 1486 ad
1995 1463 2035 1487 n.
2060 1463 2118 1487 11.
2151 1449 2189 1496 ).
2220 1449 2486 1496 Quamobrem

1368 1502 1585 1554 Augustus,
1633 1503 1809 1554 quamvis
1839 1503 1874 1539 ei
1910 1502 1955 1539 de
1985 1515 2024 1540 re
2055 1511 2127 1540 tota
2157 1503 2322 1541 nondum
2366 1503 2487 1554 probe

1367 1558 1514 1594 conscio
1542 1555 1626 1594 ideo
1655 1555 1911 1608 displicuerit,
1950 1564 2075 1607 postea
2104 1564 2231 1593 tamen
2259 1557 2390 1593 omnia
2417 1570 2507 1607 ap·¹

1366 1608 1569 1660 probavit,
1617 1617 1731 1660 atque
1762 1622 1830 1661 pro
1873 1610 2093 1647 auctoritate
2123 1609 2197 1647 sibi
2227 1623 2250 1646 a
2279 1609 2361 1646 Deo
2398 1622 2487 1647 con-

1365 1672 1468 1701 cessa
1513 1663 1750 1700 decretorum
1788 1661 1972 1700 Ecclesiae
2017 1663 2172 1714 plenam
2222 1663 2485 1700 executionem

1364 1716 1596 1767 imperavit,
1626 1714 1892 1754 &Nestorium
1923 1729 1996 1753 una
2024 1730 2114 1753 cum
2144 1717 2275 1767 paucis
2293 1716 2367 1766 ipsi
2397 1726 2484 1765 per-

1364 1770 1536 1807 tinaciter
1564 1768 1848 1807 adhaerentibus
1878 1768 2078 1820 Episcopis
2106 1768 2222 1805 exilio
2251 1766 2460 1818 relegavit.

1422 1823 1510 1861 148.
1540 1823 1603 1861 Sic
1634 1824 1746 1859 etiam
1778 1835 1846 1859 nec
1877 1822 2009 1872 Legati
2040 1821 2260 1869 Pontificii,
2305 1834 2373 1859 nec
2403 1822 2484 1872 i'pse

1365 1889 1536 1914 summus
1566 1875 1736 1913 Pontifex
1784 1874 1863 1911 ullo
1906 1875 2018 1913 modo
2060 1875 2106 1912 de
2152 1875 2387 1913 festinatione
2416 1874 2485 1912 Pa-

1362 1937 1487 1976 trum,
1517 1939 1579 1966 ant
1608 1930 1655 1966 de
1686 1927 1764 1965 ulla
1793 1928 1870 1965 alia
1901 1927 1962 1966 vel
1993 1929 2154 1966 minima
2184 1941 2381 1967 sacrorum
2411 1929 2484 1966 Ca-

1362 1994 1503 2019 nonum
1533 1981 1732 2019 violatione
1762 1982 1960 2032 conquesti
1980 1990 2089 2027 sunt3
2120 1982 2184 2020 sed
2214 1991 2413 2034 postquam
2436 1982 2485 2019 iis

1364 2036 1495 2072 omnia
1537 2036 1705 2086 exposita
1735 2034 1868 2081 fuere,
1917 2047 2005 2084 quae
2039 2036 2120 2072 Act.
2143 2036 2172 2072 Ι.
2201 2043 2303 2087 gesta
2346 2042 2453 2072 erant
2472 2065 2485 2083 ‚

1363 2086 1560 2125 calculum
1590 2102 1702 2126 suum
1731 2087 1991 2124 incunctanter
2020 2087 2268 2137 abjecerunt.
2299 2087 2378 2126 Nec
2406 2086 2486 2124 illis

1365 2139 1553 2187 difficile,
1601 2151 1664 2178 aut
1694 2139 1931 2191 impossibile
1963 2141 2086 2178 visum
2118 2149 2200 2187 est,
2249 2148 2324 2184 tot,
2368 2148 2486 2178 tanta-

1366 2205 1460 2242 sque
1490 2205 1546 2228 res
1577 2193 1737 2242 potuisse
1769 2206 1845 2228 una
1874 2193 1936 2228 die
1977 2193 2105 2230 debita
2133 2192 2332 2243 diligentia
2361 2193 2485 2230 discu-

1366 2246 1424 2292 ti,
1454 2244 1487 2280 8<
1505 2244 1780 2282 determinari.
1810 2244 1909 2280 Nam
1926 2245 2071 2294 integra
2099 2245 2159 2281 die
2188 2259 2210 2281 a
2238 2258 2388 2282 summo
2404 2259 2485 2283 ma-

1365 2312 1414 2336 ne
1445 2311 1562 2350 usque
1592 2298 1639 2335 ad
1668 2306 1817 2335 noctem
1848 2296 1973 2334 Patres
2002 2299 2040 2333 in
2069 2295 2244 2335 Concilio
2272 2297 2483 2343 sederunt3

1364 2351 1399 2387 8<
1428 2351 1504 2388 duo
1532 2352 1731 2403 praecipua
1760 2351 2025 2388 controversias
2055 2358 2196 2402 puncta
2224 2350 2304 2401 jam
2342 2359 2500 2392 consta-v

1363 2403 1481 2449 baut3
1510 2404 1656 2442 scilicet
1686 2403 1812 2455 qualis
1842 2412 1933 2441 esset
1961 2404 2008 2441 de
2037 2404 2221 2456 mysterio
2252 2404 2485 2442 Incarnatio-

1363 2459 1423 2495 nis
1454 2458 1676 2496 universalis
1706 2457 1890 2496 Ecclesiae
1921 2457 2121 2505 doctrina,
2160 2457 2194 2493 &
2223 2456 2355 2509 quales
2385 2470 2485 2495 erro-

1361 2524 1421 2549 res
1451 2511 1643 2558 i³estorii3
1691 2511 1736 2549 de
1768 2521 1927 2564 utroque
1957 2511 2061 2548 enim
2091 2519 2233 2563 puncto
2262 2509 2342 2561 jam
2382 2525 2488 2550 sum·

1365 2578 1451 2603 mus
1481 2564 1651 2602 Pontifex
1681 2564 1908 2603 Caelestinus
1949 2566 1988 2602 in
2018 2563 2172 2616 Synodo
2203 2563 2374 2604 Romana
2416 2580 2486 2604 sua.

1363 2619 1530 2656 ediderat
1559 2617 1740 2656 oracula.
1770 2620 1816 2656 In
1846 2619 2006 2670 AEgypto
2035 2619 2149 2655 etiam
2168 2645 2178 2664 ,
2209 2615 2243 2651 &
2271 2619 2488 2657 Constanti-

1362 2673 1493 2725 nopoli
1521 2671 1587 2708 diu
1605 2702 1614 2720 ,
1654 2671 1898 2723 multumque
1927 2671 2050 2708 fuerat
2079 2670 2314 2721 disputatum
2345 2672 2390 2708 de
2419 2683 2487 2707 no-

1363 2739 1411 2763 va
1440 2725 1601 2762 Nestorii
1631 2724 1826 2762 doctriua.
1866 2723 2131 2772 Quamobrem
2162 2725 2380 2761 mirandum
2411 2735 2488 2762 non

1363 2788 1442 2825 est,
1491 2778 1654 2830 potuisse
1683 2792 1759 2815 uua
1796 2779 1943 2828 integra
1973 2777 2034 2814 die
2064 2778 2191 2815 omnia
2220 2778 2289 2814 rite
2318 2778 2484 2828 peragi,

1362 2846 1450 2885 qua:
1483 2831 1529 2868 ad
1558 2830 1654 2868 hanc
1685 2829 1793 2868 litem
1822 2830 2032 2868 finiendam
2061 2830 2326 2881 pertinebant.
2382 2830 2485 2868 Hinc

1363 2895 1463 2923 recte
1492 2884 1667 2936 Synodus
1695 2884 2016 2922 Chalcedonensis
2058 2897 2144 2920 can.
2172 2884 2232 2930 14.
2264 2886 2379 2922 etiam
2409 2881 2483 2921 hae

1363 2940 1408 2976 de
1436 2951 1551 2975 causa
1572 2936 1769 2988 epistolam
1792 2937 1872 2974 lbae
1902 2937 1949 2973 ad
1981 2934 2114 2974 Marii]
2130 2936 2281 2974 Persam
2302 2937 2483 2974 condem—

1359 2992 1492 3038 navit,
1536 2991 1637 3042 quod
1668 2989 1880 3042 iii-culparet
1910 2989 2147 3041 Epliesinain
2177 2990 2216 3027 S.
2248 2990 2447 3042 Synodum
2470 3017 2483 3037 ,

1360 3054 1571 3094 tamquam
1601 3048 1686 3081 sine
1716 3047 2050 3092 examinatione,
2079 3047 2128 3083 <9²
2158 3048 2377 3093 quaestione
2406 3042 2481 3080 Ne-

1360 3100 1519 3136 storium
1550 3098 1818 3135 condemnasse
1836 3124 1846 3134 .

1419 3151 1506 3203 149.
1537 3150 1731 3201 Tempore
1760 3161 1884 3187 autem
1904 3180 1913 3196 ,
1945 3150 1978 3186 8<
2010 3152 2189 3202 patientia
2209 3151 2411 3189 Lectorum
2442 3162 2481 3184 a·

1357 3206 1545 3244 bntuntur
1576 3204 1696 3241 hostes
1717 3203 1756 3241 S.
1773 3203 1913 3255 Cyrilli
1932 3235 1942 3251 ,
1974 3205 2066 3242 dum
2096 3219 2184 3242 euin
2205 3213 2267 3241 aut
2287 3204 2372 3240 odio
2391 3200 2481 3237 Pul—

1356 3258 1497 3296 cheriae
1529 3256 1712 3306 Augustae
1743 3258 1784 3295 iu
1814 3258 2053 3306 nestorium,
2097 3268 2160 3295 aut
2189 3256 2374 3307 corruptis
2405 3255 2480 3290 im-

1355 3326 1484 3350 mensa
1527 3312 1612 3351 auri
1655 3313 1768 3364 copia
1796 3311 1908 3351 Aulae
1941 3311 2131 3354 Ministris
2167 3310 2332 3349 abusum
2361 3308 2477 3344 fuisse

2367 3361 2424 3399 di-
