2583 3685
251 142 331 194 194

184 216 345 253 feliciter
373 220 499 250 contra
528 209 765 247 Manicliaeos
795 223 863 261 pro
906 210 1074 248 humana
1115 212 1285 249 libertate

186 279 387 320 pugnasse,
419 273 457 299 ut
488 272 643 313 apparet
664 275 708 299 ex
724 262 805 313 ejus
819 262 1000 313 operibus
1021 273 1161 302 contra
1183 264 1285 302 Fau-

183 308 286 356 stein
305 348 315 364 ,
346 316 379 351 8<
408 327 453 351 ex
482 315 601 352 tribus
630 314 738 353 libris
767 314 815 352 sle
845 314 962 353 libero
991 316 1172 356 arbitrio.
1201 319 1288 356 Jam

182 383 271 409 vero
301 368 370 406 hoc
399 369 485 406 satis
514 382 590 406 esse
619 369 740 406 videri
767 376 905 420 potest,
935 370 1035 420 quod
1065 385 1152 410 cum
1183 370 1288 408 Pela-

180 423 310 476 giani,
359 434 566 474 eorumque
594 420 737 459 surculi
767 421 1064 473 Semipelagiuni
1107 435 1289 476 perpetuo

181 478 228 514 de
249 475 288 513 S.
313 475 511 526 Augustini
541 476 708 513 doctrina
729 485 1069 526 conquererentur,
1099 479 1199 528 quod
1217 479 1288 516 sub

182 530 313 581 gratiae
340 528 499 566 nomine
530 528 683 566 fatalem
712 528 907 565 induceret
936 531 1221 578 necessitatem,
1255 531 1289 566 8<

181 585 220 621 in
251 582 330 633 ejus
360 591 559 633 systemate
586 581 694 620 vnulla
730 580 898 631 amplius
938 589 1143 632 superesset
1172 582 1290 621 liber-

180 646 260 683 tas,
299 647 430 671 eorum
460 634 623 686 querelis
653 648 848 686 nunquam
879 636 988 671 cessit
1016 636 1179 673 invictus
1206 648 1290 686 gra-

180 690 244 727 tiae
276 688 443 735 Doctor,
491 701 700 741 eorumque
744 688 1025 735 accusationes,
1073 697 1113 725 ut
1143 690 1291 740 putidas

181 741 395 781 calumnias
423 743 645 789 contemsit,
690 741 915 792 eosdemque
944 748 1140 792 tamquam
1169 741 1291 794 infla-

180 804 306 843 tores,
349 803 595 843 corruptores
624 795 672 835 ἐν
702 797 1014 844 praecipitatores
1043 793 1156 832 liberi
1186 795 1290 834 arbi-

179 851 265 896 trii,
297 860 367 885 non
397 857 523 885 autem
555 856 593 886 ut
623 856 820 885 assertores
849 845 1068 896 refellebat,
1098 849 1199 900 quod
1219 850 1290 886 sci-

180 902 270 940 licet
300 902 459 951 gratiam
491 901 563 940 Dei
592 909 656 939 aut
687 914 836 953 prorsus
877 899 1079 949 tollerent,
1127 910 1190 939 aut
1219 901 1292 939 sal-

180 966 257 993 tem
286 955 454 992 nimium
485 963 754 1002 extenuarent,
803 961 843 992 ut
872 954 970 993 vires
1000 954 1113 993 liberi
1142 954 1293 993 arbitrii

179 1008 266 1061 plus
297 1021 407 1060 aequo
437 1007 747 1060 amplificarent.

237 1075 325 1113 219.
358 1060 570 1109 Praeterea,
600 1076 688 1099 cum
719 1059 914 1112 Pelagiani
945 1059 985 1098 S.
1001 1058 1102 1099 Patri
1130 1056 1293 1112 objecis-

177 1125 255 1153 sent
285 1114 369 1153 haec
398 1115 439 1153 S.
470 1115 701 1167 Hieronymi
732 1113 849 1152 verba
878 1127 924 1150 ex
960 1114 1124 1152 secundo
1162 1123 1293 1153 contra

176 1170 428 1207 Joviniamun
467 1166 590 1206 libro:
646 1167 778 1206 Liberi
820 1166 973 1204 arbitrii
1009 1181 1081 1205 nos
1121 1166 1293 1206 condidit

177 1222 290 1260 Deus
306 1238 321 1266 ,-
349 1235 422 1259 nec
453 1220 508 1258 acl
536 1225 739 1269 virtutem,
768 1233 842 1258 nec
871 1219 927 1258 acl
956 1223 1048 1258 vitia
1077 1225 1293 1260 necessita-

178 1285 218 1314 te
247 1275 444 1313 tra⁷zimur
462 1288 475 1311 .·
505 1275 679 1326 alioquin
707 1273 770 1311 ubi
798 1277 1038 1322 necessitas,
1081 1287 1156 1312 nec
1185 1286 1293 1311 coro-

179 1343 235 1366 7111
267 1338 351 1374 est‚·
397 1329 437 1365 S.
469 1326 577 1365 Pater
606 1329 647 1365 id
675 1327 828 1378 indigne
858 1327 1009 1375 ferens,
1057 1327 1165 1378 quasi
1196 1326 1293 1364 libe-

176 1395 262 1420 rum
292 1381 464 1433 negando
493 1379 696 1418 arbitrium
717 1379 807 1417 huic
823 1378 1030 1430 objectioni
1047 1378 1174 1417 locum
1193 1393 1294 1432 prae-

176 1435 340 1481 buisset,
370 1435 422 1472 ita
451 1433 504 1471 eis
533 1433 724 1485 respoudit
753 1434 793 1470 111
813 1433 901 1471 Lib.
931 1431 979 1470 <le
999 1441 1086 1470 nat.
1115 1433 1163 1473 ἴθ’
1183 1443 1293 1485 grat.

176 1502 262 1540 cap.
284 1487 349 1526 65.
384 1485 481 1537 Quis
509 1499 589 1524 non
618 1484 851 1539 agnoscat?
884 1485 980 1535 Quis
1010 1500 1089 1524 non
1110 1494 1189 1524 toto
1208 1499 1293 1525 cor-

175 1540 225 1579 de
253 1539 480 1590 suscipiat?
531 1538 628 1590 Quis
657 1540 774 1577 aliter
815 1539 1019 1577 conditam
1061 1539 1291 1578 humanam

176 1604 294 1646 neget
336 1607 422 1632 esse
451 1593 684 1631 naturam?
726 1592 774 1631 Et
816 1594 855 1632 in
886 1590 1009 1644 Epist.
1041 1594 1131 1630 215.
1174 1591 1292 1630 Fia'es

175 1661 284 1685 sana
312 1647 533 1695 catholica,
571 1645 796 1699 inquiebat,
839 1658 965 1695 neque
993 1645 1158 1683 liberum
1187 1645 1290 1682 arbi-

175 1706 298 1738 trium
326 1710 450 1752 negat
477 1704 556 1738 sire
584 1703 625 1735 in
667 1702 790 1736 vitam
820 1698 1005 1745 malam,
1050 1700 1126 1736 sive
1156 1701 1197 1734 in
1226 1697 1289 1736 bo-

178 1767 308 1792 nam:
357 1766 485 1804 neque
514 1761 673 1789 tantum
702 1755 738 1789 ei
767 1749 921 1799 tribuit,
968 1759 1011 1788 ut
1039 1755 1125 1789 sine
1153 1755 1289 1803 gratia

177 1806 257 1845 Dei
285 1806 417 1844 valeat
446 1804 614 1856 aliquid.
644 1804 692 1842 Et
712 1804 883 1842 infinitus
900 1818 1017 1842 essem
1035 1835 1045 1852 ,
1074 1806 1105 1842 si
1134 1807 1287 1853 omnia,

175 1860 319 1911 quibus
347 1868 475 1912 aperte
504 1858 736 1909 Augustinus
763 1857 932 1896 liberum
969 1858 1172 1896 arbitrium
1201 1871 1288 1898 con-

176 1914 293 1953 fessus
323 1922 401 1961 est,
431 1911 645 1950 exscribere
675 1910 815 1949 vellem
836 1936 848 1949 .

231 1980 321 2004 220.
353 1967 405 2002 Ita
435 1965 577 2015 pariter
605 1964 878 2015 indignabatur
908 1964 1060 2016 Pelagio
1088 1965 1129 2005 S.
1152 1966 1287 2004 Hiero-

173 2032 312 2071 nymus
342 2019 382 2056 in
410 2018 535 2070 Epist.
564 2017 612 2055 ad
639 2016 921 2070 Ctesiphontem
953 2020 1150 2070 inquiens:
1190 2018 1286 2056 Fru-

172 2083 258 2111 stra
288 2070 563 2123 blasphemas,
606 2070 656 2111 <9¹
683 2073 958 2122 ignorantiam
986 2071 1148 2110 auribus
1176 2076 1287 2124 inge-

173 2130 255 2175 ris,
284 2136 356 2163 nos
384 2124 547 2163 liberum
562 2123 771 2162 arbitrium
787 2123 1086 2170 condemnare;
1115 2125 1286 2164 damne-

172 2188 236 2217 tur
265 2178 356 2228 ille,
386 2183 449 2230 qui
479 2177 684 2216 damnat.
732 2178 787 2215 Ita
816 2178 930 2217 etiam
961 2179 1104 2217 Auctor
1132 2178 1286 2218 Libror.

173 2231 221 2270 de
250 2241 374 2270 vocat.
409 2231 599 2270 Gentium
627 2230 716 2269 Lib.
746 2231 777 2269 Ι.
806 2246 892 2284 cap.
922 2230 962 2270 8.
992 2246 1116 2285 neque
1145 2229 1286 2283 gratia,

174 2297 297 2337 neque
328 2294 481 2337 peccato
522 2283 690 2323 liberum
733 2282 938 2323 arbitrium
983 2285 1068 2324 tolli
1104 2286 1288 2334 ostendit,

174 2340 379 2392 inquiens:
409 2368 435 2386 ,,
465 2337 544 2389 ‘Nec
574 2337 665 2388 quia
694 2338 830 2389 spiritu
860 2339 933 2376 Dei
964 2340 1089 2390 agitur
1107 2368 1117 2386 ,
1148 2339 1232 2377 ideo
1252 2353 1291 2377 se

174 2422 200 2442 ‚‚
231 2400 334 2444 putet
364 2391 476 2428 homo
495 2390 665 2428 liberum
679 2390 882 2429 arbitrium
904 2402 976 2429 11011
999 2391 1160 2438 habere3
1185 2390 1291 2444 quod

175 2475 203 2496 „
232 2459 302 2483 nec
332 2453 421 2482 tunc
450 2445 607 2497 quidem
636 2443 827 2496 perdidit,
856 2445 1007 2496 quaudo
1027 2442 1197 2483 Diabolo
1226 2456 1291 2484 vo-

174 2529 202 2550 „
232 2497 377 2537 luntate
406 2512 443 2535 se
472 2497 597 2545 dedit,
625 2510 648 2534 a
676 2509 752 2548 quo
780 2495 972 2548 judicium
1001 2497 1206 2536 voluntatis
1226 2498 1289 2536 de-

174 2583 201 2601 „
231 2560 433 2603 pravatum
463 2559 539 2598 est,
577 2562 652 2587 non
683 2548 855 2587 ablatum
886 2554 912 2572 ‘⁶
931 2573 942 2589 0
984 2551 1025 2590 S.
1057 2553 1170 2589 etiam
1200 2549 1290 2589 Pro-

174 2618 260 2657 sper
289 2607 330 2641 in
359 2616 462 2652 resp.
491 2602 547 2641 ad
576 2605 698 2653 capit.
732 2601 887 2641 Gallor.
917 2604 1021 2642 Sent.
1052 2603 1092 2643 6.
1141 2607 1193 2643 ita
1221 2604 1289 2642 ab⁶

175 2657 292 2697 solute
321 2657 478 2696 desinit:
512 2657 589 2707 Qui
618 2656 738 2704 dicit,
769 2656 871 2707 quod
899 2656 1061 2695 liberum
1082 2652 1290 2696 arbitrium

176 2716 216 2749 in
246 2708 405 2749 homine
433 2708 530 2748 nihil
557 2712 607 2747 sit
629 2734 670 2748 ...
700 2722 782 2746 non
798 2719 856 2747 est
875 2710 1120 2749 catholicus.
1149 2713 1206 2749 Ac
1224 2712 1289 2749 de-

175 2767 291 2816 nique
327 2765 367 2804 S.
397 2763 612 2803 Bernardus
652 2762 776 2801 Serm.
807 2761 873 2801 81.
916 2768 958 2801 in
990 2763 1162 2802 Cantica
1203 2763 1288 2801 haec

178 2815 311 2855 habet:
343 2847 368 2867 „
400 2816 561 2856 Arbitrii
591 2815 747 2855 libertas
775 2824 826 2854 est
846 2815 961 2867 plane
980 2817 1158 2854 divinum
1181 2816 1293 2868 quid-

179 2899 207 2919 „
234 2871 322 2909 dam
351 2870 541 2923 refulgens
570 2871 609 2908 in
638 2871 795 2918 anima,
844 2878 1026 2921 tanquam
1069 2883 1222 2921 gemma
1250 2869 1291 2906 in

179 2949 209 2971 „
236 2936 326 2960 auro
343 2951 353 2963 .
381 2924 440 2962 Ex
469 2923 541 2962 hac
569 2936 709 2975 nempe
738 2924 830 2962 inest
851 2921 910 2960 illi
926 2924 1023 2960 inter
1038 2921 1185 2960 bonum
1205 2923 1292 2974 qui-

179 3003 207 3023 „
236 2974 348 3023 dem,
376 2977 410 3013 81
438 2977 586 3016 malum
604 3007 615 3025 ,
645 2989 794 3014 necnon
823 2977 922 3015 inter
950 2977 1094 3025 vitam,
1124 2975 1159 3013 81
1188 2988 1292 3013 mor-

180 3050 208 3076 „
238 3035 342 3076 tem,
383 3031 445 3069 sed
472 3031 507 3068 ἃ
535 3029 657 3069 nihilo
685 3031 816 3070 minus
844 3031 943 3069 inter
971 3029 1127 3080 lucem,
1174 3027 1211 3065 &
1239 3037 1292 3068 tea

220 3214 276 3262 (a).
300 3210 333 3243 S.
361 3209 513 3244 Thomas
541 3213 637 3249 Lect-
665 3218 698 3250 3.
726 3211 769 3251 ad
794 3216 858 3252 hoc
885 3224 988 3263 caput
1007 3216 1196 3257 observat,
1220 3213 1296 3250 haec

182 3267 299 3290 omma
323 3269 422 3308 posse
447 3256 635 3301 dupliciter
660 3264 838 3307 intelligi5
862 3277 934 3298 11110
957 3262 1061 3298 1110110
1085 3263 1126 3296 de
1151 3275 1191 3296 eo
1206 3284 1216 3303 ‚
1242 3266 1297 3307 qni

182 3311 237 3335 est
263 3305 432 3350 subjectus
457 3314 596 3347 peccato
613 3327 623 3345 ‚
649 3314 700 3350 qui
729 3311 863 3352 quidem
890 3315 926 3343 in.
951 3313 1135 3343 universali
1163 3312 1298 3343 intelli—

182 3353 233 3394 git
252 3370 263 3390 2
289 3363 354 3385 non
379 3362 456 3384 esse
481 3353 685 3395 operandum
707 3364 906 3397 peccatum,
950 3364 1059 3391 tamen
1085 3359 1193 3392 victus
1219 3366 1298 3399 sug-

757 131 1157 176 DISSERTATIO
1190 131 1268 175 111.
1315 128 1482 173 SECT.
1515 129 1595 172 III.
1628 131 1756 174 CAP.
1779 132 1880 176 VII.

1353 239 1379 258 „
1409 208 1545 245 nebras
1563 236 1574 256 ‚
1604 208 1637 244 &
1667 212 1828 260 cognitio
1856 210 2020 261 judicii,
2049 211 2084 247 &
2113 210 2217 263 optio
2235 209 2395 262 eligendi
2417 224 2459 250 ..1

1353 291 1380 312 „
1411 261 1522 300 Unde
1551 261 1586 297 ἀ
1614 260 1781 299 liberum
1810 266 2024 302 nominatur
2040 264 2264 312 arbitrium,
2293 266 2395 316 quod
2413 263 2461 302 li-

1356 343 1382 365 ,‚
1411 324 1490 353 ceat
1519 316 1660 353 versari
1690 316 1729 352 in
1758 314 1817 353 1113
1845 329 1914 367 pro
1934 317 2091 355 arbitrio
2111 318 2339 357 voluntatis.
2369 317 2462 356 Inde

1356 399 1382 418 „
1413 368 1525 406 homo
1553 369 1600 406 ad
1631 370 1924 420 promerendum
1954 371 2048 422 potis
2076 373 2131 410 “.
2173 372 2307 410 Cetera
2334 371 2462 411 brevi-

1357 451 1384 472 „
1411 423 1496 460 tatis
1522 435 1634 460 causa
1663 429 1874 473 praetereo.

1412 489 1502 514 221.
1533 475 1605 513 Sed
1634 488 1680 512 ex
1709 474 1768 512 his
1798 475 1955 525 paucis,
2003 489 2090 527 quae
2119 475 2233 514 allata
2261 486 2375 526 sunt,
2422 491 2462 516 as·

1357 527 1487 567 hunde
1516 528 1635 580 liquet
1651 558 1662 576 ,
1693 529 1827 565 merito
1856 528 1895 565 in
1916 528 2088 565 Concilio
2107 529 2377 569 Constantiensi
2397 531 2461 570 da-

1359 591 1531 621 innatam
1561 582 1676 620 fuisse
1705 595 1789 619 eam
1825 581 2117 633 propositionem
2146 581 2206 618 JO.
2235 582 2396 620 Wiclefi
2425 597 2463 621 n.

1361 648 1426 686 27.
1459 635 1611 674 Omnia
1641 634 1689 672 (le
1717 633 1897 672 absoluta
1916 636 2153 671 necessitate
2172 636 2352 671 eveniunt
2368 648 2382 678 ;
2411 643 2466 672 at—

1359 702 1434 740 que
1463 690 1501 726 in
1530 689 1675 727 Concil.
1705 687 1880 725 Trident.
1909 686 2006 725 Sess.
2028 686 2097 725 Vl.
2126 700 2212 726 can.
2230 687 2268 724 5.
2298 687 2350 724 ita
2377 699 2468 724 con-

1359 750 1416 779 tra
1443 742 1678 790 Calvinum,
1720 741 1890 793 aliosque
1926 739 2112 779 Sectarios
2148 738 2377 778 definitum:
2425 738 2468 777 Sc·

1359 798 1444 846 quis
1473 795 1641 833 hominis
1678 793 1886 832 arbitrium
1926 802 2012 844 post
2041 792 2143 831 Adae
2182 801 2391 844 peccatum
2421 801 2468 829 a·

1360 852 1550 897 missum,
1597 849 1647 889 (9⁶
1676 852 1898 886 extinctum
1942 860 2027 885 esse
2056 846 2203 885 dixerit
2223 875 2235 895 ,
2283 854 2354 884 aut
2382 858 2469 884 rem

1361 914 1446 938 esse
1475 899 1523 938 de
1551 902 1631 939 solo
1658 902 1790 950 titulo,
1821 905 1901 940 imo
1920 901 2074 938 titulum
2095 904 2181 939 sine
2200 913 2243 938 re
2259 930 2270 948 ,
2287 899 2471 952 figmen-

1359 962 1445 990 tum
1475 953 1641 1004 (lenique
1670 969 1698 992 a
1725 963 1881 993 satana
1916 958 2111 993 invectum
2140 958 2181 992 in
2210 952 2471 1000 Ecclesiam,

1359 1005 1587 1043 anathema
1615 1011 1663 1044 sit
1678 1022 1693 1052 ,·
1721 1022 1765 1046 ac
1794 1008 1950 1046 demum
1980 1007 2064 1059 jure
2093 1007 2142 1046 ab
2171 1005 2387 1046 Innocentio
2416 1003 2471 1043 Χ.

1359 1060 1611 1111 proscriptam
1642 1060 1756 1098 fuisse
1784 1063 1931 1100 tertiam
1961 1062 2125 1100 Jansenii
2155 1060 2472 1112 propositionem?

1361 1111 1424 1149 Ad
1453 1111 1715 1160 merendum,
1756 1112 1807 1152 (Ψ
1836 1113 2120 1152 demerendum
2148 1118 2189 1152 in
2218 1122 2324 1152 statu
2352 1120 2472 1150 natu-

1360 1177 1419 1202 rae
1448 1165 1575 1215 lapsoe
1615 1178 1698 1202 non
1726 1169 1933 1215 requiritur
1967 1171 2009 1204 in
2052 1168 2211 1206 homine
2248 1165 2406 1204 libertas
2442 1174 2472 1203 a

1359 1222 1627 1266 necessitate,
1658 1217 1726 1256 sed
1746 1217 1888 1265 sufficit
1904 1218 2347 1258 libertasacoactione.
2377 1218 2473 1258 Mit-

1362 1280 1399 1309 to
1427 1271 1557 1324 plures
1586 1271 1679 1309 alias
1708 1270 1853 1310 similes
1882 1273 2151 1324 propositiones
2168 1273 2383 1323 Apostolico
2399 1271 2472 1309 Ro-

1361 1339 1468 1363 man.
1498 1322 1728 1363 Pontificum
1756 1327 1926 1377 stigmate
1941 1324 2138 1370 confixa-33
2168 1325 2264 1372 inter
2282 1339 2375 1377 quas
2390 1332 2473 1363 sunt

1362 1379 1444 1416 istas
1478 1377 1602 1417 Mich.
1633 1378 1717 1430 Baji
1748 1377 1813 1431 59.
1844 1377 1961 1428 'Quod
1989 1378 2205 1417 voluntarie
2222 1376 2300 1430 fit,
2331 1380 2474 1415 etiam,-

1360 1436 1394 1470 si
1423 1435 1651 1470 necessario
1668 1431 1785 1484 fiat,
1833 1431 1950 1470 libere
1978 1440 2121 1469 tamen
2150 1430 2236 1483 fit3
2283 1429 2350 1468 66.
2379 1429 2476 1468 Sola

1362 1486 1547 1523 violentia
1576 1494 1774 1537 repugnat
1802 1483 1973 1523 libertati
2001 1483 2171 1522 hominis
2199 1484 2379 1521 naturali
2394 1498 2410 1528 ;
2439 1481 2475 1519 &

1360 1539 1426 1589 67.
1457 1537 1590 1575 Homo
1617 1547 1757 1589 peccat
1773 1542 1897 1576 etiam
1913 1537 2198 1576 damnabiliter
2212 1540 2254 1574 in
2273 1549 2343 1585 eo,
2371 1531 2474 1588 quod

1358 1595 1587 1630 necessario
1605 1592 1744 1643 facit.
2374 1640 2377 1641 ⁷

1414 1657 1505 1683 222.
1535 1645 1610 1683 Ob.
1641 1645 1793 1697 primo.
1823 1645 1864 1683 S.
1884 1643 2024 1683 Paulus
2053 1644 2210 1682 Roman.
2231 1642 2321 1681 VII.
2347 1643 2408 1682 15.
2437 1638 2472 1679 8<

1357 1710 1435 1750 seq.
1466 1697 1586 1737 multa
1616 1697 1757 1751 habet,
1800 1697 1942 1750 quibus
1971 1712 2079 1735 suam
2121 1697 2379 1750 captivitatem
2407 1695 2472 1733 dei

1357 1751 1507 1803 plorat,
1538 1752 1738 1804 inquiens:
1782 1781 1807 1800 ,‚
1836 1750 1951 1797 Quod
1980 1751 2085 1788 enim
2113 1762 2277 1802 operor,
2307 1762 2383 1788 11011
2413 1748 2473 1787 in·-

1358 1832 1384 1852 „
1414 1803 1567 1856 tellig03
1597 1818 1671 1843 non
1700 1806 1803 1842 enim
1831 1804 1933 1855 quod
1963 1802 2049 1842 volo
2077 1803 2249 1852 bonum,
2279 1800 2350 1840 hoc
2379 1811 2470 1853 ag03

1357 1885 1384 1905 ,‚
1414 1858 1478 1895 sed
1506 1858 1608 1910 quod
1636 1859 1698 1896 odi
1729 1856 1876 1895 malum
1894 1886 1905 1905 ‚
1936 1856 2034 1895 illud
2064 1857 2164 1895 facio
2185 1882 2227 1895 ...
2262 1855 2376 1894 Nunc
2405 1868 2473 1892 au·-

1357 1939 1383 1958 ,‚
1412 1919 1487 1949 tem
1517 1913 1597 1962 jam
1627 1924 1704 1950 non
1734 1924 1801 1963 ego
1827 1923 1963 1963 operor
1992 1909 2111 1959 illud,
2141 1911 2204 1948 sed
2232 1909 2334 1962 quod
2361 1907 2472 1946 habi-

1356 1992 1382 2011 „
1412 1973 1462 2003 tat
1492 1966 1531 2002 111
1561 1978 1622 2002 me
1651 1973 1852 2016 peccatum
1879 1989 1921 2002 ...
1965 1963 2065 2002 Nam
2093 1963 2194 2003 velle
2222 1962 2370 2015 adjacet
2395 1962 2472 1999 'mi-

1356 2045 1382 2065 „
1412 2017 1452 2056 hi
1471 2047 1482 2066 ,
1513 2018 1698 2070 perficere
1726 2026 1853 2055 autem
1883 2017 2029 2055 bonum
2047 2046 2057 2065 ,
2086 2030 2161 2054 non
2181 2016 2357 2055 invenio.
2386 2015 2472 2054 Non

1357 2098 1383 2118 2,
1413 2072 1518 2109 enim
1548 2070 1648 2123 quod
1678 2070 1765 2110 volo
1794 2071 1967 2118 bonum,
2004 2069 2076 2108 hoc
2105 2070 2233 2116 faci03
2277 2069 2341 2107 sed
2369 2067 2472 2120 quod

1356 2152 1383 2172 „
1412 2124 1500 2162 nolo
1527 2122 1703 2172 malum,
1735 2122 1804 2161 hoc
1833 2131 1902 2174 ago
1922 2145 1964 2162 ...
1993 2118 2116 2161 Video
2137 2133 2262 2161 autem
2278 2121 2397 2160 aliam
2417 2120 2472 2158 le-

1357 2206 1383 2225 „
1413 2192 1499 2230 gem
1529 2178 1568 2215 in
1597 2177 1782 2216 membris
1810 2179 1905 2215 meis
1935 2186 2206 2229 repugnantem
2235 2175 2310 2227 legi
2339 2174 2473 2213 mentis

1357 2259 1384 2278 „
1415 2245 1537 2279 meae,
1585 2229 1906 2283 &captivantem
1949 2245 2010 2269 me
2051 2231 2091 2268 in
2120 2229 2202 2282 lege
2240 2229 2386 2281 peccati
2415 2249 2473 2276 „-

1357 2284 1482 2331 Haec,
1511 2283 1545 2321 &
1573 2283 1676 2330 alia,
1710 2297 1798 2336 quae
1828 2284 1884 2322 ibi
1913 2283 1953 2322 S.
1984 2283 2125 2322 Paulus
2152 2285 2198 2321 de
2227 2283 2349 2334 seipso
2376 2282 2471 2319 scri-

1357 2337 1443 2383 bit,
1471 2346 1600 2389 aperte
1627 2338 1912 2382 demonstrant,
1943 2335 2090 2375 nullam
2119 2351 2196 2375 esse
2226 2338 2266 2374 iu
2288 2335 2397 2374 nohis
2412 2347 2473 2372 ar-

1359 2389 1467 2429 bitrii
1496 2390 1712 2431 libertatem
1730 2420 1741 2440 ,
1770 2404 1848 2442 qua
1875 2389 1974 2428 illud
2002 2387 2144 2428 bonum
2164 2402 2343 2442 agamus,
2371 2384 2473 2441 quod

1361 2442 1539 2483 volumus
1555 2469 1567 2482 .

1358 2544 1362 2545 ⁷
1415 2496 1506 2535 225.
1538 2496 1651 2550 Resp.
1681 2493 1766 2535 haec
1794 2496 1924 2536 omnia
1952 2497 2092 2549 exponi
2119 2495 2259 2535 debere
2287 2495 2333 2534 de
2361 2492 2473 2534 moti-

1356 2548 1431 2588 bus
1460 2550 1723 2589 indeliberatis
1742 2552 2083 2603 concupiscentias,
2112 2563 2201 2603 quae
2221 2548 2363 2588 dicitur
2383 2561 2473 2586 ma-

1358 2603 1469 2649 lum,
1512 2605 1603 2656 quia
1632 2617 1677 2641 ex
1706 2611 1861 2656 peccato
1890 2604 2089 2654 procedit,
2134 2603 2168 2638 δε
2197 2604 2245 2640 ad
2275 2610 2473 2653 peccatum

1356 2655 1548 2702 inclinat3
1577 2658 1629 2694 ita
1658 2665 1781 2693 tamen
1798 2682 1809 2700 ,
1859 2663 1898 2692 ut
1927 2656 1974 2693 iis
2002 2653 2169 2692 motibus
2197 2653 2367 2693 voluntas
2395 2665 2472 2691 non

1356 2710 1589 2754 consentiat,
1618 2709 1691 2746 nisi
1720 2707 1870 2753 libere,
1918 2707 2129 2759 iisdemque
2157 2720 2247 2744 cum
2283 2704 2471 2796 adA'utorio

1356 2761 1501 2799 divinae
1529 2761 1661 2811 gratiae
1691 2761 1861 2798 resistere
1890 2760 2031 2812 possit.
2061 2759 2171 2798 Unde
2199 2760 2300 2798 idem
2354 2767 2473 2810 posto-

1359 2812 1420 2850 lus
1448 2813 1495 2851 ad
1525 2812 1614 2850 Gal.
1645 2812 1694 2851 V.
1715 2823 1776 2865 17.
1808 2812 1941 2862 Caro,
1972 2814 2119 2865 inquit,
2149 2815 2385 2864 concupiscit
2401 2811 2473 2849 ad-

1360 2878 1493 2904 versus
1520 2869 1722 2916 spiritum,
1751 2870 1909 2918 spiritus
1927 2876 2065 2904 autem
2081 2863 2268 2905 adversus
2283 2876 2472 2904 carnem.

1360 2918 1483 2968 Vide,
1511 2932 1599 2971 quae
1629 2919 1676 2957 de
1705 2919 1776 2958 hoc
1806 2919 1889 2959 loco
1917 2920 1958 2959 S.
1979 2919 2088 2958 Pauli
2117 2921 2218 2959 dicta
2245 2931 2329 2959 sunt
2358 2933 2472 2972 supra

1359 2986 1468 3011 num.
1503 2972 1562 3010 16.
1592 2972 1626 3009 8(
1655 2987 1734 3025 seq.
1765 2974 1857 3023 (a).

1415 3025 1506 3072 224·
1535 3025 1678 3066 Dices.
1705 3026 1835 3066 Sacrae
1864 3027 1999 3066 litterae
2027 3035 2223 3078 asserunt,
2252 3040 2318 3067 nos
2347 3025 2385 3067 in
2404 3035 2475 3066 sta-

2379 3088 2422 3121 tu

1365 3212 1521 3260 gestione
1547 3210 1741 3255 Damonis,
1769 3217 1820 3250 vel
1842 3218 2029 3259 passione,
2072 3217 2124 3251 vel
2150 3218 2375 3251 inclinatione
2396 3222 2477 3254 per·

1367 3266 1455 3295 uersi
1484 3261 1618 3294 habitus
1644 3270 1801 3305 operatur
1825 3265 1915 3297 illud
1935 3285 1969 3295 ...
2005 3272 2125 3297 contra
2151 3264 2393 3296 conscientiam
2407 3257 2472 3301 fa-

1365 3312 1461 3342 ciens
1551 3307 1637 3341 Alio
1663 3311 1785 3349 modo,
1826 3310 1899 3350 ait,
1933 3318 2046 3353 potest
2076 3312 2229 3353 intelligi
2252 3309 2296 3340 de
2320 3318 2381 3345 eo,
2416 3306 2470 3348 ‘lUi

1365 3363 1420 3390 est
1443 3358 1480 3389 in
1504 3359 1620 3399 gratia
1645 3359 1871 3398 constitutus,
1908 3361 1963 3401 qui
1986 3359 2121 3402 quidem
2144 3362 2302 3401 operatur
2324 3354 2444 3388 malum
2459 3370 2474 3393 2
