2583 3685
239 169 295 210 56
909 166 1314 213 DISSERTA'PIO
1345 170 1379 212 Ι.
1431 168 1560 211 CAP.
1595 169 1742 212 XVII.

177 244 212 281 ἃ
242 247 387 284 animas
416 246 655 295 incorporeas
683 243 849 282 cruciari
879 245 964 298 igne
992 262 1198 300 corporeo,
1236 252 1288 289 ita

176 310 258 339 rein
290 299 451 351 explicat
480 298 568 334 Lib.
598 295 666 334 IV.
697 307 800 335 cont.
826 298 974 339 Gentes
1004 316 1089 354 cap,
1111 317 1175 355 90.
1206 303 1288 342 Pri-

175 365 240 391 mo
268 360 419 397 monet,
462 361 533 387 non
562 362 642 388 esse
683 352 892 401 putandum
911 384 921 402 ‚
969 355 1196 396 substantias
1226 359 1285 396 in-

177 417 373 456 corporeas
403 403 454 439 ita
482 414 587 453 posse
616 403 665 441 ab
694 404 779 455 igne
809 407 914 457 pati,
945 417 984 446 ut
1014 424 1146 448 earum
1177 421 1285 449 natu-

173 471 214 496 ra
246 464 512 508 corrumpatur
529 486 539 503 ,
588 456 793 507 alteretur,
821 458 907 497 ¹aut
934 475 1179 518 quocumque
1207 465 1286 502 alio

171 510 287 547 modo
315 518 604 559 transmutetur,
635 511 731 550 sicut
759 526 918 565 corpora
947 524 1071 554 nostra
1099 519 1288 569 corrupti-

171 562 268 607 bilia
299 564 493 614 patiuntur
523 562 572 600 ab
602 565 689 615 igne
707 591 723 603 .,
747 566 921 604 Secundo
950 582 1017 606 nec
1045 571 1122 607 dici
1155 584 1285 622 posse,

172 630 235 653 eas
258 617 342 672 'pati
372 615 420 653 ab
451 617 537 667 igne
566 630 748 670 corporeo
790 619 1039 660 afflictionem
1071 624 1215 661 ratione
1244 639 1283 662 a·

172 669 312 718 licinus
341 671 640 720 contrarietatis,
679 673 789 711 sicuti
820 687 977 725 corpora
1007 675 1175 714 humana
1204 686 1285 729 post

170 724 488 762 resurrectionem
516 725 735 775 patientur,
777 728 870 780 quia
899 727 1118 767 substantiae
1158 732 1284 768 incor-

169 788 296 836 poreae
327 789 469 838 organa
498 791 676 818 sensuum
707 793 778 820 non
808 780 974 830 habent,
1004 797 1128 835 neque
1158 793 1284 837 poten-

169 839 231 867 tus
260 839 449 870 sensitivis
481 840 660 872 utuntur.

223 882 312 922 280.
344 883 412 922 His
442 885 653 936 praemissis
681 889 733 926 ita
762 890 1026 941 prosequitur:
1075 921 1101 940 „
1130 890 1283 930 Patiun-

168 966 196 986 „
226 945 286 975 tur
315 937 430 989 igitur
459 938 514 977 ab*
539 941 623 992 igne
651 954 834 993 corporeo
861 942 1084 982 substantiae
1108 945 1282 997 incorpo-

168 1020 194 1043 „
225 1004 299 1027 reae
330 1005 398 1042 per
427 993 585 1031 modum
614 993 845 1045 alligationis
865 994 1064 1048 cujusdam
1088 1025 1128 1037 ...
1158 999 1191 1035 8(
1212 999 1282 1038 hoc

167 1072 195 1092 „
225 1044 352 1095 ipsum
384 1054 436 1083 est
466 1047 518 1084 eis
547 1047 587 1084 in
617 1048 869 1089 afflictionem
888 1080 899 1098 ,
946 1053 1045 1103 quod
1076 1053 1197 1090 sciunt
1227 1067 1283 1090 re-

168 1126 195 1145 „
224 1096 297 1136 bus
327 1098 475 1139 infimis
504 1100 675 1152 alligatos
704 1103 743 1140 in
773 1117 927 1153 poenam
957 1108 1012 1142 “.
1045 1106 1182 1144 Fusius
1213 1105 1284 1144 hac

165 1151 212 1188 de
242 1164 282 1188 re
310 1153 385 1204 agit
414 1153 455 1191 S.
487 1154 630 1192 Doctor
667 1156 709 1194 in
738 1156 827 1194 Lib.
859 1157 926 1196 IV.
970 1158 1151 1197 Sement.
1183 1159 1283 1198 Diss.

166 1203 232 1249 44.
263 1214 399 1257 quaest.
429 1206 467 1245 3.
497 1216 568 1246 art.
600 1208 637 1247 5.
668 1208 778 1247 solut.
811 1211 876 1259 5.‚
920 1212 987 1250 ubi
1019 1214 1132 1250 etiam
1163 1215 1284 1251 varias

166 1256 332 1296 alioruin
362 1260 559 1311 opiniones
589 1262 728 1308 refert3
760 1262 1022 1313 &concludir‚
1053 1267 1181 1317 ignem
1203 1280 1285 1304 cor-

165 1324 326 1363 poreum
344 1342 354 1360 ,
385 1314 612 1365 inquantum
644 1325 694 1353 est
724 1317 1019 1356 instrumentum
1048 1317 1205 1368 justitiae
1226 1320 1284 1356 di-

164 1365 266 1404 vinae
296 1366 553 1415 vindicantis,
583 1369 750 1407 detinere
779 1370 956 1419 spiritum
974 1400 985 1417 ,
1030 1370 1063 1405 &
1092 1371 1282 1409 retardare

166 1431 254 1455 euin
284 1418 334 1457 ab
365 1421 586 1458 executione
606 1423 775 1472 propriae
799 1421 1026 1471 voluntatis,
1057 1438 1105 1461 ne
1135 1424 1280 1463 scilicet

163 1473 278 1522 possit
307 1473 457 1523 operari
489 1473 556 1511 ubi
586 1472 696 1521 vult,
727 1473 760 1510 ἃ
792 1476 1005 1514 secundum
1035 1479 1138 1529 quod
1168 1478 1277 1518 vult.

219 1523 312 1562 281.
341 1525 482 1564 Subdit
511 1535 638 1564 tamen
657 1527 861 1579 Angelicus
890 1530 931 1567 in
962 1530 1066 1568 laud.
1087 1530 1171 1569 loco
1191 1532 1280 1571 Lib.

162 1577 234 1616 IV.
264 1586 363 1616 cont.
393 1580 534 1618 Gentes
564 1610 591 1629 „
620 1579 717 1618 nihil
749 1581 980 1634 prohibere,
1018 1585 1198 1635 quaedam
1229 1594 1282 1623 et-

163 1662 190 1681 „
220 1633 322 1680 iam,
351 1647 439 1684 quae
470 1635 516 1672 de
544 1634 813 1673 damnatorum
844 1637 972 1688 poenis
1002 1638 1041 1674 in
1070 1637 1282 1690 Scripturis

162 1715 189 1736 „
219 1685 319 1723 dicta
349 1685 598 1739 corporaliter
628 1687 830 1738 leguntur,
860 1689 1108 1740 spiritualiter
1128 1693 1285 1743 accipi,

163 1769 191 1789 :³
220 1738 254 1774 δι
284 1737 404 1776 veluti
435 1753 503 1790 per
532 1738 826 1778 similitudinem
854 1742 978 1780 dieta:
1019 1745 1114 1782 sicut
1143 1745 1285 1783 dicitur

163 1822 190 1842 „
221 1792 330 1828 lsaiae
361 1791 430 1830 ult.
463 1793 555 1838 24.;
605 1796 744 1832 vermis
775 1809 906 1832 eorum
950 1809 1026 1835 non
1068 1799 1282 1838 morietur.

163 1875 190 1895 „
220 1843 343 1883 Potest
371 1846 472 1884 enirn
509 1860 578 1898 per
621 1861 793 1887 vermem
831 1849 992 1902 intelligi
1037 1853 1281 1891 conscientiae

163 1928 191 1948 3,
222 1911 440 1948 remorsus,
469 1914 547 1952 quo
577 1902 690 1939 etiam
722 1903 835 1955 impii
866 1903 1165 1955 torquebuntur.
1196 1905 1282 1944 Non

163 1982 192 2003 3,
222 1953 323 1990 enim
352 1962 404 1990 est
435 1953 643 2004 possibile,
674 1956 776 2007 quod
806 1969 1011 2010 corporeus
1040 1960 1182 1997 vermis
1201 1961 1278 2011 spi-

164 2036 192 2056 „
221 2005 400 2044 ritualem
430 2008 603 2045 corrodat
619 2009 870 2048 substantiam
888 2040 899 2058 ,
929 2026 1053 2063 neque
1070 2014 1182 2051 etiam
1200 2027 1281 2051 cor-

163 2089 190 2109 „
220 2072 313 2109 pora
342 2060 607 2098 damnatorum
627 2092 637 2110 ,
681 2077 770 2115 qnae
802 2065 1114 2118 incorruptibilia
1144 2077 1252 2105 eruut
1271 2094 1281 2106 .

163 2143 190 2162 ᾖ,
221 2112 351 2151 Fletus
381 2114 524 2162 etiam,
567 2114 601 2151 8(
631 2117 768 2154 stridor
796 2117 970 2156 dentium
1001 2121 1041 2157 in
1070 2121 1280 2171 spirituali-

162 2195 190 2216 „
219 2165 290 2204 bus
319 2167 535 2206 substantiis
564 2170 715 2208 nonnisi
733 2170 993 2223 metaphorice
1014 2173 1173 2225 intelligi
1197 2188 1280 2227 pos-

161 2249 188 2268 „
219 2230 331 2268 sunt,
361 2223 542 2272 quamvis
569 2223 609 2258 in
640 2224 866 2274 corporibus
895 2226 1165 2265 damnatorum
1199 2237 1281 2280 post

163 2301 189 2321 „
221 2275 531 2312 resurrectionem
561 2274 660 2312 nihil
690 2276 890 2328 prohibeat
908 2309 917 2326 ,
961 2280 1210 2331 corporaliter
1239 2298 1283 2320 ea

163 2355 191 2375 „
222 2326 413 2378 intelligi3
443 2328 495 2365 ita
524 2336 651 2366 tamen
670 2358 681 2376 ,
728 2331 829 2382 quod
860 2345 927 2381 per
957 2333 1091 2371 fletum
1122 2348 1194 2372 non
1225 2337 1283 2373 in-

165 2409 192 2428 „
224 2378 416 2430 telligatur
445 2380 708 2433 lacrymarum
752 2384 955 2434 deductio,
1003 2388 1096 2438 quia
1125 2387 1174 2425 ab
1205 2387 1282 2426 illis

166 2462 192 2482 „
223 2433 447 2484 corporibus
475 2434 586 2473 nulla
615 2435 793 2473 resolutio
824 2436 908 2476 fieri
940 2449 1084 2489 potest,
1131 2441 1194 2478 sed
1225 2455 1282 2479 so-

166 2515 194 2535 „
223 2484 309 2523 luin
337 2486 444 2525 dolor
472 2488 619 2535 cordis,
649 2490 888 2528 conturbatio
908 2491 1108 2532 oculorum
1125 2524 1135 2544 ,
1166 2494 1200 2531 ἃ
1221 2509 1282 2533 ca.-

166 2567 195 2588 .»
225 2540 314 2594 pitis
343 2551 456 2594 prout
483 2542 523 2583 in
552 2540 707 2582 fletibus
737 2552 830 2586 'esset
860 2544 949 2585 solet
971 2572 982 2585 .
1014 2550 1039 2569 “

165 2702 306 2745 εἰ.ιι·3ιιῐι
333 2706 546 2750 Origenem5
578 2707 671 2752 quod
698 2720 819 2743 verum
847 2712 881 2744 in
909 2712 1045 2748 inferno
1070 2715 1185 2759 ignem
1211 2728 1283 2750 esse

167 2752 370 2798 negaverim
397 2763 501 2796 qnam
529 2762 646 2787 tamen
673 2758 882 2790 sententiam
910 2762 1088 2793 nonnullis
1114 2762 1192 2794 aliis
1220 2764 1284 2796 Pa-

167 2795 283 2829 zribus
311 2798 479 2847 placuisse
505 2798 591 2834 dicii,
618 2801 740 2835 Petrus
767 2804 892 2836 Daniel
921 2806 1069 2839 Hiietius
1097 2807 1132 2840 in
1158 2809 1284 2852 Orige—

168 2845 285 2892 manis
317 2843 391 2875 Lib.
420 2846 464 2876 li.
497 2846 629 2888 Qiiaest.
663 2861 716 2882 Η.
759 2850 929 2883 Eaindem
956 2854 1172 2886 sententiam
1202 2855 1285 2887 ado—

167 2895 425 2939 ptavit·1)ostea
445 2891 648 2926 Ambrosius
669 2894 883 2930 Catharinus
912 2898 965 2929 vir
992 2900 1107 2942 magni
1128 2900 1286 2943 ingenii,

170 2931 635 2986 sedabit-panto·liberioris
654 2964 662 2972 .
704 2943 756 2976 Ex
785 2942 1006 2977 heterodoxis
1032 2954 1149 2978 autem
1176 2955 1287 2979 mate—

169 2980 298 3032 rialem.
323 2981 449 3013 interni
475 2992 591 3025 ignem
610 2995 780 3029 negarunt
801 2991 959 3023 nonnulli
980 2992 1258 3035 post‘Calviniiin
1276 3014 1287 3033 ‚

170 3036 231 3078 qiu
263 3026 342 3078 Lib..
369 3028 425 3059 ili.
453 3027 605 3062 Institizt·
633 3041 806 3075 postremo
831 3038 968 3081 capite,
1000 3038 1147 3083 aliisque
1174 3039 1210 3072 in
1237 3040 1288 3071 lo-

172 3084 223 3105 cis
251 3084 388 3105 nom-ine
414 3074 503 3117 ignis
530 3076 579 3107 nil
618 3077 711 3110 alind
748 3082 938 3127 intelligit,
980 3096 1085 3129 quarn
1123 3088 1288 3118 internum

172 3121 264 3152 malae
292 3124 511 3153 conscientiae
537 3127 739 3156 cruciatum.
781 3128 894 3170 Major
921 3139 1038 3163 minen
1064 3131 1287 3166 Acatholico·

174 3175 255 3215 rum
283 3177 362 3210 pars
389 3166 452 3198 hac
481 3168 515 3199 in
542 3179 578 3200 re
616 3179 742 3203 nostrie
769 3173 932 3208 Ecclesiae
972 3180 1169 3219 consentit,
1210 3191 1286 3219 ‹iiiae

174 3215 278 3244 verba
296 3213 376 3245 Jesu
395 3212 526 3245 christi
543 3236 553 3254 ‚
580 3214 632 3248 It'e
661 3221 694 3248 in
721 3221 830 3260 ignem
856 3231 1008 3256 arternum
1035 3223 1076 3258 de
1102 3238 1184 3259 vero
1210 3227 1287 3258 ion-e

177 3270 312 3302 :temper
339 3259 538 3299 intellexit5
567 3263 601 3292 Sc·
622 3265 782 3305 quamvis
809 3268 942 3300 nullam
968 3269 1137 3306 liactenus
1163 3255 1288 3306 liacode

176 3316 213 3336 re
239 3304 430 3337 habeamus
456 3305 951 3350 ‹loginaticanrdefinitionem
968 3337 978 3355 ,
1005 3322 1160 3352 uniuersae
1181 3328 1291 3353 tamen

176 3351 586 3394 eonsensumEcclesia,
629 3356 750 3401 inquit.
771 3369 849 3391 iiiox
887 3360 980 3392 laud.
1009 3364 1156 3400 Huetiiis
1194 3378 1290 3399 num-

178 3398 234 3437 8.,
262 3402 351 3434 stitis
377 3401 540 3436 ostendit*
557 3403 637 3450 qaid
661 3415 837 3449 iuuenique
864 3410 1041 3443 tenendam
1060 3414 1126 3448 sit.
1152 3413 1292 3448 Nihilo.—

1410 249 1571 295 Quoeres
1599 247 1763 286 secundo
1784 277 1796 296 ,

1356 301 1473 341 sint?
2235 347 2237 349 Ι
2277 329 2279 332 -

1412 356 1502 395 282.
1534 355 1671 406 Resp.,
1702 367 1925 408 quanquam
1954 356 2058 395 locus
2079 357 2358 407 Daemouibus,
2389 370 2466 397 non

1353 411 1481 448 minus
1510 423 1553 447 ac
1584 410 1719 446 ceteris
1748 410 1921 460 reprobis
1950 425 1972 448 a
2000 411 2131 449 divina
2174 411 2319 462 justitia
2354 412 2466 449 desti-

1355 473 1461 502 natus
1491 463 1643 515 proprie
1673 463 1716 500 sit
1732 463 1933 511 infernus,
1963 463 2085 501 multa
2100 472 2226 502 tamen
2247 479 2346 512 esse,
2375 478 2466 517 quar.

1353 517 1464 557 nobis
1495 516 1744 568 persuadent,
1794 530 1969 567 maguam
2001 529 2132 554 eorum
2175 517 2466 556 multitudinem

1355 573 1468 609 etiam
1499 584 1612 622 snper
1632 579 1769 607 terrain
1786 571 1929 608 versari
1946 596 1956 608 .
1987 570 2085 608 Nam
2107 571 2234 622 primo
2250 570 2335 608 Job.
2353 583 2466 622 capp.

1354 626 1384 662 1.
1416 624 1448 660 &
1479 625 1525 662 ll.
1568 624 1684 661 Satan
1727 624 1851 672 dicit,
1899 636 1941 661 se
1971 627 2192 661 circuivisse
2236 629 2468 662 immersam

1354 687 1533 722 serratim
1564 676 1597 714 &
1629 687 1667 714 ut
1697 691 1810 728 supra
1840 692 1945 715 num.
1978 676 2068 715 261.
2099 679 2340 725 notavimus,
2370 676 2467 715 Dia-

1353 731 1462 769 bolus
1491 732 1632 769 dicitur
1659 735 1839 782 princeps
1869 729 2169 784 hujusmundi,
2199 730 2261 770 vel
2290 731 2467 784 princeps

1353 789 1559 836 potestatis
1588 789 1695 822 aeris
1724 784 1838 837 liujus
1855 811 1869 822 .,

1411 839 1501 877 285.
1533 839 1726 876 Accedunt
1769 839 1881 876 etiam
1921 847 2135 876 sanctorum
2165 838 2322 877 Patrum
2365 838 2467 877 testi-

1352 893 1483 930 monia
1501 922 1511 940 ,
1555 905 1717 944 qnorum
1746 894 1920 930 omnium
1950 894 2066 931 instar
2104 893 2174 930 erit
2203 893 2243 930 S.
2275 892 2465 943 Hierony-

1353 960 1466 993 mus,
1496 946 1563 997 qui
1595 945 1791 996 explicans
1821 961 1864 983 ea
1894 946 2010 984 verba
2031 946 2071 985 S.
2094 945 2202 984 Pauli
2232 945 2375 998 Eplies.
2396 945 2467 984 VI'.

1359 1013 1419 1037 12.
1453 998 1602 1036 Contra
1623 1000 1845 1050 spiritualia
1866 1004 2053 1052 nequitiae
2070 1031 2080 1048 ,
2111 1013 2201 1051 quoe
2220 1008 2308 1036 sunt
2328 1004 2372 1036 ιἠ·
2388 1011 2469 1036 cae-

1353 1051 1532 1100 les-tibus,
1564 1051 1661 1089 hanc
1691 1063 1923 1105 postremam
1950 1067 2082 1092 vocem
2103 1058 2144 1090 in
2165 1052 2386 1091 coelestibus
2408 1053 2466 1090 in·-

1352 1114 1575 1156 terpretatur
1603 1106 1649 1142 de
1679 1116 1800 1144 nostra
1829 1108 1926 1145 aeris
1945 1106 2215 1160 athinosphera
2234 1137 2245 1155 ,
2276 1105 2309 1142 8<
2339 1114 2469 1158 postea

1353 1158 1507 1197 subdit:
1555 1188 1580 1206 „
1611 1157 1694 1196 liaec
1725 1169 1852 1198 autem
1882 1162 2058 1198 omnium
2101 1162 2299 1199 doctorum
2337 1160 2469 1211 opinio

1353 1243 1380 1262 ,‚
1410 1220 1489 1258 est,
1520 1211 1627 1263 quod
1651 1225 1716 1249 aer
1744 1215 1811 1250 iste
1829 1243 1839 1259 ,
1869 1215 1938 1265 qui
1966 1214 2110 1252 coelum
2129 1245 2139 1262 ,
2179 1214 2213 1251 8<
2241 1223 2381 1252 terram
2412 1213 2472 1251 di-

1354 1296 1382 1314 „
1412 1264 1544 1303 videns
1574 1265 1688 1301 inane
1718 1264 1962 1316 appellati-ir,
2011 1267 2144 1316 plenus
2180 1269 2227 1305 sit
2268 1267 2472 1305 contrariis

1354 1349 1380 1367 „
1412 1318 1726 1356 fortitudinibus.
1758 1320 1783 1338 “
1814 1317 1915 1356 Bene
1944 1326 2074 1355 autem
2102 1319 2471 1372 dicits-'Hierony-

1352 1386 1438 1410 mus
1468 1370 1563 1409 hane
1594 1386 1670 1409 esse
1689 1372 1866 1409 omnium
1882 1373 2078 1411 doctorum
2094 1371 2341 1423 opinionem,
2371 1373 2473 1423 quod

1352 1425 1468 1464 facile
1497 1435 1590 1463 esset
1618 1426 1904 1473 demonstrare,
1934 1425 2099 1463 alioruin
2121 1424 2276 1462 Patrum
2307 1426 2474 1463 testimo-

1352 1479 1425 1517 niis
1455 1478 1607 1526 allatis,
1655 1492 1744 1530 quae
1783 1479 1907 1517 videri
1949 1487 2102 1531 possunt
2139 1478 2244 1531 apud
2273 1476 2474 1517 Petavium

1352 1532 1442 1570 Lib.
1473 1532 1544 1569 III.
1574 1546 1660 1583 cap.
1689 1532 1729 1577 4.

1409 1584 1501 1630 284.
1531 1584 1572 1623 S.
1603 1584 1771 1622 Thomas
1814 1586 1844 1623 1.
1874 1585 1916 1623 P.
1955 1594 2091 1637 quaest.
2122 1585 2190 1631 64.
2234 1594 2306 1624 art.
2336 1586 2376 1630 4.
2421 1586 2475 1622 ita

1353 1637 1455 1676 hanc
1484 1639 1737 1690 quaestionem
1767 1638 1948 1686 resolvit,
1988 1668 2013 1686 „
2044 1638 2300 1676 Daeinonibus
2329 1636 2478 1689 duplex

1355 1722 1382 1742 „
1412 1691 1519 1730 locus
1548 1692 1717 1744 poenalis
1758 1692 1950 1730 debetur:
1991 1705 2090 1729 unus
2127 1692 2285 1744 quidem
2331 1694 2474 1730 ratione

1354 1775 1381 1794 „
1412 1759 1491 1783 suae
1520 1745 1676 1796 culpae,
1719 1745 1752 1781 8<
1783 1744 1846 1783 hic
1877 1753 1928 1783 est
1970 1745 2169 1783 infernus:
2216 1745 2316 1783 alius
2345 1754 2480 1784 autern.

1352 1828 1379 1847 „
1399 1801 1556 1837 ratione
1586 1799 1868 1837 exercitationis
1897 1797 2080 1836 humanae
2099 1829 2111 1847 ,
2154 1798 2190 1836 8e
2219 1800 2273 1837 sic
2313 1799 2474 1837 debetur

1351 1882 1377 1901 „
1408 1855 1462 1890 eis
1491 1851 1721 1904 caliginosus
1750 1866 1839 1890 aer.
1870 1851 2090 1890 Procuratio
2105 1862 2231 1890 autem
2252 1851 2380 1890 salutis
2400 1851 2473 1890 hu—

1352 1936 1378 1955 „
1409 1920 1534 1944 manae
1566 1906 1804 1958 protenditur
1834 1920 1955 1959 usque
1984 1907 2030 1944 ad
2050 1907 2153 1943 diem
2183 1906 2344 1958 judicii3
2376 1905 2473 1944 unde

1352 1989 1378 2008 „
1410 1959 1443 1995 8<
1473 1973 1593 2012 usque
1637 1969 1725 1998 tunc
1762 1960 1873 1998 durat
1915 1961 2171 1998 ministerium
2202 1958 2437 2010 Angelorum
2456 1989 2468 2008 ,

1352 2043 1378 2062 „
1410 2013 1443 2050 8(
1475 2014 1695 2051 exercitatio
1723 2013 1961 2051 Daemonuin
2064 2013 2140 2051 Sed
2170 2021 2250 2064 post
2280 2012 2380 2050 diem
2411 2012 2474 2064 ju-

1353 2097 1379 2116 „
1409 2068 1502 2106 dicii
1532 2081 1666 2105 omnes
1694 2067 1789 2105 mali
1807 2098 1818 2115 ,
1848 2077 1926 2105 tam
1955 2065 2152 2115 homines,
2181 2080 2301 2120 quam
2331 2065 2474 2119 Angeli

1351 2151 1378 2170 „
1409 2122 1448 2159 in
1480 2121 1626 2159 inferno
1653 2130 1764 2159 erunt
1793 2124 1819 2144 “
1837 2147 1848 2159 .
2208 2120 2211 2122 ’

1406 2175 1498 2214 285.
1528 2174 1584 2212 Ex
1615 2188 1693 2227 qno
1721 2184 1849 2213 autem
1880 2174 2089 2212 Daemones
2118 2174 2285 2213 nonduin
2327 2176 2401 2213 sint
2432 2175 2479 2212 in

1349 2229 1526 2276 inferno,
1557 2241 1630 2265 non
1660 2231 1832 2281 sequitur
1851 2259 1862 2276 ,
1892 2241 1952 2266 eos
1981 2227 2164 2279 gelieunae
2188 2229 2273 2279 igne
2303 2230 2468 2266 minime

1350 2283 1544 2334 torqzieri3
1574 2283 1899 2334 quemadmodum
1931 2295 1975 2318 ex
2005 2296 2082 2334 quo
2111 2281 2246 2334 Angeli
2277 2282 2369 2320 boni
2398 2296 2471 2320 εἱε-

1352 2336 1438 2386 pius
1469 2337 1506 2373 in
1534 2338 1642 2373 terris
1665 2345 1860 2374 versentur
1880 2336 1925 2372 ad
1945 2347 2110 2373 nostram
2128 2336 2365 2383 custodiam,
2395 2348 2472 2373 non

1352 2390 1542 2437 infertur,
1573 2403 1633 2427 eos
1663 2390 1841 2428 beatifica
1872 2389 1945 2426 Dei
1976 2390 2120 2427 visione
2150 2402 2223 2426 non
2254 2390 2360 2434 srui3
2403 2402 2470 2427 seu

1350 2443 1453 2494 quod
1482 2455 1617 2480 secum
1648 2443 1798 2494 ferant
1827 2452 2032 2480 tormenta
2064 2442 2374 2494 flammarum,
2423 2450 2465 2479 ut

1351 2496 1455 2533 Beda
1483 2510 1600 2547 supra
1630 2496 1735 2535 laud.
1767 2510 1873 2534 num.
1907 2495 1998 2546 274.
2031 2497 2154 2548 inquit
2184 2495 2271 2546 (a),
2301 2509 2366 2533 seii
2396 2508 2463 2547 po-

1351 2551 1426 2589 tius
1467 2551 1586 2601 quia,
1637 2559 1675 2589 ut
1703 2549 1874 2608 loquitur
1910 2549 1952 2589 S.
1983 2548 2152 2589 Thomas
2194 2549 2296 2590 ItrP.
2326 2557 2468 2640 qssulaesta

2369 2621 2410 2647 ,μ

1843 261 2019 301 quonam
2048 253 2090 288 z'n
2133 249 2217 289 loco
2245 249 2466 290 Daemones

1352 2717 1470 2750 minus
1497 2726 1619 2759 graves
1646 2726 1711 2748 non
1748 2713 1873 2747 desunt
1900 2711 2095 2757 Theologi',
2137 2711 2196 2756 qui
2225 2709 2259 2744 id
2285 2709 2328 2743 ad
2345 2716 2347 2721 ’
2366 2706 2472 2750 fidem

1352 2764 1497 2798 mininie
1524 2769 1681 2805 spectare
1699 2759 1843 2793 docent.
1871 2758 1952 2793 Vid.
1973 2759 2115 2804 Sylvius
2134 2756 2177 2790 ad
2197 2766 2262 2790 art.
2283 2757 2316 2798 4.
2344 2764 2468 2802 quaest.

1357 2822 1410 2854 70.
1438 2810 1471 2840 S.
1500 2806 1644 2840 Thomu²
1671 2808 1706 2840 in
1732 2807 1909 2852 Siipplem.
1936 2811 1967 2839 δε
1994 2806 2077 2839 Nat.
2102 2803 2302 2839 Alexander
2321 2804 2470 2837 Dissert.

1353 2857 1410 2897 45.
1438 2855 1580 2886 inSaec.
1601 2854 1660 2888 lV.
1689 2866 1787 2899 prop.
1808 2865 1839 2885 2.
1866 2865 1987 2886 versus
2015 2853 2142 2886 finem..
2170 2854 2334 2885 Ceterum
2353 2850 2471 2894 ignem

1354 2901 1482 2936 inferni
1508 2912 1580 2933 esse
1607 2912 1751 2941 verum,
1777 2901 1925 2940 multis,
1953 2903 1984 2931 &
2012 2899 2151 2931 invictis
2190 2897 2405 2940 argumentis
2432 2908 2471 2927 o-

1357 2947 1485 2982 stendit
1513 2947 1547 2979 Ρ.
1574 2947 1679 2981 Vinc.
1707 2947 1848 2981 Patuzzi
1875 2947 1910 2979 in
1937 2948 2050 2990 Opere
2079 2945 2133 2977 De
2147 2944 2270 2989 fittiiito
2296 2945 2471 2985 impiorum

1358 3003 1447 3029 statii
1476 2993 1552 3027 Lib.
1581 2995 1622 3026 ll.

1403 3048 1447 3081 (a)
1478 3040 1576 3073 Hanc
1602 3042 1812 3075 sententiani
1838 3051 1980 3085 prorsus
2007 3036 2278 3088 improbabilem
2302 3044 2402 3087 vocat
2422 3035 2471 3068 E—

1356 3089 1469 3129 stiiis3
1496 3096 1570 3120 tuin
1598 3096 1740 3132 propter
1766 3089 1852 3121 alias
1879 3086 2056 3125 rationes,
2089 3093 2162 3117 tum
2188 3091 2401 3134 etiarn-qnia
2429 3094 2470 3114 u-

1355 3134 1543 3180 bicumque
1571 3135 1620 3167 illi'
1647 3143 1754 3174 sunt,
1779 3134 1952 3167 maximos
1977 3139 2150 3176 oporteret
2179 3140 2308 3173 percipi
2337 3129 2470 3161 calores

1357 3194 1397 3215 ex
1425 3181 1610 3227 praesentia
1640 3181 1730 3225 ignis
1757 3180 1919 3224 gehennae
1936 3200 1947 3219 ‚
1988 3179 2048 3223 qui
2075 3175 2233 3220 ejusdem
2257 3183 2308 3208 est
2335 3182 2470 3207 natnrae

1358 3242 1436 3262 cum
1463 3230 1540 3274 igne
1567 3235 1686 3260 nostro
1709 3226 1939 3265 elementari,
1981 3224 2177 3269 praesertim
2204 3223 2247 3256 ab
2276 3222 2341 3261 iis,
2365 3231 2469 3273 .q'¹‘.'⁵

1357 3276 1539 3309 I)a²mones
1565 3274 1795 3318 corporaliter
1818 3270 2003 3312 obsident,
2031 3268 2123 3313 quod
2149 3280 2229 3302 cuni
2254 3274 2470 3310 experientia

1357 3331 1508 3367 pugnat.
1552 3320 1673 3364 Neque
1697 3319 1891 3365 putandum
1919 3326 2007 3364 est„
2033 3316 2127 3351 hunc
2164 3316 2315 3350 calorem
2352 3324 2371 3345 a
2396 3313 2470 3346 Deo

1358 3378 1526 3415 perpetuo
1551 3367 1724 3402 miraculo
1748 3364 1930 3412 impediri.
