2583 3685
141 3009 157 3025 ἱ

199 176 269 200 uu.
300 162 345 199 ad
378 162 414 198 5,
457 171 529 195 una
557 169 643 194 cum
675 154 714 191 S.
747 154 954 204 Augustino
983 153 1064 190 loco
1106 167 1192 190 mox
1221 153 1302 191 lau-

203 217 313 262 dam,
361 214 519 251 minime
549 207 672 257 negari
704 218 835 256 posse,
885 206 967 243 liaec
996 207 1148 253 omnia,
1196 219 1302 258 qum-

202 279 368 318 tumque
397 263 462 300 illa
482 262 562 297 ‘sint
591 274 613 295 a
639 258 724 294 ‘Deo
751 267 900 306 creata,
930 273 1005 296 esse
1035 260 1162 306 bona,
1200 261 1233 295 ὅ(
1265 273 1306 296 ιι-

202 320 284 358 tilia
302 347 311 364 ,
341 314 485 352 ‹etiainsi
515 324 648 348 eorum
677 324 788 348 usum
806 312 1045 361 ignoremus,
1077 314 1154 349 imo
1175 314 1304 350 etiam-

200 373 231 410 si
262 367 438 413 inutilia,
468 364 528 403 vel
559 365 673 401 noxia
701 363 810 400 nobis
839 364 1063 409 videantur3
1092 378 1168 416 qua
1197 366 1235 403 in
1266 379 1305 402 re

200 419 500 473 pulcherrimam
531 417 638 455 affert
667 415 959 454 similitudinem
990 415 1154 468 alicujus
1183 419 1305 469 impe-

199 475 290 521 riti,
337 473 403 525 qui
436 472 577 508 intrans
607 471 644 507 in
673 468 828 507 artificis
870 468 1065 506 officinam
1096 484 1138 507 ea
1167 471 1305 508 instru-

196 537 325 564 menta
354 525 538 576 judicaret
568 538 644 561 esse
668 522 846 570 inutilia,
875 534 1039 573 quorum
1071 535 1178 560 usum
1201 523 1305 573 igno-

200 589 281 623 rat3
302 587 374 615 aut
396 579 515 615 >noxia
533 606 543 624 ,
573 591 595 613 a
623 575 765 628 quibus
794 589 862 612 sua
889 574 1146 626 imprudentia
1175 575 1306 613 vulne-

197 641 303 669 ratus
332 631 472 668 fuerit.
505 629 704 667 Adoranda
733 630 770 666 in
799 627 976 665 omnibus
1006 628 1202 666 estdi-vina
1223 641 1308 678 pro-

199 685 392 731 videntia,
423 697 444 720 a
472 696 549 734 qua
577 683 704 727 omnia
733 681 1011 733 sapientissime
1041 681 1308 718 administran-

198 746 257 777 tur
276 767 286 785 ,
317 737 463 774 etiamsi
493 748 556 773 nos
581 734 727 773 similes
742 735 888 772 noctuis
916 732 1117 772 altissimos
1138 733 1307 784 ejusdem

195 790 448 842 providentiae
485 788 581 827 fines
623 786 943 840 comprehendere
985 800 1056 824 non
1096 787 1306 838 possimus.

198 843 247 882 Et
277 843 359 882 haec
402 843 592 894 responsio
621 848 672 880 est
701 839 888 893 generalis
932 839 1153 891 hujusmodi
1194 852 1305 891 argu-

196 898 335 935 mentis
364 894 458 946 (a)?

257 963 343 1001 ¹0¹·
370 949 446 987 Sed
476 957 514 986 ut
538 948 701 1000 propius
729 948 776 985 ad
817 945 1058 986 difficultates
1098 947 1307 999 propositas

197 1004 448 1050 accedamus,
477 1003 609 1039 divina
637 1002 936 1053 omnipotentia,
967 1000 1000 1036 8(
1031 999 1178 1038 infinita
1207 998 1306 1049 ejus-

196 1059 281 1094 dem
312 1056 495 1108 sapientia
531 1067 607 1093 non
651 1055 778 1093 minus
819 1054 989 1092 relucent
1026 1054 1071 1090 in
1111 1052 1306 1097 minimis,

194 1124 311 1161 quam
342 1111 381 1148 in
413 1109 590 1146 maximis
620 1106 734 1158 hujus
765 1108 897 1146 mundi
927 1105 1185 1152 animalibus,
1228 1105 1308 1141 imo

193 1162 346 1201 {acilius
374 1171 500 1200 nostro
527 1160 766 1214 intelligendi
795 1161 908 1198 modo
936 1160 1170 1211 concipitur,
1202 1169 1307 1208 posse

197 1215 352 1267 majoris
382 1215 493 1253 molis
522 1215 703 1253 artefacta
732 1214 925 1261 construi,
973 1225 1090 1263 quam
1120 1219 1195 1246 tam
1226 1208 1304 1244 exi-

194 1282 289 1319 gua,
321 1278 359 1306 ut
388 1270 451 1306 vix
472 1268 638 1305 sensibus
654 1269 785 1319 pervia
801 1268 899 1311 si-nt3
929 1265 1060 1316 qualia
1077 1263 1181 1298 enim
1199 1274 1305 1311 quee-

194 1336 253 1369 so,
297 1322 331 1358 8(
361 1335 476 1372 quam
508 1321 760 1357 minutissima
803 1331 879 1355 esse
907 1324 1051 1368 oportet
1080 1314 1236 1352 illorum
1268 1327 1307 1350 a-

195 1373 491 1411 nimalculorum
520 1384 687 1422 organa,
726 1383 814 1422 quae
844 1370 890 1407 ad
921 1371 1037 1406 vitam
1063 1375 1153 1405 vsunt
1182 1380 1307 1404 ueces-

190 1425 318 1465 saria?
341 1425 395 1462 Et
424 1438 511 1462 cum
540 1436 678 1475 organa
706 1423 788 1475 ipsa
803 1424 879 1460 suis
908 1421 1081 1474 partibus
1109 1428 1304 1464 constent3

192 1480 347 1531 insuper
375 1491 462 1515 cum
490 1477 730 1530 experientia
771 1485 900 1513 notum
933 1476 1003 1523 sit,
1052 1473 1183 1511 eadem
1225 1473 1305 1510 ani-

193 1531 363 1571 malcula
391 1530 477 1569 aliis
506 1529 719 1568 minoribus
749 1530 874 1581 pasci,
905 1541 992 1580 quae
1024 1527 1057 1564 8(
1087 1528 1169 1578 ipsa
1197 1539 1304 1577 orga-

192 1588 286 1625 nicis
314 1584 487 1638 partibus
515 1585 693 1622 instructa
722 1591 808 1621 suut
825 1612 835 1630 ,
862 1582 930 1618 *vix
958 1581 1180 1631 cogitatione
1209 1592 1304 1615 asse-

193 1640 259 1690 qui
290 1652 514 1690 possumus,
551 1637 598 1674 ad
626 1634 781 1687 qualem
800 1664 810 1682 ,
854 1634 886 1668 Sc
916 1641 1099 1684 quantam
1129 1631 1302 1668 materiae

192 1691 499 1730 &visibilitatem
528 1695 714 1740 orporteat
743 1687 948 1724 devenire.
978 1685 1126 1737 thuis
1146 1684 1301 1732 arti-fex,

192 1746 265 1783 nisi
296 1742 650 1792 infinitersapiens,
681 1740 714 1776 &
744 1748 899 1790 potens,
922 1739 1050 1789 potuit
1080 1746 1155 1775 tam
1185 1738 1302 1774 ruira-

193 1796 267 1841 bili
296 1796 458 1834 artificio
487 1795 706 1833 tenuissima
741 1792 875 1830 horum
907 1790 1225 1829 animalculorum
1257 1790 1302 1827 fi-

193 1850 362 1888 lamenta
391 1857 609 1895 contexere,
652 1845 687 1882 ἃ
716 1854 793 1884 tam
830 1854 915 1897 ap‘te
943 1842 1173 1896 disponere?
1218 1843 1305 1881 Non

194 1904 322 1955 itaque
352 1901 488 1939 horum
508 1897 831 1938 animalculorum
848 1897 1052 1936 multitudo
1067 1896 1209 1935 inutilis
1231 1904 1303 1944 est,

195 1957 235 1994 in
266 1970 342 2007 qua
370 1955 490 1992 divini
518 1953 667 2005 opificis
709 1952 1009 2003 omnipotentia,
1057 1949 1090 1986 St
1120 1950 1305 2002 sapientia

189 2017 271 2047 'tam
302 2006 495 2060 splendide
518 2005 720 2044 relucent.
742 2005 862 2053 ‘Quod
885 2004 921 2042 si
951 2004 1118 2042 maxima
1148 2005 1305 2041 istarum

194 2070 455 2101 creaturarum
486 2072 572 2111 pars
601 2058 712 2096 nobis
741 2058 865 2109 ignota
895 2066 972 2105 est,
1009 2070 1079 2094 non
1101 2065 1307 2108 ,propterea

195 2124 250 2153 est
280 2113 453 2159 inutilis3
501 2113 574 2152 nisi
603 2112 729 2150 dicere
758 2109 949 2158 velimus,
992 2123 1035 2148 ea
1063 2110 1193 2147 omnia
1230 2122 1305 2146 esse

193 2167 348 2207 inutilia
366 2196 376 2214 ,
405 2179 492 2218 qnae
523 2166 716 2204 hominem
746 2165 786 2202 in
815 2164 981 2216 augum,
1011 2171 1051 2201 ut
1079 2164 1129 2200 ita
1148 2162 1304 2210 dicam,

190 2222 392 2260 ‚iinmensae
423 2219 538 2271 liujus
579 2232 707 2257 rerum
737 2217 1004 2258 Universitatis
1039 2217 1207 2269 positum
1243 2214 1305 2254 tla-

189 2423 317 2456 *passus
342 2419 397 2445 est
418 2410 464 2445 ad
488 2423 646 2452 muscas,
670 2421 783 2446 musca
798 2411 922 2455 factus
947 2418 1023 2451 est,
1058 2423 1150 2455 quem
1179 2409 1311 2445 Diabo-

198 2461 251 2492 lus
276 2460 475 2502 possideret
491 2481 499 2489 .

242 2510 290 2544 (a)
322 2506 397 2548 lpsa
425 2506 458 2537 S.
484 2503 671 2547 Augustini
698 2503 806 2537 verba
843 2500 1014 2537 afferenda
1039 2511 1146 2542 sunt,
1187 2514 1311 2545 quam-

199 2562 307 2595 quam
335 2558 450 2583 textus
475 2550 520 2582 sit
546 2550 748 2592 aliquanto.
786 2571 811 2589 ‚,
834 2551 917 2582 Cum
944 2553 1012 2581 ista
1048 2551 1166 2581 (licum.
1194 2549 1310 2580 Mani-

198 2618 225 2638 „
251 2596 336 2629 chaei
355 2617 366 2636 ,
392 2596 507 2639 inquit
533 2593 627 2627 laud.
654 2595 756 2634 loco,
781 2607 850 2627 non
869 2594 1071 2637 intelligunt
1090 2593 1310 2638 quem-ulmo·

201 2665 225 2683 ,‚
249 2641 331 2675 dum
356 2642 473 2674 omnia
499 2639 646 2686 pulchra
673 2649 753 2673 sunt
778 2640 977 2679 conditori»,
1009 2643 1041 2671 ἃ·
1069 2640 1196 2673 artifici
1222 2652 1309 2679 suo,

202 2710 227 2728 ‚‚
253 2689 312 2733 qui
340 2688 501 2721 munibus
528 2686 641 2720 utitur
666 2685 707 2717 ad
729 2686 1020 2728 gubernationem
1046 2686 1311 2726 universitatis,

198 2755 231 2774 -,‚
256 2734 309 2766 cui
337 2746 473 2767 summa
497 2734 570 2776 lege
595 2731 818 2765 dominatur.
859 2734 892 2765 Si
919 2732 1011 2764 enim
1039 2734 1074 2763 in
1099 2731 1250 2774 alicujus
1274 2743 1313 2764 o-

200 2801 229 2822 „
255 2781 363 2823 pificis
387 2780 560 2814 officinam
586 2778 769 2823 imperitus
798 2777 1007 2816 intraverit,
1032 2775 1126 2809 videt
1148 2777 1194 2809 ibi
1221 2777 1313 2815 mul·-

196 2846 230 2867 -5,
257 2835 290 2857 ta
316 2826 571 2865 instrumenta,
595 2834 746 2869 quorum
771 2835 892 2856 causas
919 2823 1078 2866 ignorat,
1112 2825 1143 2853 &
1168 2821 1195 2853 si
1220 2821 1313 2853 mul-

204 2892 231 2912 „
257 2879 331 2902 tum
356 2879 407 2902 est
433 2873 623 2915 insipiens,
650 2870 825 2914 superflua
850 2876 974 2914 putat.
1003 2869 1083 2899 Jam
1108 2878 1192 2898 vero
1217 2867 1243 2899 si
1273 2867 1308 2899 in

198 2938 231 2959 ᾗ,
257 2917 430 2948 fornacem
457 2917 615 2949 incautus
642 2915 831 2956 ceciderit,
870 2923 929 2948 aut
956 2914 1169 2946 ferramento
1194 2913 1312 2956 aliquo

202 2984 232 3005 ‚‚
258 2970 382 3000 acum,
408 2971 485 2993 cum
514 2961 546 2993 id
572 2964 660 2994 male
687 2970 813 2995 tractat
829 2983 840 3002 ‚
866 2962 1017 3005 seipsum
1042 2960 1304 2997 vulneraverit,

205 3030 234 3051 „
258 3009 363 3040 etiarn
380 3007 582 3050 —perniciosa
598 3028 607 3045 ‚
647 3010 678 3038 ἃ
703 3010 806 3041 noxia
832 3007 1012 3040 existimat
1047 3005 1094 3038 ibi
1121 3016 1193 3037 esse
1219 3004 1314 3037 mul-

207 3075 233 3096 „
259 3062 292 3086 ta
312 3076 319 3084 .
362 3053 520 3095 Quorum
547 3060 661 3084 tamen
688 3065 788 3086 usum
815 3054 981 3098 quoniam
1022 3051 1120 3085 novit
1153 3051 1280 3084 artifex
1300 3071 1312 3090 ‚

207 3121 234 3142 ‚,
261 3098 497 3143 insipientiam
523 3097 598 3140 ejus
624 3097 767 3140 irridet,
808 3103 839 3132 δι
858 3099 969 3133 ,verba
1007 3099 1123 3142 inepta
1161 3107 1227 3130 non
1254 3108 1314 3129 cu-

208 3166 235 3187 „
261 3158 341 3178 rans
357 3166 367 3184 ‚
403 3144 575 3176 officinam
601 3156 699 3177 suam
725 3145 894 3178 instanter
919 3153 1056 3179 exercet
1076 3167 1084 3175 .
1127 3143 1172 3176 Et
1197 3150 1313 3174 tamen

201 3212 237 3234 3,
262 3202 333 3225 tam
359 3190 462 3223 multi
489 3198 568 3222 sunt
586 3189 762 3232 homines,
787 3201 825 3225 ut
844 3190 935 3236 apud
950 3191 1118 3224 artificem
1138 3188 1314 3222 hominem

205 3259 236 3280 ς,
261 3249 327 3271 non
357 3235 505 3269 audeant
532 3236 753 3280 vituperare,
775 3234 856 3281 qu‘ae
883 3238 1067 3280 ignorant,
1093 3233 1150 3269 sed
1169 3246 1249 3267 cum
1274 3245 1314 3267 ea

209 3304 237 3324 5,
262 3282 439 3323 viderint„
465 3280 622 3321 ,credant
647 3293 719 3315 esse
737 3283 938 3317 *necessaria
952 3304 964 3324 ,
1007 3287 1039 3315 8<
1056 3290 1206 3328 propter
1225 3291 1312 3315 <usus

909 71 1311 118 DISSERTATIO
1344 70 1399 113 ΙΙ.
1454 64 1580 112 ΟΑΡ.
1608 67 1710 113 VH.

1369 155 1466 187 tent:
1495 147 1643 185 inutilia
1662 176 1673 196 ,
1702 159 1790 198 quae
1821 153 1920 185 terra
1948 159 2014 184 suo
2042 148 2125 185 sinu
2155 145 2349 191 reeondit3
2392 146 2473 183 inu-

1372 201 1481 248 tilia,
1525 212 1613 250 quae
1643 201 1682 236 in
1714 200 1910 250 profundis
1938 201 2082 238 Oceani
2112 200 2256 251 abyssis
2285 200 2477 236 coutinen-

1373 263 1458 298 tur5
1489 251 1640 290 inutilia
1669 259 1719 288 tot
1747 251 1870 290 sidera
1897 268 1920 290 a
1948 253 2057 291 nobis
2085 248 2360 299 remotissima,
2387 262 2476 302 quae

1374 307 1516 344 nonnisi
1547 303 1848 357 exquisitissimis
1875 305 2086 357 telescopiis
2105 305 2225 357 detegi
2253 311 2478 356 potuerunt.

1373 360 1421 398 Et
1451 361 1501 396 ita
1531 371 1575 395 ex
1606 370 1681 394 uno
1710 356 1871 394 absurdo
1898 359 1940 396 in
1970 356 2046 394 alia
2067 357 2416 410 praecipitabimus,
2444 356 2477 394 si

1372 411 1567 451 mirabilia
1596 423 1710 463 opera
1741 409 1815 448 Dei
1843 410 1890 448 ad
1918 419 2054 449 nostrae
2097 411 2249 448 rationis
2278 410 2476 461 decempe-

1372 467 1459 504 dam
1491 465 1617 502 metiri
1646 462 1836 501 velimus.

1428 531 1519 569 ¹¹92·
1551 517 1624 555 Sed
1654 517 1698 554 de
1725 516 1833 555 varia
1862 516 2135 554 nonnullarum
2156 523 2414 554 creaturarum
2435 529 2478 554 u·

1373 571 1506 609 tilitate
1535 570 1744 608 audiendus
1773 578 1825 607 est
1853 568 1893 606 S.
1923 569 2167 617 Ambrosius,
2198 569 2265 620 qui
2296 567 2384 605 Lib.
2414 563 2481 606 ΙΙΙ.

1377 623 1654 662 Hexaemeron
1682 637 1767 674 cap.
1797 635 1835 674 9.
1867 651 1892 669 ,‚
1922 621 2109 673 Singula,
2140 624 2263 671 inquit
2281 650 2292 668 ,
2322 632 2482 668 eorum,

1377 706 1403 726 ‚‚
1432 691 1519 730 quae
1550 685 1776 727 generantur
1807 688 1850 712 ex
1879 676 2012 722 terris,
2039 673 2246 725 specialem
2276 673 2482 724 quamdam

1377 757 1403 779 „
1434 731 1618 767 rationem
1650 729 1786 766 habent
1804 758 1813 776 ,
1851 741 1926 780 qua
1955 739 2023 779 pro
2052 725 2156 764 virili
2185 726 2352 778 portione
2374 738 2484 762 com-

1433 782 1537 834 plent
1567 783 1751 820 universae
1774 781 2050 833 plenitudinem
2073 788 2258 818 creaturae
2275 804 2285 816 .
2316 778 2404 816 Alia
2425 791 2483 815 er-

1376 865 1401 884 „
1430 848 1477 887 go
1506 836 1611 882 esui,
1640 835 1717 873 alia
1745 834 1811 872 a-lii
1841 842 2043 872 nascuntur
2073 834 2154 870 usui
2174 859 2184 870 .
2214 830 2324 870 Nihil
2353 840 2484 880 vacat,

1375 918 1402 936 „
1432 887 1530 926 nihil
1561 888 1669 925 inane
1698 887 1882 939 germinat
1906 896 2029 929 terra.
2073 886 2186 933 Quod
2216 885 2286 923 tibi
2318 893 2424 936 putes
2452 885 2490 922 i-

1375 970 1400 989 „
1432 939 1580 987 nutile,
1609 939 1696 978 ali-is
1725 940 1816 978 utile
1845 949 1924 987 est3
1957 941 2034 978 imo
2064 940 2135 991 ipsi
2166 938 2236 976 tibi
2263 938 2484 990 freq-uenter

1375 1021 1401 1041 „
1431 992 1509 1029 alio
1535 1001 1591 1029 est
1620 1006 1688 1030 usu
1720 992 1811 1030 utile
1833 1019 1843 1031 .
1888 993 2003 1040 Quod
2028 1006 2156 1030 escam
2187 1004 2257 1030 non
2299 990 2484 1042 adjuvat,

1375 1073 1401 1092 ,‚
1432 1044 1663 1082 medicinam
1690 1047 1878 1097 suggerit3
1909 1046 1942 1082 8t
1973 1060 2072 1099 saepe
2102 1046 2258 1093 eadem,
2296 1058 2383 1096 quae
2415 1043 2486 1082 tibi

1377 1125 1403 1145 „
1433 1097 1545 1133 noxia
1574 1106 1685 1145 sunt,
1724 1099 1886 1147 avibus,
1929 1109 1992 1137 aut
2022 1101 2109 1137 feris
2140 1099 2340 1136 innoxium
2370 1097 2487 1135 mini-

1375 1178 1401 1196 „
1430 1157 1547 1187 strant
1588 1150 1776 1201 pabulum
1807 1154 1831 1172 “
1851 1176 1861 1188 .
1909 1151 1958 1189 Et
1987 1151 2086 1189 nihil
2128 1151 2321 1189 infirmius
2362 1159 2414 1188 est
2443 1162 2488 1187 eo

1375 1210 1624 1253 argmnentO,
1654 1203 1754 1252 quod
1784 1215 1829 1238 ex
1859 1202 1948 1240 finis
1978 1205 2206 1253 ignoratione
2226 1204 2379 1241 ducitur
2396 1215 2486 1241 con·

1375 1263 1432 1291 tra
1467 1268 1599 1292 rerum
1642 1256 1893 1301 creationem,
1940 1268 2151 1305 earumque
2191 1257 2486 1294 administratio-

1375 1321 1460 1346 nem
1480 1334 1490 1345 .
1530 1306 1718 1345 Praeclare
1747 1307 1786 1345 S,
1817 1306 2051 1358 Augustinus
2081 1308 2168 1345 Lib.
2198 1309 2228 1344 1.
2258 1308 2306 1344 de
2338 1309 2486 1347 Genesi

1375 1370 1517 1398 contra
1549 1360 1802 1398 lilaniclzoeos
1830 1374 1915 1412 cap.
1951 1374 2012 1398 10.
2057 1359 2120 1398 De
2148 1358 2384 1410 superfluis,
2428 1363 2485 1398 in-

1373 1415 1484 1466 quit,
1514 1414 1605 1466 quid
1630 1427 1713 1450 non
1742 1422 1930 1463 prosunt,
1960 1414 2142 1463 placeat,
2172 1412 2272 1463 qnod
2305 1425 2387 1449 non
2420 1411 2485 1450 ob·

1373 1476 1490 1515 sunt,
1521 1471 1614 1516 qum
1643 1471 1715 1504 etsi
1744 1467 1876 1504 domui
1905 1475 2053 1503 nostroe
2081 1479 2160 1503 non
2189 1474 2279 1503 sunt
2298 1478 2486 1503 necessa-

1372 1523 1458 1566 ria,
1489 1523 1544 1557 eis
1573 1528 1714 1557 tamen
1744 1519 1959 1570 completur
1987 1518 2100 1571 liujus
2130 1521 2394 1556 universitatis
2424 1522 2486 1555 in-

1371 1576 1563 1624 tegritas,
1612 1585 1698 1623 quoe
1727 1573 1850 1609 multo
1893 1573 2029 1625 major
2057 1580 2143 1620 est,
2190 1584 2314 1624 quam
2343 1570 2484 1609 <lomus

1372 1636 1536 1673 nostra,
1567 1626 1615 1665 Εἴ)
1645 1626 1768 1663 multo
1799 1625 1936 1663 melior
1958 1651 1999 1664 ...
2034 1625 2192 1676 Usurpcz
2222 1638 2314 1676 ergo
2344 1625 2483 1674 utilia,

1370 1692 1466 1717 cave
1495 1682 1739 1728 perniciosa,
1770 1679 1944 1729 relinque
1973 1678 2176 1730 superflua
2194 1704 2204 1715 .
2235 1677 2282 1714 In
2303 1677 2483 1716 omnibus

1369 1740 1505 1770 tamen
1529 1762 1539 1779 ,
1581 1745 1672 1769 cum
1702 1725 1942 1780 mensurus,
1973 1733 2022 1772 <²9²
2052 1743 2267 1780 numeros,
2304 1729 2353 1770 (9⁶
2382 1730 2485 1769 ordi-

1371 1798 1465 1823 nem
1496 1784 1625 1832 rides,
1655 1784 1855 1837 artificem
1884 1797 2043 1835 quaere.-

1432 1838 1519 1889 ¹93·
1550 1838 1748 1884 Quantum
1777 1850 1867 1875 vero
1893 1839 2056 1889 pertinet
2089 1838 2136 1875 ad
2164 1836 2348 1875 animalia
2375 1837 2486 1875 nothis

1373 1891 1556 1939 molesta,
1587 1890 1649 1928 vel
1677 1891 1814 1938 noxia,
1844 1892 2058 1929 communis
2087 1889 2311 1928 Sanctorum
2329 1886 2484 1928 Patrum

1374 1945 1557 1982 sententia
1587 1952 1658 1992 est,
1690 1943 1773 1982 haec
1803 1943 1893 1981 talia
1923 1945 2051 1982 futura
2080 1957 2153 1981 non
2185 1944 2328 1990 fuisse,
2359 1944 2387 1981 si
2419 1943 2484 1981 lio-

1374 2010 1437 2035 mo
1465 2010 1532 2035 suo
1554 1998 1726 2035 Creatori
1757 1997 1933 2036 obediens
1961 1997 2222 2048 per-mansisset
2267 1999 2281 2047 (
2310 2005 2352 2034 ut
2381 1998 2485 2036 enim

1374 2050 1690 2103 inquitSapiens
1734 2049 1991 2088 Ecclesiastici
2021 2048 2212 2088 XXXIX.
2242 2049 2307 2088 ⁴50.
2328 2080 2338 2098 ,
2381 2049 2486 2088 bona

1375 2102 1483 2142 bonis
1511 2113 1652 2141 creata
1682 2112 1771 2139 sunt
1800 2102 1850 2140 ab
1879 2106 1987 2141 initio
2016 2102 2065 2151 ),·
2112 2106 2226 2142 noxia
2255 2116 2344 2141 vero
2384 2104 2484 2142 facta

1375 2172 1450 2195 esse
1478 2157 1525 2195 ad
1545 2166 1679 2195 nostrae
1697 2156 1822 2208 culpae
1845 2159 2076 2207 punitionem
2095 2182 2105 2193 .
2134 2155 2251 2194 Ναΐα
2271 2165 2360 2193 sunt
2375 2155 2485 2204 ἵκεο,

1374 2211 1499 2263 inquit
1528 2210 1569 2250 S.
1596 2209 1821 2250 Ambrosius
1847 2210 1937 2250 Lib..
1967 2209 2035 2248 VI.
2079 2208 2356 2251 Hexaemeron
2398 2224 2484 2263 cap.

2355 2264 2427 2313 fh,

1377 811 1402 831 >2

1381 2425 1407 2449 ς,
1434 2407 1569 2453 aliquos
1595 2406 1776 2441 instituta:
1804 2405 1839 2439 in
1859 2401 1929 2440 *hoc
1954 2414 2069 2440 autem
2097 2404 2248 2446 mundo,
2275 2403 2375 2449 cujus
2401 2414 2485 2436 con-

1379 2475 1405 2495 „
1431 2454 1549 2494 ditor,
1590 2457 1621 2486 &
1656 2453 1918 2486 administrator
1952 2452 2164 2496 praedicatur
2199 2453 2317 2491 Deus,
2358 2448 2486 2483 audent

1375 2515 1406 2540 5,
1430 2501 1542 2532 multa
1568 2497 1820 2543 reprehendere
1838 2519 1847 2537 ,
1872 2507 2023 2542 quorum
2042 2510 2169 2531 causas
2195 2510 2262 2531 non
2287 2495 2429 2535 vident,
2454 2497 2486 2526 &

1381 2567 1407 2586 ‚‚
1434 2546 1467 2577 in
1493 2545 1655 2589 operibus
1682 2553 1785 2588 atque
1813 2544 2055 2578 instrumentis
2092 2543 2342 2588 omnipotentis
2369 2541 2490 2576 Artifi-

1379 2609 1405 2632 9>
1431 2592 1480 2625 cis
1505 2592 1627 2624 volunt
1652 2602 1687 2623 se
1712 2588 1823 2622 videri
1850 2590 1961 2629 scire,
1987 2588 2080 2633 quod
2105 2591 2263 2621 nesciunt
2289 2593 2339 2617 “.

1426 2659 1452 2677 ,‚
1476 2638 1553 2681 Ego
1578 2648 1680 2674 vero,
1706 2636 1928 2679 prosequitur
1954 2636 1988 2666 S.
2013 2635 2167 2672 Doctor,
2209 2634 2321 2666 fateor
2346 2643 2401 2664 me
2427 2642 2486 2663 ne-

1377 2701 1407 2723 „
1434 2684 1542 2722 scire,
1564 2693 1684 2714 >mures
1701 2701 1711 2718 ,
1738 2683 1769 2715 ὃς
1791 2691 1895 2712 ranas
1922 2690 2028 2722 quare
2055 2687 2177 2712 ereatae
2205 2679 2297 2719 sint,
2323 2686 2382 2712 aut
2408 2690 2487 2710 mu-

1380 2748 1406 2768 „
1429 2739 1520 2766 scae,
1548 2735 1606 2760 aut
1631 2724 1837 2758 vermiculi:
1864 2723 1964 2756 video
1990 2733 2102 2759 tamen
2119 2746 2130 2765 ,
2156 2725 2273 2758 omnia
2299 2726 2333 2758 in
2358 2736 2419 2757 suo
2437 2734 2490 2767 ge·

1380 2793 1407 2813 „
1433 2780 1514 2804 nere
1539 2771 1684 2816 pulchra
1711 2781 1805 2809 esse,
1842 2770 2002 2813 ‹piamvis
2027 2779 2169 2815 propter
2197 2779 2342 2815 peccata
2370 2778 2489 2803 nostra

1380 2831 1406 2858 „
1428 2819 1540 2850 multa
1566 2817 1664 2850 nobis
1685 2815 1873 2849 videantur
1901 2815 2065 2851 adversa:
2102 2829 2170 2851 non
2195 2819 2290 2851 enim
2326 2816 2487 2850 animalis

1379 2884 1406 2903 „
1431 2863 1579 2908 alicujus
1606 2874 1729 2907 corpus
1744 2883 1754 2901 ‚
1780 2864 1811 2894 &
1828 2863 1983 2896 mem-bra
1999 2862 2177 2896 considero
2191 2885 2203 2905 ,
2227 2865 2287 2897 ubi
2308 2874 2374 2896 non
2388 2874 2487 2894 men-

1381 2931 1407 2949 „
1431 2919 1528 2943 suras
1549 2931 1560 2949 ,
1585 2912 1615 2941 &
1643 2919 1830 2948 numeros,
1867 2912 1898 2941 ἃ
1920 2908 2077 2942 ordinem
2104 2910 2278 2942 inveniam
2304 2908 2347 2942 ad
2373 2908 2490 2941 unita-

1380 2976 1407 2996 „
1434 2965 1505 2989 tem
1530 2953 1722 2989 concordiae
1747 2955 1942 2998 pertinere.
1971 2956 2057 2999 Qum
2085 2956 2199 2988 omnia
2215 2954 2304 2993 unde
2324 2955 2487 2994 veniant,

1382 3022 1408 3042 ,‚
1435 3014 1504 3035 non
1526 3002 1690 3045 ¹intelligo
1713 3000 1779 3033 nisi
1807 3013 1824 3034 a
1860 3012 1994 3034 summa
2034 3013 2223 3042 mensura,
2264 3004 2294 3034 &
2315 3010 2488 3041 numero,

1381 3069 1408 3088 2,
1433 3052 1465 3081 &
1483 3046 1629 3088 ordine,
1665 3058 1743 3091 quae
1770 3047 1805 3079 in
1832 3047 1903 3092 ipsa
1931 3048 1994 3080 Dei
2020 3048 2234 3082 sublimitate
2263 3048 2489 3080 incommuta-

1381 3115 1408 3135 „
1428 3094 1520 3134 bili,
1557 3102 1661 3138 atque
1687 3101 1815 3126 aeterna
1854 3094 2043 3128 consistant
2063 3117 2071 3126 .
2116 3092 2216 3138 Quod
2243 3094 2269 3126 si
2295 3094 2488 3137 cogitarent

1382 3161 1408 3181 „
1434 3141 1490 3174 isti
1516 3139 1751 3183 loquacissimi
1779 3142 1810 3170 &
1836 3136 2071 3183 ineptissimi,
2115 3153 2181 3173 non
2207 3140 2306 3173 nobis
2343 3137 2484 3172 taedinm

1381 3207 1408 3228 „
1433 3186 1604 3226 facerent,
1629 3185 1687 3219 sed
1713 3185 1778 3230 ipsi
1805 3184 2053 3220 considerando
2069 3198 2187 3220 omnes
2206 3181 2483 3230 pulchritudines

1381 3253 1408 3274 „
1426 3235 1466 3265 ⁴&
1489 3243 1662 3273 summas,
1688 3235 1719 3266 ἃ
1744 3232 1901 3274 infimas„
1922 3233 2040 3268 Deum
2067 3233 2236 3269 artificem
2253 3233 2381 3277 ubique
2401 3228 2482 3262 Jou-

1382 3300 1410 3322 5,
1427 3277 1555 3314 «darem
1582 3281 1634 3311 (ί,
