2583 3685
238 72 319 112 263

174 177 200 198 a,
229 158 297 194 per
325 150 438 189 erat,
483 137 685 178 excitavit.
707 141 733 160 ‘⁶
754 139 854 185 Quae
884 137 1003 176 verba
1049 138 1155 176 nullo
1183 137 1284 176 indi-

170 205 282 249 gnent
311 204 434 233 nostro
474 194 721 245 glossemate.
765 191 844 229 Nec
874 193 999 229 minus
1042 191 1145 230 clara
1173 200 1283 240 sunt,

171 263 258 301 quae
302 248 404 285 idem
434 247 474 284 S.
505 246 612 284 Pater
658 244 774 283 habet
815 246 855 282 in
884 245 1087 283 Ancorato
1123 259 1163 282 n.
1195 245 1283 284 51.:

170 302 236 339 ubi
267 300 381 338 allata
409 298 946 351 similitudineimperatoris,
976 299 1041 350 qui
1059 297 1172 336 simul
1193 311 1282 335 cum

167 354 261 393 solio
290 367 357 391 suo
384 353 562 391 adoratur
579 382 590 400 ‚
632 353 683 389 ita
711 351 805 390 dicit
831 366 853 388 a
881 351 992 389 nobis
1021 352 1169 390 adorari
1200 351 1284 388 uni-

168 408 340 459 genitum
361 406 509 445 Filium
531 406 605 443 Dei
633 418 725 442 cum
741 418 901 456 corpore
917 434 927 451 ‚
957 403 1026 442 lzoc
1047 414 1106 442 est
1126 409 1284 442 increa-

168 472 253 499 tum
283 461 391 498 illum
408 473 497 496 cum
518 462 771 496 sanctissimo
798 458 945 507 templo
962 487 972 505 ,
1000 458 1101 507 quod
1121 457 1190 496 sibi
1209 456 1282 495 acl-

167 519 326 554 rent'ens
356 512 567 563 adjunxit,
613 514 743 564 utique
776 513 914 549 unione
955 509 1214 561 hypostatica3
1249 509 1282 544 &

167 577 292 620 postea
322 565 540 617 subjungit,
577 578 669 603 cum
698 565 872 615 sepulto,
917 565 1168 612 excitatoque
1196 575 1283 599 cor-

166 633 258 670 pore
292 618 488 656 Christum
517 618 708 656 adorari.
738 618 780 654 Si
810 616 1025 653 adoratione
1053 616 1190 667 dignus
1211 615 1284 654 fuit

163 672 334 710 Christus
363 686 455 710 cum
491 672 642 722 sepulto
685 682 846 720 corpore
867 698 877 716 ,
922 668 1167 706 manifestum
1197 677 1281 717 est,

166 739 302 777 corpus
332 738 406 763 non
436 726 550 762 fuisse
579 739 600 760 a
629 724 827 762 divinitate
856 721 1073 773 sejunctum
1091 747 1102 760 .

220 778 314 824 485.
344 778 484 817 Dices.
515 777 617 814 ldem
647 776 686 814 S.
716 775 959 828 Epiphanius
989 775 1136 813 Haeresi
1166 774 1282 822 XX.,

167 846 256 885 quae
300 840 354 869 est
382 829 731 877 Herodmnorum,
776 828 858 867 haec
905 829 950 866 de
979 829 1127 866 Christo
1169 827 1281 865 habet

169 891 184 937 (
216 899 259 924 ex
289 886 458 924 versione
487 884 689 922 Petaviana
719 884 753 930 ):
782 912 807 931 „
829 882 958 920 Tertio
984 882 1046 919 die
1075 895 1163 919 cum
1196 895 1281 919 san-

172 969 199 989 „
228 939 396 977 ctissimo
423 951 491 976 suo
519 950 674 989 corpore
704 937 750 974 ad
780 936 898 975 vitam
928 935 1138 973 excitatur.
1168 935 1282 982 Quod

171 1022 197 1041 „
228 993 386 1044 quidem
415 1005 550 1044 corpus
592 1003 717 1041 neque
758 988 1040 1026 dissolvendum
1083 987 1251 1040 amplius
1273 1018 1284 1037 ,

169 1075 196 1094 ,‚
225 1059 294 1084 nec
325 1058 523 1098 passurum
542 1073 553 1092 ,
592 1056 659 1081 nec
688 1042 759 1080 sub
788 1042 919 1079 mortis
948 1041 1188 1080 dominatum
1217 1054 1285 1093 po-

169 1128 196 1147 „
224 1108 298 1136 stea
328 1111 523 1137 cessurum
553 1109 642 1134 cum
664 1109 739 1134 sua
759 1094 977 1133 Divinitate
998 1096 1211 1147 conjunxit
1227 1120 1238 1132 .
1255 1098 1281 1117 “

167 1152 286 1190 Porro
314 1153 382 1202 qui
413 1152 527 1189 dicit:
569 1163 705 1202 corpus
733 1148 875 1188 Christi
906 1149 1020 1186 fuisse
1050 1150 1088 1186 iu
1118 1161 1285 1185 resurre-

164 1207 288 1244 ctione
304 1205 512 1243 Di5·initczti
527 1205 806 1255 conjunctum,
836 1203 1039 1254 supponit,
1074 1201 1170 1240 illud
1191 1203 1285 1240 fuis-

167 1273 206 1297 se
235 1259 283 1297 ab
313 1259 443 1297 eadem
472 1258 681 1296 Divinitate
710 1255 924 1307 sejunctum
943 1281 953 1293 .

222 1311 315 1358 [4554.
347 1312 485 1363 Resp.,
517 1310 622 1348 illam
653 1309 963 1360 conjunctionem
986 1322 1075 1346 eum
1105 1309 1285 1348 divinita·

163 1374 228 1412 te,
272 1367 316 1402 de
345 1380 422 1416 qua
451 1363 618 1415 loquitur
647 1362 917 1415 Epiphanius,
962 1376 1034 1400 non
1065 1377 1142 1400 esse
1174 1364 1283 1400 unio-

166 1432 254 1457 nem
287 1417 561 1469 hypostaticam
580 1446 589 1464 ,
620 1417 682 1454 sed
713 1429 849 1454 novam
879 1416 1086 1468 quamdam
1105 1418 1285 1454 unionem

164 1485 234 1523 per
263 1471 408 1517 maiora
425 1500 436 1518 ,
467 1470 500 1507 8<
530 1470 708 1508 uberiora
735 1470 836 1507 dona
864 1470 1016 1520 corpori
1044 1469 1183 1507 collata
1203 1499 1214 1518 ‚
1245 1478 1285 1507 ut

168 1538 248 1561 non,
277 1525 448 1574 amplius
479 1533 580 1561 esset
629 1521 875 1574 passionibus
922 1521 1166 1571 obnoxium,
1209 1535 1284 1561 nec

168 1577 236 1615 sub
265 1577 474 1615 dominatu
504 1580 641 1615 mortis
663 1603 673 1614 .
703 1577 883 1628 Seipsum
912 1575 1015 1615 clare
1045 1576 1212 1628 explicat
1241 1578 1283 1614 in

169 1630 513 1681 subsequentibus,
557 1631 606 1667 ita
636 1642 817 1681 pergens:
840 1660 866 1679 „
888 1630 970 1668 Hoc
1000 1630 1115 1681 igitur
1158 1631 1285 1682 ipsum

172 1711 197 1732 „
227 1695 363 1734 corpus
381 1712 390 1729 ,
420 1696 576 1719 carnem
597 1683 718 1733 ipsam
737 1712 748 1730 ,
778 1682 811 1718 8t
831 1683 1002 1720 animam
1022 1713 1033 1731 ,
1063 1684 1170 1735 ipsa,
1199 1683 1286 1735 qui-

172 1766 199 1784 „
229 1735 300 1772 bus
328 1734 539 1782 constabat,
568 1736 698 1772 omnia
728 1748 798 1772 non
828 1736 932 1772 aliud
951 1737 1162 1787 quidquam
1185 1750 1282 1787 prae-

172 1819 198 1838 Ἡ
229 1797 283 1824 ter
303 1801 436 1825 verum
466 1800 630 1838 corpus,
659 1787 720 1825 sed
753 1788 957 1839 ipsummet
986 1788 1084 1825 illud
1113 1791 1151 1827 vi
1173 1789 1285 1826 caele-

172 1871 199 1890 „
228 1841 271 1877 sti
303 1841 497 1891 perfudit,
527 1841 576 1881 (θ’
606 1845 646 1877 in
675 1853 820 1889 unum,
850 1839 1058 1892 idemque,
1088 1844 1127 1878 ιή
1157 1853 1286 1878 unam.

171 1923 199 1943 :s
229 1896 396 1942 inquam
417 1892 681 1930 Dir'initatem
711 1897 977 1941 consociavit,
1009 1902 1049 1931 ut
1069 1907 1180 1931 carne
1201 1907 1289 1932 oon-

172 1976 200 1995 „
229 1955 354 1993 stans,
384 1945 419 1982 Bt
449 1947 736 1996 incorruptum,
765 1959 992 1997 corporeum
1023 1947 1191 1985 simul&
1212 1949 1288 1998 spi-

173 2029 198 2048 „
229 1998 392 2046 rituale,
435 2006 653 2036 concretum
682 2011 726 2035 ac
763 2005 873 2035 tenue
893 2028 904 2045 ,
948 1999 1107 2036 mortale
1151 2002 1291 2051 pariter

173 2082 200 2101 „
230 2061 340 2104 atque
370 2051 588 2089 immortale
629 2050 728 2088 illud
758 2059 876 2089 esset.
898 2053 923 2072 ‘⁶
953 2051 1068 2089 Haud
1111 2053 1290 2103 equidem

173 2106 388 2157 putaverim
409 2135 420 2153 ,
463 2105 696 2143 adversarios
725 2102 810 2141 haec
849 2103 964 2143 verba
982 2133 992 2151 ‚
1036 2117 1125 2155 quae
1155 2105 1291 2154 primis

171 2158 373 2197 simillima
401 2167 513 2206 sunt,
543 2158 589 2195 de
620 2159 755 2196 unione
786 2156 1023 2210 hypostatica
1052 2155 1290 2208 intelligere3

174 2213 282 2263 quasi
311 2211 456 2249 scilicet
485 2213 597 2249 etiam
627 2212 796 2249 animam
828 2212 867 2248 in
898 2224 1014 2249 unam
1037 2210 1291 2248 Divinitatem

175 2266 448 2303 consociaverit
465 2295 474 2312 ,
505 2278 592 2302 cum
624 2264 830 2316 plusquam
851 2273 999 2302 certum
1029 2265 1074 2302 sit
1096 2265 1134 2301 in
1155 2263 1291 2301 doctri-

176 2331 225 2355 na
253 2318 293 2356 S.
323 2317 531 2370 Epiphanii
549 2348 560 2366 ,
603 2318 840 2356 divinitatem
870 2330 1068 2370 nunquam
1099 2317 1213 2354 fuisse
1242 2317 1292 2354 ab

176 2372 305 2409 anima
334 2371 475 2409 Christi
504 2380 716 2422 separatam
747 2371 838 2421 (a).
868 2370 1002 2408 Solum
1033 2371 1164 2422 itaque
1192 2369 1292 2407 indi-

174 2438 263 2462 care
292 2426 413 2476 potuit
442 2425 483 2461 S.
513 2424 757 2476 Epiphanius
785 2425 825 2461 in
869 2432 1027 2475 utroque
1056 2422 1140 2460 loco
1177 2436 1292 2460 novas

173 2477 262 2515 illas
292 2476 603 2529 praeclarissimas
632 2477 733 2514 dotes
754 2507 764 2525 ,
794 2491 887 2529 quas
909 2477 1100 2515 Divinitas
1120 2478 1291 2527 corpori,

177 2531 210 2567 &
240 2533 378 2568 animae
411 2539 490 2583 post
518 2532 832 2569 resurrectionem
854 2545 876 2567 a
895 2531 1053 2568 mortuis
1070 2561 1080 2577 ‚
1110 2530 1144 2566 &
1166 2543 1294 2567 ascen-

174 2586 317 2622 sionem
348 2586 385 2622 in
415 2583 558 2622 caelum
594 2585 924 2623 communicavit.
966 2583 1014 2622 Et
1043 2583 1089 2621 de
1120 2582 1293 2635 Epipha-

177 2638 239 2674 nio
267 2637 472 2685 hactenus,
502 2651 602 2675 nunc
630 2638 677 2675 de
706 2637 792 2675 aliis
814 2664 825 2675 .

232 2691 322 2735 485.
352 2690 393 2728 S.
414 2691 639 2729 Ambrosius
670 2691 800 2728 eodem
831 2703 981 2742 prorsus
1010 2703 1119 2728 sensu
1150 2690 1292 2742 accipit

180 2749 440 2782 secessionem
462 2774 471 2792 ,
500 2743 561 2783 vel
586 2748 914 2794 separationem,
945 2742 1090 2781 scilicet
1119 2756 1188 2794 pro
1203 2743 1291 2780 sub-

177 2799 354 2835 tractione
385 2798 653 2849 protectionis,
697 2811 771 2836 non
800 2810 869 2848 pro
910 2796 1097 2834 solutione
1141 2797 1294 2834 unionis

180 2845 453 2902 lrypostaticae3
495 2851 596 2903 quod
627 2850 713 2888 aliis
743 2853 781 2888 in
812 2849 904 2888 locis
946 2850 1082 2887 diserte
1112 2851 1292 2900 exponit.

181 2899 280 2938 Bam
312 2904 347 2938 in
379 2902 516 2942 l’salm.
545 2904 703 2942 CXVll.
746 2918 854 2941 num.
890 2915 948 2954 ις).
977 2902 1192 2954 expendens
1223 2901 1292 2940 illa

180 2953 299 2991 verba
315 2953 444 3002 Deus,
473 2956 583 2995 Deus
605 2970 742 3005 meus,
773 2966 813 2993 ut
829 2957 920 3007 quid
939 2955 1178 3006 dereliquisti
1194 2954 1294 2993 me?

182 3035 208 3055 „
239 3005 309 3044 ille
336 3008 518 3058 quidem,
551 3011 672 3064 inquit
692 3040 703 3061 ,
733 3024 930 3064 nunquam
957 3009 1162 3049 derelictus
1190 3018 1243 3047 est
1271 3023 1295 3048 a

232 3185 280 3220 (a)
311 3183 349 3214 ln
375 3179 494 3214 eodem
530 3183 605 3215 loco
629 3185 759 3220 Haeresi
788 3189 872 3222 XX.
897 3188 1001 3231 paulo
1027 3196 1127 3222 antea
1153 3187 1294 3222 dixerat

182 3225 224 3259 (le
248 3228 332 3260 Jesu
357 3227 520 3260 Christo:
564 3227 602 3260 In
628 3241 724 3262 cruce
751 3237 994 3277 suspenditur,
1021 3237 1211 3278 sepelitur,
1248 3235 1295 3267 ad

183 3272 317 3317 inferos
343 3285 414 3307 cum
439 3272 635 3309 Dit’iaitate
662 3289 720 3308 sua
739 3298 749 3316 ,
775 3292 947 3324 animaque
972 3282 1181 3318 descendit;
1207 3283 1239 3312 &
1258 3280 1293 3312 in

722 62 802 104 DE
836 56 1086 101 INCARN.
1120 57 1288 101 SECT.
1310 58 1367 101 ΙΙ.
1399 57 1541 100 DISS.
1562 60 1642 102 III.
1675 62 1803 104 CAP.
1825 61 1902 106 IV.

1354 166 1380 186 ,‚
1410 135 1519 173 Patre
1542 161 1597 174 ....
1618 138 1680 174 sed
1709 140 1918 177 secundum
1948 152 2110 193 corpus,
2139 141 2179 179 in
2200 151 2275 192 quo
2304 145 2356 178 est
2384 146 2460 178 tra-

1354 219 1380 239 „
1409 189 1510 227 ditus
1539 189 1730 240 passioni,
1760 203 1830 227 vox
1860 193 1928 228 ista
1948 195 2124 243 processit
2144 220 2200 232 ....
2222 193 2459 245 Dereliquis-

1354 273 1380 292 „
1408 257 1447 279 se
1476 242 1650 289 videtur,
1679 243 1771 293 quia
1792 255 1862 279 non
1884 247 2074 295 pepercit,
2104 249 2170 299 qui
2187 248 2337 285 tradidit
2357 258 2459 284 mor.

1353 326 1378 345 „
1407 296 1463 333 ti.
1511 295 1586 332 Sed
1615 308 1688 332 non
1718 296 1865 346 penitus
1906 297 2105 336 derelictus
2146 300 2308 338 dicitur:
2356 299 2460 349 Quia

1352 379 1378 398 „
1407 361 1486 386 non
1530 348 1776 398 derelinques
1806 351 1994 385 animam
2037 362 2171 391 meam
2202 356 2242 390 in
2272 352 2459 405 inferno,

1353 432 1379 451 „
1409 415 1482 439 nec
1498 400 1608 438 <labis
1630 401 1825 439 Sanctum
1841 409 1950 437 tuum
1967 400 2094 438 ridere
2109 407 2455 454 corruptionem-‘³

1351 455 1412 493 En
1441 470 1622 508 quaenam
1652 456 1696 492 sit
1727 454 1795 491 illa
1823 455 2008 502 secessio,
2050 458 2261 506 separatiO,
2291 458 2325 494 8<
2355 458 2460 495 dere-

1351 507 1455 546 lictio
1477 538 1487 556 ,
1517 509 1561 546 de
1591 522 1666 560 qua
1695 507 1864 559 loquitur
1894 507 2139 545 Ambrosius.
2169 507 2266 545 Addi
2295 510 2461 560 potest&

1350 561 1445 599 illud
1478 563 1732 613 fragmentum
1752 591 1762 608 ,
1810 561 1911 612 quod
1939 559 2076 611 legitur
2112 561 2215 611 apud
2244 559 2459 601 Theodore-

1351 621 1432 651 tum
1462 616 1502 652 in
1532 614 1693 666 Dialogo
1710 614 1995 662 Polipszormis,
2025 613 2060 649 8<
2089 615 2198 651 tertio
2227 612 2349 650 Tomo
2376 628 2464 667 ope-

1350 679 1437 703 rum
1466 667 1634 713 eiusdem
1666 668 1706 706 S.
1738 667 1929 706 Ambrosii
1974 668 2158 704 insertum
2202 675 2280 714 est,
2322 666 2391 705 ubi
2419 669 2465 708 de

1351 719 1454 757 Filio
1470 720 1541 758 Dei
1564 723 1616 758 sic
1637 721 1829 772 loquitur:
1858 718 2096 772 Numquam
2117 728 2200 771 post
2216 724 2404 758 unionem
2423 746 2466 760 ...

1351 772 1409 809 vel
1437 786 1463 809 ιι
1492 786 1561 810 suo
1590 775 1733 826 templo
1762 773 1950 811 recedens
1971 804 1982 822 ,
2011 774 2070 812 rel
2097 782 2255 825 propter
2284 771 2466 822 ineffabi-

1349 827 1428 862 lem
1457 824 1742 877 benignitatem
1772 827 1956 866 recedere
1999 827 2163 865 calens.
2210 826 2309 864 Vide
2352 827 2468 865 etiam

1351 892 1440 930 qua:
1463 892 1578 930 supra
1607 892 1712 918 num.
1742 880 1837 927 481.
1867 881 1911 919 de
1943 881 2074 919 eodem
2103 881 2143 919 S.
2174 880 2337 919 Doctore
2366 889 2469 918 retu-

1351 932 1495 969 lhnus.

1407 984 1501 1030 486.
1534 984 1674 1023 Dices.
1719 986 1761 1023 In
1788 985 1893 1025 laud.
1922 989 2095 1040 superius
2124 987 2208 1026 loco
2237 1002 2343 1026 num.
2373 986 2469 1039 475.

1354 1038 1453 1076 hanc
1483 1039 1730 1090 separationis
1759 1040 1967 1078 divinitatis
1997 1043 2178 1079 rationem
2209 1042 2332 1079 addit:
2366 1041 2468 1078 Cum

1353 1092 1552 1130 Divinitas
1581 1095 1720 1129 mortis
1748 1090 1869 1129 libera
1884 1095 1934 1129 sit
1952 1121 1963 1140 ,
1992 1097 2122 1144 utique
2143 1107 2250 1132 mors
2279 1107 2365 1132 esse
2386 1107 2466 1131 non

1352 1154 1508 1197 poterat
1530 1175 1540 1193 ,
1570 1149 1645 1182 nisi
1674 1149 1754 1183 vita
1782 1144 2025 1193 discederet,
2055 1147 2148 1196 una
2168 1150 2246 1183 vita
2267 1147 2467 1185 Divinitas

1352 1208 1437 1237 est.
1486 1199 1615 1245 Quam
1645 1200 1828 1237 rationem
1870 1198 2008 1249 allegat
2046 1199 2161 1236 etiam
2190 1199 2230 1235 in
2262 1198 2390 1238 Tract.
2420 1199 2468 1238 de

1352 1251 1542 1305 Symbolo
1572 1253 1735 1302 Apost.,
1765 1267 1828 1290 seu
1860 1252 1907 1290 (ie
1940 1251 2080 1289 Trina.
2111 1264 2200 1300 cap.
2236 1250 2296 1289 13.

1408 1306 1502 1358 487.
1533 1304 1645 1358 Hesp.
1675 1306 1718 1344 Si
1746 1305 1902 1344 allatam
1932 1306 2114 1343 rationem
2153 1304 2273 1355 rigide
2303 1304 2471 1356 accipia-

1354 1374 1466 1407 mus,
1496 1359 1537 1398 S.
1569 1359 1844 1407 Ambrosium,
1886 1360 1954 1412 qui
1986 1373 2083 1396 unus
2112 1358 2185 1396 suit
2214 1371 2258 1395 ex
2288 1355 2470 1395 illustrio-

1353 1413 1459 1451 ribus
1476 1412 1660 1451 Ecclesiae
1692 1413 1818 1451 latinae
1837 1413 2092 1460 Doctoribus,
2122 1410 2331 1449 stultissimi
2362 1410 2469 1461 juxta

1354 1482 1398 1506 ac
1429 1467 1691 1505 absurdissimi
1721 1466 1824 1504 illius
1846 1467 2074 1504 Asianorum
2103 1465 2240 1502 erroris
2269 1476 2376 1500 reum
2408 1464 2467 1501 fa-

1354 1522 1478 1558 cimus
1509 1523 1523 1570 (
1554 1534 1669 1572 quem
1713 1534 1827 1572 supra
1856 1520 2013 1557 Dissert.
2044 1519 2091 1556 Il.
2122 1532 2207 1570 cap.
2238 1530 2277 1555 2.
2308 1516 2470 1568 explosi-

1353 1588 1440 1612 mus
1477 1574 1492 1622 )
1522 1574 1734 1612 dicentium
1758 1603 1769 1620 ,
1798 1573 2034 1611 divinitatem
2066 1572 2180 1609 fuisse
2208 1571 2378 1609 animam
2398 1599 2408 1618 ,
2439 1570 2474 1606 St

1352 1629 1471 1667 vitam
1501 1626 1587 1665 Jesu
1617 1626 1790 1674 Christi,
1830 1635 1868 1663 ut
1896 1626 2046 1663 nonnisi
2077 1639 2121 1662 ea
2149 1623 2344 1662 recedente
2373 1623 2473 1661 mori.

1354 1689 1505 1733 posset.
1536 1680 1659 1718 Debet
1689 1692 1776 1731 ergo
1806 1679 1873 1716 illa
1902 1679 1997 1716 ratio
2026 1678 2151 1728 accipi
2181 1678 2227 1714 de
2247 1676 2472 1714 subtractio-

1355 1749 1400 1772 ne
1423 1735 1661 1786 protectionis
1677 1733 1906 1779 divinitatis,
1929 1745 2068 1781 nempe
2090 1743 2160 1767 non
2182 1730 2343 1781 potuisse
2358 1728 2470 1767 Chri-

1354 1797 1453 1825 stum
1474 1802 1496 1824 a
1516 1787 1663 1825 Judaeis
1677 1785 1826 1834 occidi,
1855 1787 1930 1823 nisi
1951 1784 2141 1824 subtracta
2156 1783 2365 1823 divinitatis
2384 1794 2473 1835 pro-

1355 1842 1543 1879 tectione.

1412 1892 1505 1937 488.
1536 1892 1736 1932 Tractatus
1764 1900 1891 1931 autem
1920 1891 1968 1931 (le
1990 1892 2179 1945 Symbolo
2199 1890 2474 1942 Apostolorum

1357 1959 1433 1983 non
1463 1955 1513 1982 est
1542 1948 1730 1995 genuinus
1760 1947 1799 1983 S.
1833 1946 2026 1984 Ambrosii
2056 1947 2196 1990 foetus;
2227 1945 2290 1982 sed
2320 1958 2408 1982 cum
2430 1944 2476 1981 sit

1359 2011 1403 2035 ex
1434 1999 1616 2050 operibus
1646 1998 1817 2047 eiusdem
1847 1998 1888 2035 S.
1906 1998 2078 2036 Doctoris
2106 1999 2326 2045 confectus,
2357 2004 2474 2048 potest

1360 2064 1404 2087 ex
1434 2052 1516 2102 ipso
1532 2065 1640 2089 sensu
1658 2081 1669 2099 ,
1699 2063 1775 2103 quo
1803 2050 1961 2088 allatam
1991 2052 2172 2088 rationem
2195 2050 2473 2100 explicuimus,

1359 2104 1532 2140 disertius
1563 2105 1728 2153 exponi3
1771 2104 1821 2141 ita
1851 2105 1953 2141 enim
1982 2103 2132 2141 subdit:
2163 2133 2189 2150 „
2212 2103 2316 2140 Deus
2344 2110 2473 2140 autem

1361 2184 1388 2203 „
1417 2168 1572 2191 carnem
1603 2154 1811 2192 humanam
1828 2184 1839 2201 ,
1869 2157 2112 2206 animamque
2133 2168 2210 2193 non
2230 2155 2393 2192 deseruit
2414 2158 2476 2192 in-

1361 2237 1387 2256 „
1417 2211 1538 2252 vatus,-
1580 2209 1642 2245 sed
1672 2208 1763 2259 quia
1793 2206 1946 2254 voluit,
1989 2207 2057 2244 uhi
2093 2207 2244 2255 voluit,
2286 2206 2474 2258 quomodo

1360 2291 1386 2310 „
1417 2260 1564 2309 voluit,
1585 2260 1619 2297 ἃ
1635 2260 1788 2312 quando
1807 2259 1953 2307 voluit,
1975 2259 2192 2312 relinquens
2212 2260 2334 2310 posuit
2355 2273 2478 2297 eam..

1363 2344 1391 2364 „
1419 2313 1533 2351 Nam
1563 2319 1625 2365 qui
1653 2317 1774 2365 potuit
1803 2327 1882 2350 non
1913 2317 2042 2361 mori,
2079 2317 2112 2351 si
2141 2313 2328 2351 noluisset
2349 2343 2359 2362 ,
2389 2324 2477 2364 pro-

1362 2397 1390 2417 „
1420 2368 1483 2405 cul
1511 2366 1624 2406 <lubio
1651 2372 1745 2419 quia
1774 2367 1888 2405 voluit
1917 2376 2094 2404 mortuus
2124 2375 2210 2404 est.
2231 2369 2257 2388 “

1416 2421 1510 2473 489.
1540 2421 1580 2460 S.
1611 2421 1753 2460 Hilarii
1795 2421 1985 2459 vindicias
2012 2419 2209 2458 adornavit
2237 2419 2288 2458 cl.
2317 2418 2399 2471 ejus
2427 2418 2479 2458 E-

1361 2475 1462 2512 ditor
1505 2475 1706 2514 Maurinus
1735 2474 1865 2513 Petrus
1904 2475 2142 2513 Constantius
2185 2474 2225 2512 in
2254 2473 2409 2512 Praefat.
2439 2471 2482 2523 §-v

1362 2529 1401 2574 4.
1420 2557 1430 2577 ,
1460 2528 1609 2580 duplici
1640 2538 1746 2567 utens
1760 2529 2023 2579 responsione5
2053 2526 2198 2565 scilicet
2218 2527 2258 2565 S.
2280 2526 2476 2564 Hilarium

1360 2596 1438 2619 esse
1454 2581 1741 2632 intelligendum
1762 2582 1809 2618 de
1829 2581 2085 2619 subtractione
2105 2580 2345 2632 protectionis
2362 2608 2372 2626 ,
2401 2590 2478 2614 non

1361 2644 1489 2672 autem
1519 2635 1565 2671 de
1585 2634 1828 2672 dissolutione
1860 2635 2033 2681 unionis;
2063 2635 2123 2672 vel
2141 2635 2255 2671 etiam
2276 2633 2321 2669 de
2350 2629 2481 2668 occul-

1359 2689 1499 2726 tatione
1529 2688 1677 2726 virtutis
1705 2687 1848 2726 divinae
1877 2690 1918 2725 in
1963 2688 2030 2726 illo
2058 2687 2182 2726 triduo
2212 2686 2339 2723 mortis
2357 2713 2367 2731 ,
2411 2697 2477 2735 pe-

1359 2741 1472 2780 rinde
1500 2755 1544 2779 ac
1572 2741 1602 2778 si
1632 2740 1742 2778 nulla
1785 2740 1953 2793 amplius
1995 2742 2035 2778 in
2066 2754 2109 2777 eo
2137 2747 2229 2776 esset
2258 2737 2480 2775 Divinitas.

1361 2793 1561 2845 Quidquid
1593 2806 1680 2831 vero
1709 2795 1753 2831 sit
1782 2794 1829 2831 de
1859 2794 1928 2831 hoc
1971 2792 2055 2830 loco
2093 2791 2280 2838 obscuro,
2324 2791 2364 2827 in
2395 2789 2482 2828 aliis

1361 2846 1454 2885 locis
1475 2846 1514 2883 S.
1536 2845 1707 2884 Hilarius
1737 2848 1973 2898 apertissime
2002 2846 2139 2882 fatetur
2168 2842 2479 2882 indissolubilem

1361 2900 1540 2937 unionem
1563 2898 1841 2952 hypostaticam
1858 2898 1976 2936 Verbi
1994 2912 2082 2936 cum
2098 2897 2333 2935 humanitate
2347 2922 2358 2934 .
2387 2895 2477 2934 Suf-

1360 2952 1490 2990 ficiant
1520 2966 1563 2989 ea
1591 2966 1678 3004 quae
1710 2951 1822 2990 habet
1838 2951 1927 2990 Lib.
1949 2951 2016 2989 ill.
2046 2950 2093 2989 cle
2113 2949 2251 2988 Trinit.
2281 2964 2386 2988 num.
2414 2949 2475 2988 15.

1359 3005 1440 3044 Dei
1455 3003 1575 3044 Filius
1594 3034 1605 3054 ,
1636 3007 1782 3058 inquit,
1812 3004 2057 3058 crucifigitur
2073 3035 2085 3055 ,
2114 3004 2183 3043 sed
2203 3008 2241 3042 z'n
2272 3016 2389 3042 cruce
2407 3001 2473 3039 720-

2343 3069 2416 3094 mt-

1362 3184 1495 3220 Haeresi
1522 3184 1691 3218 LXXIX.
1719 3195 1814 3217 num.
1842 3184 1897 3218 68.
1924 3184 2042 3229 IVeqne
2067 3181 2139 3216 Dei
2167 3180 2306 3215 Verbum
2330 3179 2474 3210 animam

1361 3234 1551 3273 destituit,
1577 3244 1639 3265 nec
1666 3233 1763 3265 illius
1789 3235 1900 3264 αηίιιιιι
1925 3233 2016 3274 apud
2042 3229 2175 3274 inferos
2201 3235 2254 3260 est
2280 3226 2428 3258 relicta.
