2583 3685
316 120 401 167 146

251 196 432 233 Summus
459 197 586 228 tamen
608 185 780 224 Pontifex
809 185 911 238 apud
939 184 1207 236 Imperatorem
1237 185 1282 222 de
1304 197 1362 221 re-

250 246 437 284 stitutione
477 240 594 292 hujus
624 240 905 277 Haereticorum
945 240 1059 286 socii,
1103 238 1135 273 8t
1173 238 1363 289 principis

247 298 414 348 graviter
454 302 676 346 conquestus
707 301 782 329 est.
829 291 1000 343 Idipsuin
1043 293 1216 343 praestitit
1246 293 1362 328 etiam

249 345 360 388 Felix
382 349 472 397 IIL,
501 348 567 400 qui
598 359 696 384 anno
717 345 810 392 485.
840 343 1044 397 Simplicio
1062 344 1258 382 successit.
1289 343 1363 381 Sed

247 413 409 454 uterque
436 401 597 446 frustra3
626 399 800 452 pertinax
826 399 934 436 enini
965 398 1124 436 Aeacius
1154 398 1363 449 Imperato-

247 470 329 495 rem
351 457 388 493 in
406 468 527 508 prava
557 467 624 492 sua
651 452 834 492 sententia
852 449 1094 490 confirmavit
1111 476 1122 489 .
1151 450 1281 488 Petrus
1296 464 1364 489 au-

247 518 327 549 tem
359 507 518 560 Moggus
548 521 620 544 non
648 505 768 544 multo
797 513 876 557 post
906 503 1195 557 Eutychianuin
1226 506 1332 544 virus
1353 533 1364 551 ,

246 563 351 616 quod
381 562 531 599 fovebat
562 562 599 598 in
627 559 767 606 corde,
811 558 973 596 exterius
1003 558 1195 609 prodidit,
1237 566 1365 608 aperte

250 617 398 668 ejurata
420 613 724 653 Chalcedonensi
754 611 937 663 SynodO,
979 622 1098 661 quam
1137 607 1250 660 paulo
1279 619 1365 647 aute

244 667 433 716 subdolo,
472 667 638 720 fictoque
666 667 795 704 animo
824 662 993 714 recipere
1023 675 1060 698 se
1088 660 1334 700 simulaverat
1354 687 1365 699 .

245 722 327 761 Nec
357 731 484 760 tamen
515 721 669 771 indigno
694 716 768 754 hoc
796 715 970 754 facinore
998 715 1162 753 Aeacius
1197 727 1367 753 commo-

243 784 304 814 tus
334 784 413 822 est,
440 787 513 811 nec
541 770 853 811 communionem
882 782 971 807 cum
1000 781 1045 805 eo
1074 767 1256 820 abrupit.
1298 766 1367 805 Pe-

244 837 304 867 tro
331 826 472 878 Moggo
508 824 582 863 »alii
620 830 880 863 successerunt
915 818 1177 868 patriarchae,
1220 820 1365 872 Synodi

242 879 564 921 Chalcedonensis
591 876 737 924 hostes,
762 875 801 912 δε
830 873 1073 928 Eutychiana
1102 873 1262 926 fuligine
1290 875 1365 912 tin-

241 936 323 980 cti3
352 934 399 970 de
427 933 569 984 quibus
598 930 708 969 modo
736 943 812 967 non
840 931 968 967 attinet
995 928 1147 965 dicere.

300 987 391 1039 529.
421 985 505 1024 Non
534 982 602 1022 soli
631 993 758 1022 autem
789 994 876 1019 mox
907 981 1106 1019 memorati
1139 978 1365 1018 Alexandri-

240 1041 282 1079 ni
302 1038 531 1078 Patriarcliae
547 1038 702 1090 Synodo
718 1034 1019 1073 Cltalcedonensi
1050 1033 1228 1085 refragati
1255 1041 1366 1081 sunt,

241 1095 308 1133 sed
336 1093 406 1131 alii
435 1106 507 1130 non
536 1091 684 1143 pauci3
713 1096 827 1141 atque
856 1086 1051 1139 imprimis
1080 1084 1266 1125 Monachi
1294 1082 1364 1123 Pa-

241 1147 404 1186 laestinae
434 1146 531 1184 duce
559 1141 801 1191 Theodosio,
830 1142 897 1193 qui
927 1138 1149 1193 Eutyelietis
1177 1139 1366 1179 amicissi-

243 1215 331 1240 mus
360 1208 466 1238 erat.
498 1198 547 1237 Hi
577 1197 813 1235 nefariorum
831 1192 1030 1233 hominum
1050 1205 1122 1230 non
1153 1206 1272 1245 parva
1287 1190 1365 1229 col-

243 1254 351 1292 tuvie
381 1253 507 1304 stipati
537 1248 763 1290 Juvenalem
785 1278 796 1297 ,
827 1245 995 1299 aliosque
1022 1245 1234 1299 Episcopos
1253 1276 1266 1295 ,
1295 1244 1364 1297 qui

242 1306 397 1360 Synodo
422 1303 718 1343 Clialcedonensi
749 1301 1022 1348 interfuerant,
1057 1314 1079 1337 a
1107 1300 1185 1337 suis
1213 1297 1363 1339 sedibus

244 1360 428 1400 violenter
445 1359 711 1402 detruserunt,
732 1354 766 1391 8<
786 1353 1043 1391 Theodosium
1062 1383 1072 1400 ,
1093 1351 1264 1405 aliosque
1284 1351 1364 1389 Eu-

240 1413 407 1465 tychetis
427 1411 597 1449 sectarios
625 1410 666 1447 in
688 1409 738 1446 iis
756 1405 1018 1446 collocarunt.
1049 1405 1212 1444 Eosdem
1234 1414 1364 1443 tamen

242 1464 454 1505 Monaclios
483 1463 678 1515 imperitia
708 1473 882 1514 peccasse
903 1490 914 1509 ,
964 1458 997 1496 ἃ
1027 1460 1072 1497 de
1102 1457 1216 1497 rebus
1243 1457 1362 1497 Chal-

241 1520 383 1558 cedone
410 1519 522 1571 gestis
551 1531 572 1554 a
600 1514 833 1569 quibusdam
864 1514 1026 1551 falsariis
1056 1512 1227 1564 deceptos
1244 1542 1269 1562 ‚³
1295 1524 1361 1551 ve-

241 1572 406 1611 risimile
436 1580 514 1611 est.
545 1567 809 1618 Quamobrem
837 1576 915 1605 tam
938 1565 1162 1607 Marcianus
1190 1565 1361 1617 Impera-

240 1635 325 1675 tor,
364 1624 523 1676 ejusque
553 1623 721 1675 Augusta
747 1634 845 1659 uxor
871 1618 1103 1666 nucheria,
1133 1631 1251 1669 quam
1279 1620 1363 1670 ipse

241 1692 415 1717 summus
441 1676 616 1716 Pontifex
643 1673 750 1721 Leo,
793 1674 930 1712 litteris
960 1672 1249 1711 mansuetudine
1279 1671 1362 1723 ple-

242 1733 304 1770 nis
332 1733 434 1784 ipsos
461 1730 508 1768 de
537 1729 591 1765 rei
622 1729 778 1765 veritate
818 1727 1002 1766 instruere
1032 1733 1273 1777 satagerunt3
1312 1724 1363 1762 ita

239 1791 398 1831 tamen,
424 1791 468 1819 ut
496 1782 538 1819 in
567 1787 837 1827 contumaces,
865 1779 900 1815 8<
928 1778 1123 1817 seditionis
1153 1779 1361 1829 antesigna-

242 1851 311 1876 nos
338 1835 495 1887 justitiae
526 1835 625 1885 rigor
665 1843 743 1870 non
773 1832 1069 1882 infringeretur.
1111 1829 1224 1868 Unde
1253 1829 1362 1868 Mar—

241 1890 377 1928 cianus
418 1886 612 1926 Dorotheo
653 1884 866 1923 Palaestiuae
909 1883 1095 1921 Praefecto
1140 1882 1277 1933 iussit,
1321 1892 1362 1921 ut

242 1941 504 1981 'Theodosium
533 1940 573 1976 in
617 1936 773 1977 vincula
808 1936 1046 1988 conjiceret,
1090 1945 1230 1974 ceteros
1272 1949 1363 1973 vero

243 1995 367 2034 modis
408 1991 586 2032 omnibus
627 1998 846 2028 coerceret.
889 1989 939 2027 Et
975 1990 1014 2027 S.
1043 1989 1122 2028 Leo
1163 1991 1202 2027 in
1250 1990 1361 2041 epist.

242 2047 420 2087 CXVIII.
451 2046 497 2083 ad
514 2044 712 2084 Jutianum
727 2043 911 2081 coensem
942 2041 995 2079 ita
1025 2042 1198 2093 scripsit:
1227 2041 1268 2078 Si
1296 2045 1362 2092 qui

246 2111 386 2139 autem
416 2112 492 2138 sua
532 2095 790 2134 obduratione
831 2098 1002 2142 coecati,
1046 2096 1103 2130 ita
1134 2097 1174 2130 in
1211 2094 1363 2143 reprobi

245 2167 388 2194 sensus
415 2154 642 2191 amentiam
673 2152 942 2195 transierunt,
973 2155 1013 2184 ut
1033 2146 1176 2183 malint
1192 2144 1362 2197 furere,

244 2221 366 2259 quam
398 2208 568 2252 sanari,
611 2200 667 2242 act
695 2200 954 2252 Imperialem
981 2203 1148 2251 pertinet
1190 2208 1364 2250 potesta-

243 2270 325 2300 tem
342 2291 353 2308 ,
382 2268 422 2297 ut
443 2256 730 2312 perturbatores
746 2256 1029 2293 ecclesiasticae
1056 2257 1191 2303 pacis,
1214 2252 1268 2293 v(²9⁶
1282 2255 1364 2291 trei-

244 2313 431 2368 publicae,
460 2325 549 2363 quae
581 2309 814 2349 Christianis
845 2305 1089 2357 Principibus
1117 2309 1262 2344 merito
1282 2306 1365 2357 glo-

247 2371 377 2406 riatur
398 2396 408 2415 ,
439 2368 589 2404 z'nimici
604 2364 806 2402 sollicitius
834 2365 1174 2412 comprimantur.
1203 2359 1365 2397 Istorum

246 2420 459 2460 errantium
489 2416 747 2458 reconciliatio
775 2428 865 2453 cum
885 2413 1058 2452 Ecclesia
1082 2411 1275 2450 catholica
1295 2411 1367 2451 sub

250 2474 293 2513 S.
323 2473 515 2526 Martyrio
543 2480 670 2509 secuta
700 2477 750 2506 est
773 2498 782 2515 ,
815 2479 1028 2519 magnaque
1057 2465 1289 2505 solemnitate
1305 2479 1365 2503 ce-

245 2526 394 2565 lebrata
415 2555 426 2573 ,
475 2524 624 2563 dnobus
665 2522 831 2574 exceptis
863 2520 1184 2560 Archimandritis
1213 2520 1366 2558 Gerun-

245 2581 299 2619 tio
320 2608 330 2628 ,
361 2579 395 2616 ἃ
426 2576 621 2626 Romano,
663 2577 730 2629 qui
760 2582 913 2626 propter
954 2570 1252 2625 insuperabilem
1282 2586 1366 2624 per-

246 2633 429 2672 tinaciam
461 2647 482 2670 a
511 2632 588 2670 suis
617 2628 859 2668 Monasteriis
889 2626 1027 2680 ejecti,
1056 2627 1090 2664 &
1120 2627 1272 2679 profugi
1294 2628 1366 2665 mi·

247 2701 328 2725 aere
356 2686 549 2738 perierunt
579 2683 666 2734 (a).
1081 2714 1084 2721 ,

304 2739 396 2778 330.
424 2739 562 2777 Contra
603 2735 802 2789 Synodum
840 2731 1055 2774 Chalcedon
1081 2745 1210 2782 mein,
1254 2741 1368 2785 atque

253 2791 509 2841 epistolatus.
530 2791 667 2830 Leonis
696 2789 898 2827 insurrexit
932 2789 994 2825 eti.
1027 2831 1033 2836 ἱ,
1081 2786 1284 2826 Basiliscus
1307 2796 1366 2839 ty-

252 2856 420 2893 rannus,
462 2845 529 2897 qui
560 2843 715 2882 Zenone
751 2841 796 2880 ‘in
826 2842 1011 2879 Isauriam
1060 2841 1225 2892 fugiente
1267 2852 1368 2877 anno

254 2895 347 2946 (476.
377 2900 582 2949 imperium
613 2903 874 2947 arrogaverat.
906 2894 1086 2932 Ins-tinctu
1108 2895 1212 2932 euim
1233 2893 1366 2931 Timo·

254 2946 331 2986 thei
360 2949 477 2991 IEluri
520 2952 643 2990 missis
670 2950 720 2989 ad
745 2948 956 3002 Episcopos
984 2945 1194 3000 encyclicis
1233 2946 1367 2987 litteris

302 3141 352 3176 (a)
376 3136 500 3170 Mitius
526 3149 605 3173 cum
628 3140 704 3173 istis
718 3137 902 3174 Monachis
922 3146 1039 3173 actum
1067 3138 1157 3180 suit,
1183 3141 1266 3184 qnia
1284 3149 1367 3175 con-

259 3183 374 3216 stabat
401 3195 457 3215 eos
477 3195 499 3234 ¹³.
527 3184 720 3219 Theodosio
754 3187 849 3220 falsis
876 3186 1023 3220 Concilii
1051 3188 1164 3226 actis,
1201 3189 1232 3220 8<
1257 3198 1366 3232 prava

257 3229 375 3281 Sancti
394 3230 516 3262 Leonis
535 3229 686 3272 epistol-'e
707 3233 863 3266 versione
882 3231 1042 3277 deceptos
1056 3254 1067 3273 ,
1094 3231 1281 3267 credidisse
1294 3233 1366 3267 Ne-

255 3281 450 3307 storianam
477 3275 692 3319 impietatem
717 3289 789 3311 esse
808 3277 922 3311 denno
947 3279 1175 3319 suscitatam,
1202 3282 1235 3311 &
1259 3279 1366 3313 simul

257 3330 340 3354 cum
363 3319 497 3355 duabus
521 3321 658 3356 naturis
683 3319 768 3356 duas
792 3333 957 3366 personas
982 3326 1020 3359 in
1044 3325 1128 3360 Jesu
1150 3324 1293 3360 Christo
1309 3335 1364 3362 re·

802 106 884 152 DE
917 102 1166 150 INCARN.
1201 102 1370 147 SECT.
1392 103 1449 147 11.
1478 103 1622 147 DISS.
1645 105 1722 149 111.
1753 105 1882 151 CAP.
1904 106 1959 150 11.

1430 181 1565 232 jussit,
1603 185 1735 220 omnia
1762 185 1867 222 illius
1896 186 2037 234 Synodi
2067 183 2303 226 exemplaria
2331 183 2506 236 conquiri
2527 215 2538 231 ,

1432 235 1464 270 ὅ(
1496 234 1662 272 flammis
1691 238 1865 273 comburi
1883 266 1892 283 ,
1922 240 1955 272 ά
1987 238 2099 289 hujus
2127 229 2273 290 Syma}
2306 237 2388 275 loco
2416 237 2540 286 recipi

1431 286 1793 340 pseudo-Synodum
1822 288 2082 340 Ephesinain.
2124 290 2199 328 Vix
2228 294 2254 327 si
2277 307 2307 328 ,e
2343 299 2540 329 stouiacuo

1431 340 1504 392 legi
1538 348 1655 392 potest
1685 340 1820 379 haruin
1849 341 2064 379 litterarum
2084 345 2277 394 exempl-..r
2306 349 2407 397 apud
2441 343 2541 381 Eva-

1429 396 1557 446 griuin
1588 394 1675 432 Lib.
1706 394 1772 432 III.
1803 392 1910 432 Hesi,
1939 392 2039 432 Eoo,
2069 409 2154 447 cap.
2174 398 2211 441 4.
2241 398 2325 436 Non
2355 400 2465 449 pauci
2491 395 2542 433 E-

1431 448 1577 498 piscopi
1620 448 1751 498 impiis
1780 447 1951 484 Basilisci
1990 448 2174 486 mandatis
2203 450 2508 502 obtemperarunt
2528 473 2539 486 .

1430 499 1571 538 Reuuit
1607 509 1733 538 tamen
1764 501 1924 538 Aeacius
1954 499 2174 538 Patriarclia
2201 501 2542 554 Constantinopoli-

1430 563 1566 601 tanus,
1598 567 1672 592 uua
1704 567 1793 591 cum
1825 553 1928 591 illius
1958 552 2063 590 urbis
2093 550 2319 598 Monacbis3
2362 558 2479 593 immo
2507 553 2542 590 δε

1432 607 1542 658 plebs
1583 606 1809 645 tumultuari
1838 609 1984 659 coepit,
2028 606 2122 642 adeo
2150 616 2190 643 ut
2220 605 2418 645 Basiliscus
2455 621 2543 647 con-

1432 659 1564 697 sultius
1593 660 1768 708 duxerit,
1798 661 1929 710 fugam
1961 661 2156 711 arripere.
2193 658 2242 696 Et
2270 672 2360 697 cum
2392 674 2435 696 ex
2464 660 2542 699 alia

1434 722 1540 763 parte
1570 714 1732 751 reditum
1749 710 1912 752 Zenonis
1941 727 2030 751 cum
2060 713 2150 751 forti
2170 713 2337 750 exercitu
2368 713 2546 763 pertime-

1432 774 1577 812 sceret,
1615 765 1782 815 Iitteras‚
1811 781 1904 819 quas
1935 767 2082 804 vocavit
2110 766 2403 818 anricyciicaS,
2450 767 2545 802 emi-

1432 817 1506 865 sit,
1535 818 1675 869 quibus
1705 822 1870 873 priorem
1892 831 2022 858 contra
2041 819 2241 871 Synodum
2262 817 2548 857 Chalcedonen-

1432 883 1512 907 sem
1542 873 1775 911 sanctionem
1792 874 1941 913 rescidit
1957 899 1968 911 .
1998 874 2159 911 istarum
2179 884 2330 925 quoque
2350 870 2549 923 exemplar

1432 921 1586 960 exhibet
1615 923 1785 965 laudatus
1813 938 1928 980 supra
1957 926 2145 977 Evagrius
2173 940 2206 964 c.
2237 925 2277 964 8.

1485 976 1577 1014 531.
1608 977 1854 1030 Inter-hostes
1881 977 2382 1019 ConciliiClialcedonensis
2411 991 2544 1017 nnme-

1432 1037 1538 1067 ratur
1572 1030 1688 1067 etiarn
1718 1030 1820 1069 Zeno
1849 1032 2057 1084 Imperator
2077 1062 2088 1080 ‚
2132 1045 2207 1070 non
2249 1033 2406 1084 quidem
2434 1029 2547 1084 quasi.

1433 1080 1720 1134 Eutycliianain
1748 1083 1926 1121 haeresim
1956 1085 2154 1136 amplexus
2182 1085 2396 1123 doctrinam
2412 1085 2452 1123 in
2473 1084 2547 1122 hoe

1432 1136 1675 1174 Sacrosancto
1702 1135 1876 1174 Concilio
1904 1136 2099 1176 definitam
2127 1138 2336 1189 respuerit,
2365 1138 2429 1176 sed
2459 1149 2546 1188 pro-

1434 1198 1515 1240 pter
1544 1188 1695 1228 celebre
1724 1190 1844 1242 ipsius
1859 1188 2087 1227 Herzoticon
2103 1218 2114 1237 ,
2143 1190 2181 1227 in
2199 1201 2276 1240 quo
2293 1192 2418 1230 omnis
2437 1202 2547 1242 pror-

1431 1256 1492 1280 sus
1521 1245 1663 1281 mentio
1706 1242 1822 1295 hujus
1850 1241 1978 1282 Sancti
2006 1241 2171 1282 concilii
2211 1241 2372 1280 studiose
2410 1243 2549 1281 omissa

1431 1295 1584 1335 fuerat.
1615 1295 1764 1348 Nempe
1794 1310 1882 1335 cum
1905 1295 2028 1347 Zeno,
2057 1295 2169 1349 pulso
2188 1293 2395 1344 Basilisco,
2424 1294 2547 1345 imp&

1432 1350 1535 1388 rium
1565 1363 1663 1388 anno
1692 1351 1786 1401 477.
1815 1359 2100 1402 recuperasset,
2143 1347 2178 1385 ὅς
2207 1345 2330 1386 multa
2371 1348 2549 1398 pietatis,

1431 1416 1475 1441 ac
1504 1405 1660 1442 sincerae
1692 1403 1782 1442 fidei
1811 1405 1919 1456 signa
1948 1403 2200 1450 exhibuisset,
2229 1401 2280 1440 ab
2311 1399 2451 1439 Acacio
2480 1399 2549 1437 Pa.

1430 1455 1596 1495 triarcha
1616 1457 2031 1508 Constantinopolitano
2051 1458 2222 1509 primurn
2244 1453 2374 1493 induci
2403 1466 2440 1491 se
2461 1465 2548 1506 pas-=

1428 1523 1490 1547 sus
1526 1519 1606 1560 est,
1650 1519 1691 1548 ut
1718 1508 1777 1549 Jo.
1808 1508 1947 1562 Talaja
1975 1510 2025 1549 ab
2055 1507 2314 1550 Alexandrina
2354 1507 2440 1545 sede
2469 1504 2546 1557 eje-

1428 1571 1514 1610 cto,
1558 1558 1598 1602 in
1628 1563 1801 1602 eamdem
1831 1563 1984 1602 Petrum
2016 1563 2198 1615 Moggum
2235 1559 2315 1612 jam
2344 1564 2452 1598 autea
2481 1560 2546 1597 da-

1429 1625 1604 1654 mnatum
1631 1620 1867 1665 restitueret,
1914 1626 1955 1656 ut
1982 1630 2096 1670 supra
2125 1617 2271 1654 dictum
2299 1622 2352 1653 est
2379 1627 2420 1651 n.
2451 1611 2543 1652 528.

1429 1669 1566 1706 deinde
1594 1670 1641 1709 ad
1676 1684 1811 1724 pacem
1840 1673 1881 1710 in
1911 1670 2092 1709 Ecclesiis
2131 1667 2461 1718 redintegrandam
2490 1665 2547 1702 fa-

1432 1736 1580 1760 mosum
1610 1723 1707 1761 illud
1738 1726 1861 1762 ederet
1883 1724 2088 1763 Decretum
2121 1723 2310 1760 unitivum
2329 1749 2340 1768 ,
2369 1733 2434 1757 seu
2465 1717 2549 1756 He⁴

1428 1778 1591 1813 ·noticon
1621 1787 1881 1828 nuncupatum
1899 1806 1909 1824 ,
1953 1778 2055 1828 quod
2083 1778 2275 1826 integrum
2314 1772 2467 1811 exbibet
2495 1771 2549 1810 E*

1431 1830 1583 1880 vagrius
1615 1830 1701 1868 Lib.
1732 1829 1799 1869 ΙΙΙ.
1828 1844 1914 1883 cap.
1949 1829 2037 1878 14„
2076 1829 2109 1865 &c
2141 1841 2185 1867 ex
2215 1840 2257 1864 eo
2285 1821 2470 1865 Batonius
2500 1823 2548 1862 ad

1431 1896 1520 1919 ann.
1552 1882 1643 1927 482.
1673 1898 1712 1921 n.
1743 1883 1808 1922 26.
1839 1883 1880 1921 ln
1912 1895 1955 1920 eo
1975 1893 2103 1921 autem
2123 1882 2334 1933 Imperator
2363 1878 2482 1918 solam
2501 1877 2549 1916 fi-

1430 1935 1518 1972 dem
1548 1937 1716 1974 nominat
1746 1951 1768 1974 a
1798 1936 1890 1975 518.
1920 1936 2096 1974 Patribus
2124 1935 2269 1975 Nicaeae
2313 1934 2547 1985 expositam,

1432 1987 1465 2024 ἃ
1496 2002 1517 2025 a
1546 1988 1631 2025 150.
1660 1988 1983 2041 Constantinopoli
2012 1989 2276 2028 confirmatam
2295 2015 2305 2034 ‚
2333 1996 2408 2024 neo
2436 1982 2548 2023 aliud

1430 2039 1666 2092 Symbolum
1684 2072 1694 2089 ‚
1725 2043 1780 2079 rei
1797 2041 2025 2079 doctrinam
2045 2071 2056 2089 ,
2085 2043 2144 2081 vel
2159 2039 2401 2079 decisionem
2417 2037 2544 2092 fidei,

1431 2095 1487 2130 vel
1503 2092 1639 2146 fidem
1666 2097 1706 2133 in
1737 2094 1918 2133 Ecclesiis
1948 2094 2079 2132 haberi
2119 2093 2230 2139 vult3
2263 2093 2465 2130 declarans
2493 2091 2548 2128 ei⁸⁸

1430 2146 1516 2182 dem
1547 2145 1719 2184 Nicaenae
1751 2148 1862 2186 Fidei
1890 2161 2054 2187 assensus
2083 2147 2198 2185 fuisse
2226 2144 2352 2182 Patres
2380 2146 2419 2182 iu
2447 2144 2546 2182 Cou-

1430 2197 1523 2234 cilio
1551 2198 1744 2248 Epliesino
1780 2210 2042 2250 congregat053
2085 2209 2166 2238 tum
2193 2198 2393 2246 Nestorio,
2434 2204 2548 2249 atque

1434 2249 1668 2302 Eutychen,
1710 2265 1750 2288 se
1789 2250 1993 2290 anatliema
2035 2252 2279 2295 denuritiar03
2319 2258 2481 2300 uterque
2508 2262 2552 2286 e·

1434 2308 1520 2341 nim
1537 2302 1642 2357 fidei
1671 2302 1840 2343 decretis
1868 2302 2038 2343 Nicaenis
2056 2333 2067 2354 ,
2105 2303 2139 2341 ἃ
2166 2300 2551 2354 Constantinopolita-

1436 2359 1494 2396 nis
1524 2365 1746 2411 repugnat;
1782 2373 1828 2398 ac
1855 2359 2013 2398 demum
2041 2355 2253 2410 approbare
2281 2369 2319 2395 se
2348 2354 2551 2395 duodecim

1435 2410 1604 2463 capitula
1622 2411 1663 2451 S.
1683 2411 1824 2465 cyrilli
1841 2438 1853 2452 .
1881 2410 2012 2451 Postea
2039 2424 2130 2451 vero
2145 2413 2197 2450 ita
2212 2406 2429 2449 concludit:
2460 2407 2550 2446 Cui-

1433 2478 1507 2516 que
1535 2473 1701 2511 autem,
1730 2469 1796 2518 qui
1824 2465 1935 2505 aliud
1961 2465 2153 2516 quiddam
2182 2464 2240 2504 vel
2267 2466 2435 2502 Senserit
2453 2492 2464 2512 ‚
2492 2462 2551 2500 vel

1433 2522 1582 2556 sentiat
1602 2549 1614 2566 ‚
1654 2531 1724 2558 seu
1755 2519 1878 2573 jam,
1920 2532 1991 2558 seu
2019 2519 2153 2568 alias,
2195 2530 2265 2557 seu
2305 2520 2346 2554 in
2379 2515 2553 2554 Concilio

1436 2570 1752 2611 Chalcedonensz·
1771 2603 1781 2620 ‚
1825 2586 1894 2612 seu
1922 2577 1964 2611 in
1992 2574 2073 2612 alio
2115 2575 2247 2625 quovis
2279 2569 2476 2618 Concilio,
2503 2579 2552 2606 a·

1427 2625 1628 2664 ‘mathema
1656 2626 1893 2665 indicimus.
1936 2626 2018 2666 Hoc
2047 2635 2102 2665 est
2130 2627 2320 2666 famosum
2349 2623 2446 2662 illud
2475 2622 2551 2660 He·

1428 2681 1610 2728 noticon,
1654 2678 1796 2718 Aeacio
1822 2680 2026 2730 suadente,
2068 2678 2130 2720 vel
2159 2680 2312 2719 fortasse
2348 2678 2461 2715 etiarn
2490 2674 2549 2712 di·

1434 2742 1557 2771 ctante
1576 2760 1587 2780 ,
1614 2734 1897 2784 compositum3
1934 2735 1976 2772 in
2004 2747 2081 2787 quo
2110 2734 2167 2771 sin
2195 2734 2319 2771 minus
2346 2741 2549 2782 expresse,

1435 2786 1567 2824 saltem
1613 2785 1726 2823 tacite
1754 2785 1970 2825 Concilium
1999 2785 2303 2825 chalcedonense
2343 2795 2418 2820 una
2457 2790 2550 2820 cum

1435 2837 1648 2891 dogmatica
1684 2837 1842 2889 epistola
1870 2840 1912 2878 S.
1943 2841 2079 2878 Leonis
2106 2838 2153 2876 ad
2184 2836 2417 2875 Flavianum
2459 2846 2549 2887 pro-

1434 2893 1640 2931 scribitur.
1668 2891 1858 2939 Quamvis
1886 2902 2015 2931 autem
2035 2903 2127 2929 sana
2145 2889 2319 2929 doctrina
2346 2889 2386 2926 in
2415 2888 2467 2926 eis
2481 2888 2547 2927 de-

1426 2946 1540 2985 finita
1567 2945 1751 2984 Heuotico
1786 2960 1858 2985 non
1902 2944 2227 2998 proscriberetur,
2270 2943 2394 2982 eidem
2420 2951 2550 2981 tamen

2429 2993 2494 3035 ad-

1428 3138 1513 3184 poni
1532 3160 1541 3170 .
1567 3136 1777 3182 imperatrix
1803 3136 1909 3171 etiam
1925 3134 2109 3180 Eudoxia,
2135 3138 2323 3174 Theodosii
2349 3138 2544 3181 Imperato-

1435 3188 1482 3218 ris
1509 3182 1681 3229 quondam
1708 3196 1817 3224 uxor,
1844 3197 1920 3229 qum
1948 3193 2031 3219 tunc
2057 3187 2093 3218 in
2112 3185 2296 3219 Palaestina
2316 3183 2543 3222 morabatur,

1430 3230 1587 3265 creditur
1612 3233 1685 3263 non'
1705 3229 1878 3264 modicam
1904 3231 1938 3263 in
1962 3231 2016 3265 his
2043 3233 2156 3266 turbis
2194 3240 2330 3278 partem
2357 3227 2542 3267 habuisse,

1431 3287 1471 3313 ut
1495 3276 1613 3312 dilecti
1639 3288 1658 3311 a
1684 3287 1718 3311 se
1744 3277 1904 3313 Dioscori
1930 3279 2222 3324 proscriptionem
2247 3277 2497 3312 ulcisceretur.
