2583 3685
739 166 819 211 DE
854 163 1238 211 TESTIMONIO
1273 161 1521 206 JOSEPHI
1557 159 1764 205 FLAVII
1787 188 1798 200 .
2307 164 2362 216 59

120 256 238 296 fuisse
264 265 335 293 non
353 248 563 289 diffitemur
580 272 592 286 .
622 246 794 286 Fortasse
824 248 944 286 noluit
966 248 1035 287 hoc
1064 248 1230 286 testimo-

121 312 187 349 nio
214 308 264 346 uti
292 312 421 343 contra
450 300 635 349 Celsum,
683 315 728 339 ne
759 301 944 340 inutiliter
985 302 1031 339 de
1059 301 1231 352 ejusdem

121 363 276 403 veritate
296 357 511 409 disputandi
527 354 638 393 Celso
653 356 868 393 adversario
882 356 1116 393 occasionem
1136 366 1233 406 prte-

120 417 250 456 heret.
294 411 467 449 Fortasse
495 409 650 446 demum
683 407 779 446 illud
808 408 858 447 ab
886 410 1063 461 Origenis
1093 419 1234 446 memo-

123 468 181 507 ria
209 464 376 512 excidit,
404 463 496 500 dum
527 462 735 500 scriberet.

174 517 266 559 256.
298 518 383 555 lust.
414 516 559 554 lbidem
589 516 770 567 Origenes
816 523 942 567 aperte
969 515 1089 562 dicit,
1136 513 1236 551 Jose-

120 571 244 627 phum
265 584 346 609 non
360 573 568 622 agnovisse
584 568 719 606 Iesum
742 582 810 620 pro
828 566 1007 606 Christo:
1037 579 1236 618 nunqnam

119 638 210 665 ervo
253 626 292 663 in
322 623 476 675 Josephi
508 622 813 671 Antiquitatibus
841 635 883 658 ea
914 621 1030 660 verba
1068 620 1237 669 legerat:

125 679 301 718 cristus
331 675 390 714 liic
418 684 536 714 erat:
582 689 652 714 uec
680 676 757 714 alia
777 703 788 722 ‚
817 684 905 727 quae
934 687 1066 714 veram
1095 672 1235 711 Christi

117 733 360 771 divinitatem
390 729 558 768 indicare
587 729 786 766 videntur.

178 785 270 836 257.
302 782 442 835 Resp.‚
489 781 698 834 Josephum
738 779 896 832 quidem
938 792 1010 818 non
1039 780 1236 831 agnovisse

124 839 257 878 Jesum
287 845 327 875 ut
355 848 488 875 verum
519 834 700 874 Messiam
719 864 729 881 ‚
757 832 792 870 8(
820 832 1012 871 Christum
1031 860 1042 881 ,
1073 834 1236 884 potuisse

120 900 250 932 tamen
279 901 367 929 eum
396 887 592 942 appellare
610 886 832 934 Christum,
861 889 953 939 quia
983 888 1236 925 communiter

122 945 196 984 hoc
225 944 376 983 nomine
415 940 705 993 appellabatur:
752 941 850 979 unde
887 942 999 978 etiam
1034 941 1120 979 Lib.
1143 938 1236 978 XX.

123 1012 210 1051 cap.
230 997 270 1036 6.
298 994 484 1035 Jacobum
522 994 616 1031 dixit
646 993 760 1032 fuisse
789 993 978 1046 fratrem
1007 993 1125 1041 Iesu,
1172 997 1238 1044 qui

120 1051 262 1090 (licitur
292 1047 492 1086 Christus.
547 1046 812 1085 Communiter
839 1057 964 1086 autem
983 1077 993 1095 ‚
1043 1049 1157 1085 etiam
1187 1046 1237 1086 ab

123 1103 292 1144 hostibus
319 1102 396 1139 suis
426 1100 541 1138 fuisse
569 1099 698 1138 Jesum
735 1099 971 1152 appellatum
1005 1100 1203 1138 Christum
1225 1129 1236 1149 ,

125 1157 248 1209 liquet
270 1167 320 1192 ex
350 1151 489 1192 Matth.
511 1151 679 1192 XXVII.
711 1168 802 1204 270,
833 1153 899 1192 nbi
920 1153 1062 1192 Pilatus
1091 1156 1141 1192 ita
1170 1154 1237 1192 Ju-

119 1211 223 1249 daeos
254 1207 518 1259 interrogavit:
568 1206 698 1256 Quem
726 1207 836 1244 vultis
865 1206 1069 1246 dimittam
1098 1207 1201 1246 vobis
1223 1221 1236 1244 .-

123 1260 380 1307 Barabbam‚
408 1272 466 1297 an
481 1258 640 1307 Iesum,
660 1259 876 1310 quidicitur
894 1260 1068 1299 Christus
1084 1259 1109 1298 Ρ
1138 1261 1236 1300 Hinc

119 1318 237 1356 etiam
265 1314 307 1354 S.
338 1313 598 1364 Hieronymus
627 1314 750 1364 potius
784 1314 831 1352 ad
862 1324 1027 1353 mentem
1057 1314 1236 1367 Josephi,

122 1382 243 1422 quam
271 1368 319 1405 ad
350 1364 550 1404 litteralem
581 1368 790 1404 versionem
821 1369 1039 1415 attendens,
1089 1370 1140 1406 ita
1170 1364 1238 1406 illa

121 1422 243 1461 verba
271 1419 386 1458 latine
405 1418 550 1456 reddit:
580 1416 635 1455 Et
664 1419 900 1458 credebatur
929 1435 1014 1459 esse
1038 1421 1237 1466 Christus,-

121 1473 348 1514 credebatur
379 1471 524 1509 scilicet
552 1471 601 1510 ab
617 1471 699 1521 ejus
728 1474 957 1525 discipulis⁶
989 1475 1087 1512 Hinc
1118 1483 1238 1512 totum

122 1528 222 1568 illud
251 1525 418 1576 elogium
448 1524 601 1562 fortasse
628 1539 650 1562 a
668 1523 832 1577 Josepho
861 1527 1053 1579 prolatum
1075 1528 1146 1566 fuit
1177 1526 1237 1565 hi·

120 1581 257 1621 storica
285 1577 494 1616 narratione
508 1605 520 1625 ,
549 1589 624 1616 non
644 1586 720 1615 tam
742 1591 786 1616 ex
803 1593 867 1617 sua
885 1581 1088 1627 sententia,
1118 1594 1236 1631 quam

120 1646 168 1672 ex
197 1630 357 1685 publiea
384 1630 515 1677 fama,
556 1643 645 1682 quae
675 1632 846 1683 quotidie
884 1633 1002 1684 magis
1033 1632 1239 1670 invalesce-

121 1686 215 1736 bat,
245 1684 279 1721 ἆ
305 1683 563 1722 dilatabatur.
591 1684 781 1732 Quamvis
809 1699 876 1724 nec
904 1684 1142 1738 impossibile
1171 1685 1239 1733 sit,

153 1739 228 1777 uod
272 1738 436 1776 Isidorus
464 1733 680 1786 pelusiota,
727 1737 761 1774 8t
798 1738 866 1778 alii
904 1740 1084 1790 suspicati
1127 1746 1240 1785 sunt,

123 1755 332 1844 ‘llos-epham
352 1801 484 1829 rerum
502 1793 656 1828 veritati
677 1795 842 1830 cessisse
855 1822 865 1840 ,
896 1801 1014 1843 atque
1030 1795 1241 1842 impiorum

123 1847 369 1885 sententiam
412 1845 577 1881 minime
605 1854 808 1893 secutum,
856 1846 1049 1897 agnovisse
1087 1847 1124 1883 in
1153 1844 1242 1883 Jesu

123 1911 256 1937 omnes
283 1896 364 1936 veri
391 1894 544 1934 Messiae
572 1893 832 1947 characteres,
863 1912 961 1936 vana
990 1906 1115 1936 tamen
1131 1911 1243 1935 mun·

125 1951 167 1990 di
195 1950 343 2004 gloria,
371 1948 483 2000 cujus
511 1948 786 2001 inexplebilem
817 1951 1067 2004 cupiditatem
1099 1952 1137 1989 in
1166 1950 1243 1988 suis

123 2004 307 2057 operibus
331 2001 518 2051 ostendit,
547 2004 774 2054 impeditum
791 2003 872 2056 ejus
894 2003 1070 2055 religioni
1100 2016 1241 2042 nomen

124 2058 218 2096 dare
244 2066 453 2096 recusasse:
497 2055 609 2107 cujus
637 2058 816 2096 caecitatis
858 2056 936 2096 alia
965 2054 1142 2110 exempla
1169 2069 1243 2096 non

125 2110 260 2149 desunt
288 2109 376 2162 (a).

183 2162 275 2203 238.
303 2162 483 2215 Superest
510 2158 692 2212 Photius‚
739 2177 856 2216 quem
887 2171 988 2203 certe
1018 2164 1164 2202 mirum
1194 2172 1246 2201 est

125 2218 166 2255 in
194 2218 273 2255 suis
318 2217 504 2268 excerptis
540 2229 584 2254 ex
614 2216 779 2270 Josepho
809 2231 880 2256 non
922 2219 1085 2270 potuisse
1121 2216 1246 2254 celare

125 2271 245 2321 ipsius
287 2270 544 2308 testimonium
574 2271 622 2309 de
649 2270 739 2309 Jesu
767 2269 944 2308 Christo.
1001 2269 1074 2307 Sed
1119 2269 1246 2319 primo

124 2323 406 2361 observandum
435 2330 514 2370 est,
562 2323 601 2361 in
628 2332 789 2375 utroque
815 2320 900 2360 loco
928 2335 1006 2360 suae
1039 2320 1247 2359 Bibliothe-

128 2388 188 2414 cae
236 2388 325 2414 eum
355 2375 502 2412 nonnisi
546 2388 669 2425 pauca
697 2388 743 2412 ex
771 2374 936 2426 Josepho
972 2375 1212 2425 exscripsisse
1233 2403 1245 2423 ,

127 2441 251 2480 eaque
279 2440 354 2466 non
373 2428 593 2478 praecipua:
621 2428 787 2468 secundo
801 2429 968 2466 omisisse
989 2428 1151 2480 integros
1167 2428 1246 2480 pri·

175 2604 224 2640 (a)
254 2599 390 2633 Novam
415 2597 522 2643 hujus
547 2599 764 2634 difficultatis
789 2599 996 2635 solutionem
1031 2596 1244 2640 excogitavit

128 2645 252 2680 Petrus
280 2646 486 2679 Lambecins
512 2651 523 2684 (
548 2648 625 2680 Lat.
651 2647 745 2679 vui.
772 2647 996 2680 Conunentar.
1025 2646 1058 2678 in
1079 2643 1242 2678 Biblioth-

127 2694 326 2726 caesartmn
351 2702 428 2736 pag.
447 2690 505 2733 45.
525 2697 556 2727 δι
573 2704 644 2737 seq.
673 2692 824 2727 secunda
842 2692 926 2725 edit.
952 2704 1055 2736 opera
1073 2714 1083 2732 ,
1110 2695 1140 2724 8<
1170 2698 1244 2723 stn—

128 2738 188 2772 ‹lio
214 2738 336 2772 Franc.
363 2738 495 2771 Koliar.
521 2744 532 2777 )
558 2748 684 2784 putans
710 2751 743 2772 se
770 2753 877 2772 «reram
893 2760 903 2778 ‚
938 2739 1164 2782 hactenusque
1190 2741 1244 2770 in·

133 2788 302 2835 cognitum
314 2783 460 2828 lost-phi
474 2795 614 2820 mentem
627 2807 640 2827 ,
664 2795 761 2829 atque
776 2789 1000 2819 intentionem
1024 2785 1213 2830 explanare
1234 2804 1241 2814 .

130 2830 263 2882 {Nempe
286 2831 405 2864 omnia
429 2841 489 2875 per
525 2833 675 2866 ironiam
701 2845 719 2865 a
743 2831 893 2877 Josepho
918 2831 1011 2864 dicta
1037 2843 1109 2864 esse
1136 2830 1212 2862 vult
1233 2851 1244 2869 ‚

133 2883 320 2925 ttaUtatnen
347 2885 473 2918 caute,
516 2888 554 2912 nt
579 2880 695 2913 eadem
711 2879 845 2922 fidelia
871 2887 941 2911 tres
966 2882 1121 2920 parietes
1148 2878 1247 2911 deul·

136 2922 215 2955 bare
249 2924 426 2965 voluerit,
467 2927 568 2959 simul
604 2929 646 2959 (7³
671 2925 828 2966 Jndaeis,
871 2929 911 2958 (9‘
940 2925 1164 2963 Gentilibus,
1206 2927 1247 2955 (Γ

135 2966 349 3002 Christianis
376 2972 624 3015 subtilissime,
651 2975 993 3016 ingeniosissimeque
1022 2971 1248 3015 satisfaciens

136 3018 150 3051 (
176 3024 260 3058 quos
286 3026 402 3068 9m⁰f³⁵
427 3018 588 3062 stipites,
613 3022 645 3051 <Sc
671 3021 789 3052 caules
815 3019 921 3052 fuisse
948 3026 1110 3062 oportet,
1135 3025 1173 3049 ut
1193 3027 1249 3048 ar-

137 3071 261 3093 canam
287 3071 435 3114 uoniam
459 3075 525 3098 non
551 3064 846 3099 subodorarentnr
874 3071 909 3103 ).
952 3064 1071 3107 ltaque
1107 3061 1248 3108 quando

135 3105 306 3158 Josephns
330 3105 439 3149 (licit,
472 3109 652 3145 Christum
678 3113 783 3145 fuisse
811 3114 913 3146 virum
941 3116 1152 3155 sapientem,
1193 3120 1248 3141 ὃὸ·

136 3161 264 3204 Ριεηιιε
291 3163 412 3186 nomen
440 3154 474 3186 in
500 3158 629 3189 mulam
653 3167 787 3201 partem
814 3158 961 3196 accinit.
1012 3155 1160 3201 Quando
1188 3153 1249 3187 ad-

137 3197 210 3231 dit:
241 3197 283 3230 Si
311 3201 408 3232 modo
435 3203 537 3233 virum
561 3214 633 3235 eum
657 3206 828 3246 «appellare
845 3198 909 3248 fus
926 3212 1002 3244 est,
1027 3202 1250 3236 voinitJose-

134 3244 225 3290 plius
252 3256 330 3278 enm
358 3257 419 3280 nec
446 3245 619 3280 hominem
645 3248 749 3281 fuisse
769 3270 780 3288 ,
806 3263 869 3284 nec
895 3251 1028 3290 Deum,
1053 3247 1113 3282 sed
1137 3249 1248 3292 potius

137 3292 358 3336 phantasma,
385 3297 454 3325 sive
474 3301 638 3334 spectrum
654 3315 663 3324 .
688 3295 779 3328 Cum
793 3294 908 3330 subdit
922 3295 1094 3341 Josephns
1112 3317 1122 3335 ‚
1148 3293 1253 3327 Chri·

138 3347 231 3370 stum
258 3339 361 3371 fnisse
388 3339 572 3373 Πασίου-ειη
598 3340 761 3373 hominum
797 3354 868 3374 cum
894 3346 1061 3386 voluptate
1096 3354 1172 3375 vera
1200 3353 1255 3372 su·

139 3388 354 3428 scipieutium
370 3407 381 3425 ‚
406 3385 567 3420 eumdem
594 3386 760 3430 sugillat,
785 3395 946 3434 tamquam
972 3393 1170 3435 magistrum
1196 3390 1251 3430 pi·-

1301 256 1380 281 mos
1408 242 1694 294 qu.·uuor=h·‹·im
1728 240 1867 277 libros:
1916 239 2023 276 tertio
2053 250 2095 275 ex
2128 249 2189 275 sex
2221 239 2420 289 postremis

1299 309 1370 334 non
1398 294 1585 333 delibasse
1617 295 1693 334 sese
1722 292 1825 339 alia,
1855 306 1971 344 quam
2001 305 2089 344 qua:
2123 291 2342 342 spectabant
2372 291 2421 328 ad

1303 349 1560 386 Herodi-inam
1593 346 1809 393 familiam,
1848 346 1880 380 ἃ
1911 345 1958 382 a=l
1987 347 2123 382 serit-m
2156 343 2381 381 Pontificum
2405 375 2414 392 ,

1303 403 1370 453 qui
1401 402 1450 439 ab
1485 403 1631 439 Aarone
1661 399 1732 436 sibi
1764 407 2019 436 successerunt
2051 411 2167 448 nsque
2197 398 2243 433 ad
2273 408 2415 448 tempo-

1305 468 1347 494 ra
1378 454 1565 492 Herodis.
1626 452 1801 504 Denique
1833 451 2009 497 l’hmius,
2041 452 2102 487 etsi
2137 453 2194 488 vir
2223 451 2261 486 in
2320 452 2424 487 aucis

1303 509 1461 556 doctus,
1493 522 1562 545 non
1592 521 1634 544 ea
1664 515 1788 543 tamon
1822 506 1889 541 fuit
1919 504 2138 553 diligentia,
2182 511 2221 539 ut
2250 465 2348 539 nillil
2381 517 2419 539 e-

1305 562 1467 600 ruditius
1499 563 1536 599 in
1567 573 1633 597 sua
1667 557 1899 597 Bibliotheca
1936 556 2224 594 (ἰρςιιίυτειιιάυηι
2257 555 2420 606 relique-

1304 616 1382 654 rit.
1411 613 1546 662 Quid?
1574 613 1616 650 Si
1648 611 1679 646 ἃ
1713 614 1790 664 ipse
1821 613 1970 647 fortasse
2001 611 2037 646 iu
2069 609 2238 646 codicem
2268 608 2423 660 Josephi

1303 668 1527 707 Judaeormn
1559 666 1693 704 fraude
1725 664 1942 703 mutilatum
1973 660 2195 699 incidisset?
2253 661 2301 699 Et
2329 661 2424 713 quid

1303 723 1485 770 tandein,
1516 721 1544 759 si
1577 720 1729 757 Photius
1760 718 1855 755 hanc
1886 715 2103 768 periocham
2134 728 2222 752 cum
2254 716 2356 761 vita,
2387 715 2423 751 ἂ

1302 776 1534 828 professione
1562 772 1714 824 Josephi
1735 771 1933 808 conciliari
1963 782 2035 806 nou
2056 782 2159 819 posse
2190 767 2391 805 arbitratus
2411 798 2423 815 ‚

1305 843 1388 867 eam
1419 843 1496 867 esse
1538 829 1707 879 spuriam
1740 825 1948 875 judicavit,
1996 835 2039 859 ac
2071 820 2226 872 proinde
2262 819 2425 858 omisit?

1307 881 1415 920 Anne
1443 890 1641 934 propterea
1672 878 1792 916 l'hotii
1822 877 2063 921 auctoritati,
2105 885 2299 925 taiuquam
2332 876 2425 911 irre-

1306 935 1485 986 fragabili
1504 967 1514 983 ,
1547 944 1810 986 postponemus
1841 929 2049 968 Eusebium
2071 958 2080 975 ,
2112 927 2423 978 Hieronymum,

1306 986 1522 1037 isidorum,
1573 987 1760 1033 Suidain,
1811 983 1843 1020 ἃ
1874 992 1924 1021 tot
1953 982 2047 1020 alios
2089 979 2343 1027 doctissimos,
2390 979 2425 1015 ἃ

1306 1044 1616 1095 prudentissimos
1647 1037 1776 1078 viros?

1362 1097 1452 1148 259.
1486 1095 1626 1133 Dices.
1672 1093 1782 1131 Extat
1823 1090 2110 1138 Antiquitatum
2141 1084 2297 1123 Jualuic.
2325 1084 2426 1123 Jose-

1304 1149 1371 1202 phi
1403 1142 1510 1202 (ioasi
1542 1147 1779 1186 breviarium
1808 1144 2000 1195 quoddam
2044 1139 2226 1177 hebraica
2262 1138 2393 1189 lingua
2414 1167 2426 1186 ,

1303 1204 1403 1255 quod
1420 1201 1583 1252 Josepho
1598 1198 1799 1239 Corionidi
1817 1196 1997 1234 tribuitur
2014 1222 2025 1240 ,
2057 1195 2093 1229 in
2109 1205 2184 1242 quo
2199 1199 2325 1228 tamen
2341 1192 2427 1228 bre·

1303 1258 1428 1296 viario
1444 1270 1491 1295 ne
1509 1254 1583 1303 iota
1598 1253 1753 1307 quidem
1775 1257 1933 1302 apparet
1955 1245 2183 1285 controversi
2200 1245 2428 1282 testimonii·

1361 1309 1451 1356 240.
1485 1309 1594 1360 Resp.
1628 1305 1875 1350 Rabbinum,
1917 1301 1987 1353 qui
2019 1306 2057 1336 ut
2085 1297 2302 1334 crederetur
2330 1296 2429 1334 cele-

1304 1363 1384 1401 bris
1431 1363 1495 1401 ille
1525 1359 1735 1413 Josephus,
1784 1372 1822 1395 se
1851 1352 2072 1407 appellabat
2099 1348 2313 1401 Joseplzum
2355 1348 2430 1388 ben

1306 1415 1572 1454 ΜαΗῙιαῐῙιίαΞ
1593 1445 1602 1462 ,
1635 1409 1895 1452 Szc'erdotem
1925 1405 1998 1444 ben
2031 1403 2210 1450 Gorion,
2250 1403 2366 1440 fuisse
2397 1403 2428 1440 i-

1306 1480 1465 1522 neptum
1497 1464 1800 1519 nugivendulum
1820 1494 1830 1511 ‚
1859 1462 1927 1513 qni
1957 1456 2112 1509 Josephi
2142 1456 2260 1493 libros
2289 1468 2358 1506 pro
2381 1454 2428 1493 li-

1306 1524 1388 1562 bitu
1412 1522 1655 1574 interpolavit
1672 1549 1682 1565 ,
1714 1516 1932 1567 fabulisque
1949 1511 2117 1551 insarciit
2136 1535 2145 1546 .
2178 1507 2326 1546 Mirum
2343 1521 2429 1560 pro-

1306 1577 1394 1613 inde
1425 1589 1500 1614 esse
1529 1588 1604 1612 non
1632 1571 1771 1617 debet,
1801 1569 1903 1622 quod
1933 1568 2079 1616 insigne
2110 1562 2207 1600 illud
2226 1561 2367 1600 Christi
2389 1576 2427 1600 e-

1307 1628 1451 1679 logium
1483 1628 1675 1664 reticuerit
1705 1624 1790 1671 (ὁ).

1365 1680 1456 1726 241.
1485 1679 1579 1730 Obj.
1612 1692 1649 1716 2.
1679 1676 1795 1714 Plura
1822 1679 1906 1710 sunt
1935 1673 1973 1709 in
2003 1676 2239 1708 controverso
2267 1669 2433 1706 testimo-

1309 1735 1402 1781 nio,
1431 1745 1521 1786 quae
1551 1746 1573 1769 a
1592 1727 1760 1781 Josepho
1789 1725 1905 1766 scribi
1936 1735 2008 1760 non
2039 1728 2244 1772 potuerunt
2264 1745 2274 1755 .
2304 1719 2432 1757 Primo

1310 1788 1412 1825 enim
1443 1787 1528 1838 quis
1543 1784 1697 1829 credat,
1730 1780 1926 1818 hominem
1958 1773 2274 1812 ePharisaeorum
2304 1781 2432 1821 secta,

1310 1853 1398 1893 quae
1415 1835 1501 1877 Jesu
1516 1837 1666 1877 Christo
1695 1848 1776 1887 prae
1806 1832 1939 1870 ceteris
1971 1828 2130 1866 inimica
2159 1825 2261 1873 fuit,
2292 1825 2433 1864 voluis-

1311 1908 1349 1932 se
1379 1902 1455 1932 tam
1486 1891 1616 1930 nobile
1634 1888 1872 1942 praeconium
1895 1884 1963 1934 ipsi
1996 1891 2120 1918 texere
2138 1908 2148 1926 ,
2178 1891 2344 1930 eumque
2360 1893 2432 1918 nou

1310 1942 1506 1985 hominem
1525 1975 1535 1991 ,
1566 1945 1630 1983 sed
1659 1943 1787 1981 Deum
1818 1932 2048 1990 appellare?
2093 1933 2278 1970 Praeterea
2308 1934 2432 1971 mani-

1309 2001 1399 2039 feste
1427 1998 1655 2044 confitetur,
1705 1996 1820 2033 fuisse
1850 1994 1889 2030 in
1919 2002 1964 2027 eo
1994 1986 2266 2038 Prophetarum
2297 1987 2433 2024 vatici-

1310 2056 1374 2092 nia
1402 2052 1560 2104 impleta
1578 2082 1588 2100 ,
1631 2049 1733 2102 quod
1761 2046 1986 2086 Judaeorum
2015 2052 2129 2078 nemo
2159 2051 2328 2090 unquam
2358 2039 2431 2077 fas-

1310 2122 1372 2146 sus
1401 2116 1481 2145 est.
1513 2104 1643 2144 Tertio
1663 2102 1820 2147 asserit,
1849 2097 1977 2135 Jesum
2002 2092 2186 2144 plurimos
2216 2091 2262 2128 ad
2292 2105 2432 2143 seper-

1313 2161 1470 2199 traxisse
1499 2164 1575 2196 tam
1606 2169 1650 2193 ex
1666 2153 1838 2199 Judaeis,
1867 2161 1983 2202 quam
2015 2159 2059 2183 ex
2089 2145 2303 2192 Gentibus,
2333 2146 2436 2197 quod

1312 2211 1464 2264 Josephi
1498 2220 1608 2249 aetate
1625 2221 1759 2247 verum
1783 2219 1856 2243 non
1874 2211 1951 2240 erat
1969 2227 1979 2238 .
2009 2199 2156 2246 Quarto
2185 2202 2199 2248 (
2217 2197 2317 2250 quod
2335 2199 2435 2236 mul-

1312 2275 1349 2304 to
1377 2266 1531 2314 gravius
1561 2272 1613 2302 est
1643 2262 1658 2311 )
1689 2269 1764 2299 tota
1803 2257 1872 2297 illa
1903 2252 2082 2308 periocha
2112 2265 2178 2289 uec
2208 2264 2299 2289 cum
2329 2262 2434 2290 aute·-

1313 2318 1535 2358 cedentibus
1553 2347 1563 2365 ,
1593 2329 1661 2355 nec
1678 2327 1768 2352 cum
1784 2306 2103 2363 consequentibus
2118 2307 2317 2362 convenit,
2346 2318 2435 2357 quas

1313 2371 1518 2423 disjunctio
1561 2369 1804 2409 manifestum
1847 2371 1901 2402 est
1948 2359 2168 2400 intrusionis
2210 2359 2436 2408 mdicium.

1313 2427 1439 2466 Antea
1468 2425 1570 2463 enim
1612 2429 1834 2463 narraverat
1861 2418 1956 2456 duas
1998 2412 2134 2467 populi
2165 2410 2312 2451 Judaici
2331 2413 2437 2472 'sedi-

2311 2473 2382 2502 tio·

1314 2605 1480 2630 scutorum
1496 2617 1506 2635 ,
1530 2597 1803 2637 publicanorum,
1828 2589 2100 2623 inaltet-cularum
2115 2605 2124 2622 ,
2149 2585 2354 2634 alionum-7:1⁵!
2375 2596 2439 2617 ru-

1311 2646 1426 2684 dium,
1453 2646 1494 2675 <9⁶
1518 2644 1642 2675 lei-ium
1669 2640 1835 2671 hominum
1855 2660 1863 2668 .
1893 2636 2006 2677 Atque
2035 2631 2083 2663 ita
2113 2629 2320 2662 Lainbecms
2348 2641 2427 2673 pro-

1310 2690 1470 2734 sequitur
1486 2710 1496 2727 ,
1521 2688 1674 2729 ineptim
1692 2685 1789 2717 illam
1816 2681 2018 2725 allegoriam
2034 2688 2096 2709 suo
2110 2673 2210 2708 inodo
2228 2674 2429 2719 explicam,

1310 2744 1415 2780 atque
1443 2735 1568 2767 iterum
1595 2732 1661 2765 sibi
1687 2727 1894 2767 blanditur,
1920 2737 1955 2758 se
1981 2731 2099 2758 contra
2126 2734 2352 2763 cumn-vinem,
2378 2732 2432 2755 at-

1310 2795 1370 2827 que
1397 2786 1617 2814 inveteratum
1641 2781 1832 2822 opinionem
1857 2783 1974 2806 veram
2001 2768 2140 2812 josephi
2185 2776 2338 2802 mentem
2371 2780 2433 2801 ex-

1312 2829 1494 2874 planasse.
1521 2826 1634 2859 Nemo
1661 2833 1777 2858 tamen
1794 2843 1804 2861 ,
1829 2818 1921 2866 quod
1938 2819 2044 2850 sciam
2065 2837 2074 2854 ,
2099 2815 2268 2848 insulsam
2294 2826 2433 2848 senten-

1313 2875 1400 2908 tiarn
1425 2873 1602 2917 adoptavit
1629 2870 1733 2913 hujus
1760 2868 1923 2911 Augusta²
1953 2861 2176 2896 Bibliotheca!
2204 2863 2432 2895 Commenta-

1314 2921 1399 2954 toris
1416 2941 1426 2960 ,
1452 2930 1555 2964 quein
1586 2916 1738 2952 Adarnus
1766 2915 1887 2948 Franc.
1916 2909 2090 2944 Kolias-ins
2127 2919 2194 2942 non
2220 2909 2327 2941 semel
2353 2919 2430 2942 cor·

1316 2967 1433 3006 rexit,
1460 2978 1499 2999 ac
1525 2965 1652 2998 merito
1674 2960 1877 3005 castigavit.

1367 3014 1413 3052 (b)
1440 3013 1566 3053 Magna
1592 3010 1676 3043 oiim
1720 3008 1785 3040 fuit
1819 3006 1911 3038 inter
1938 3003 2171 3036 Protestantes
2208 2998 2364 3034 eruditos
2391 3000 2433 3034 de

1315 3059 1379 3092 hoc
1404 3048 1555 3102 Josep'ho
1580 3053 1768 3089 Corionide
1803 3049 2039 3085 controversia
2057 3069 2069 3090 ,
2110 3056 2147 3080 ut
2175 3045 2285 3079 videri
2324 3055 2437 3092 potest

1316 3103 1406 3148 apud
1433 3105 1486 3137 Jo.
1517 3104 1639 3136 Frauc.
1667 3097 1858 3134 Bmldwum
1887 3098 1918 3130 in
1937 3095 2125 3138 prolegom.
2153 3091 2195 3127 ad
2215 3093 2313 3126 Hist.
2334 3094 2433 3127 Eeef.

1315 3151 1358 3184 Γ.
1385 3149 1422 3183 Τ.
1452 3154 1483 3193 §.
1506 3150 1549 3183 Χ.
1567 3171 1576 3189 ,
1618 3152 1648 3182 &
1674 3145 1764 3191 apud
1790 3145 1842 3178 Jo.
1885 3142 1965 3177 Alb.
1994 3141 2193 3174 Fabricium
2220 3141 2298 3173 Vol.
2320 3142 2352 3174 8.
2381 3139 2442 3171 Βί-

1317 3198 1440 3232 blioth.
1466 3208 1575 3235 gra-cx
1603 3204 1679 3238 pag,
1702 3191 1782 3234 249.
1809 3203 1879 3235 seq.
1923 3189 2002 3232 Agit
2028 3186 2069 3220 (le
2095 3186 2160 3221 hoc
2187 3188 2355 3231 scriptore
2375 3188 2443 3219 Ju-

1320 3245 1387 3277 lius
1417 3238 1652 3276 Bartoloccin‘s
1680 3238 1846 3272 Bthlroeh.
1875 3236 2067 3269 Rubbinicae
2093 3233 2195 3268 Tom-
2215 3234 2274 3266 lll-
2314 3234 2438 3266 ὕοι-ἰο-

1322 3289 1410 3324 nidis
1449 3287 1638 3321 editionem
1664 3283 2000 3320 hebraico-latinam
2030 3277 2126 3317 dedit
2151 3281 2276 3315 Joann.
2305 3276 2434 3312 Frider.

1324 3335 1588 3379 Breithauptins
1613 3332 1738 3369 Gothae
1771 3344 1784 3366 ι
1794 3342 1876 3375 707.
