2583 3685
259 83 343 125 105

250 158 314 211 75.
345 153 608 195 'Tertullianus
637 152 675 190 in
707 152 794 191 Lib.
824 151 873 191 de
899 157 1121 204 praescript.
1152 151 1307 190 Haeret.

195 226 280 265 cap.
315 212 374 249 15.
405 211 445 247 in
476 206 621 258 Regula
649 205 741 244 fidei
775 205 869 245 dicit
911 205 1140 244 credendum
1171 218 1308 258 propo-

193 267 261 313 ni,
304 262 476 300 Verbum
519 259 696 298 delatum
740 272 792 296 ex
831 259 966 311 Spiritu
996 258 1073 297 Dei
1102 258 1235 297 Patris
1264 263 1305 296 in

193 322 330 358 virtute
359 319 400 353 in
422 311 627 366 Virginem
659 322 831 350 matrem
850 343 860 362 ,
890 326 1057 351 carnem
1075 311 1245 365 factum
1265 317 1307 350 in

189 381 299 409 utero
328 370 441 422 ejus,
483 369 532 408 <9⁶
562 380 614 404 ex
644 379 695 404 ea
722 375 865 404 natum
894 365 1122 415 hominem,
1165 368 1215 408 (θ’
1244 379 1303 405 es-

191 438 235 464 se
263 421 398 463 Jesum
424 420 641 460 Christum.
672 420 763 458 Item
795 420 842 459 de
871 433 996 458 carne
1019 419 1159 458 Christi
1187 435 1221 460 c.
1243 431 1304 471 17.

190 478 296 518 Ante
312 479 462 523 omnia,
484 475 628 526 inquit,
649 471 978 511 commendantia
992 477 1063 512 erit
1079 477 1194 522 ratio,
1215 485 1305 525 quae

194 529 380 582 prcefuic,
411 538 450 565 ut
480 526 558 566 Dei
588 526 707 566 Filius
736 525 784 565 de
817 525 980 579 Virgine
1009 536 1242 565 nasceretur
1263 552 1274 565 .

247 576 312 635 7‘6.
341 582 382 620 S.
415 579 640 620 Athanasius
669 582 709 619 in
740 580 944 620 Oratnv.
976 590 1105 618 contra
1142 580 1302 619 Arianos

191 651 308 677 sacrae
338 636 548 686 Scriptura?
578 645 737 685 scopum
778 648 856 671 esse
884 633 1004 679 dicit,
1047 641 1087 669 ut
1128 646 1303 683 agnosca-

189 704 276 730 mus
305 698 388 726 ium
419 688 561 726 Filium
578 687 715 739 juisse
743 698 920 736 semper,
950 685 1000 726 ἐν
1028 698 1114 723 esse
1142 685 1303 735 Deum,

189 747 253 796 qui
283 746 331 780 sit
364 740 534 780 Verbum
557 772 568 790 ‚
597 741 646 781 ὦ)
676 737 859 790 splendor
876 769 887 788 ,
915 739 966 779 (J
993 743 1195 789 snpientia.
1224 739 1304 777 Ρα-

186 801 287 841 tris‚·
316 805 401 833 tum
430 803 568 846 postea
598 803 755 844 propter
783 807 855 831 nos
883 791 1069 830 eumdem
1099 793 1208 829 illum
1238 806 1304 830 as-

187 859 350 900 sumpta
392 862 517 887 carne
546 845 594 885 <le
626 845 790 900 Virgine
818 846 896 886 Dei
938 849 1129 900 genitrice
1159 845 1305 884 Maria

186 902 390 943 hominem
420 914 507 940 esse
533 900 719 952 facturn.

240 971 305 1008 77.
336 957 487 994 Beatam
519 949 687 994 Mariam
718 951 920 1004 Virginem
951 948 1029 991 Dei
1069 954 1303 1005 genitricem

185 1013 326 1063 pariter
357 1007 599 1062 adpellarunt
627 1008 668 1046 S.
684 1005 846 1045 Basilius
876 1006 1140 1044 H0m.XXV.
1170 1006 1217 1045 de
1237 1007 1304 1044 hu-

184 1077 316 1102 mana
350 1062 493 1101 Christi
522 1069 699 1109 natura,
736 1060 776 1099 S.
807 1060 1014 1111 Gregorius
1043 1060 1303 1110 Nazianzenus

185 1116 309 1169 Fpist.
340 1119 370 1155 l.
401 1117 444 1154 ad
475 1114 731 1159 Cledonium3
779 1113 813 1150 ἃ
844 1112 954 1151 multi
997 1112 1064 1151 alii
1106 1112 1251 1151 laudati
1280 1129 1303 1152 a

182 1171 334 1224 Cyrillo
363 1171 403 1209 in
434 1170 523 1209 Lib.
554 1167 602 1207 de
631 1177 741 1206 recta
771 1170 812 1204 in
841 1165 976 1204 Deum
993 1166 1084 1220 fide
1113 1164 1169 1204 ad
1187 1163 1301 1220 Regi-

184 1237 263 1263 ηας
288 1241 299 1269 i
330 1237 447 1276 quam
476 1234 668 1261 summam
699 1220 741 1259 B.
772 1220 911 1259 Mariae
940 1220 1111 1272 Virginis
1138 1219 1301 1272 dignita-

183 1287 259 1316 tem
288 1277 586 1316 constantissime
614 1274 739 1313 Patres
777 1283 972 1326 sequentes
1017 1273 1300 1325 praedicarunt,

183 1332 219 1368 ἃ
249 1331 421 1371 Ecclesia
450 1331 563 1367 etiam
601 1329 744 1366 devotis
785 1329 862 1365 suis
891 1327 1073 1379 precibus
1115 1327 1299 1377 inseruit,

180 1386 309 1423 dicens
339 1386 376 1422 in
404 1382 565 1421 collecta
593 1381 806 1420 Adventus:
855 1380 1015 1418 Praesta
1043 1393 1298 1431 quaesumus,

182 1447 226 1476 ut
254 1442 318 1489 qni
345 1450 433 1475 vere
462 1449 557 1474 eam
585 1438 819 1487 genitricem
840 1430 918 1472 Dei
947 1433 1145 1472 credimus
1167 1435 1235 1473 Sto.
1257 1435 1298 1474 S.

180 1492 408 1531 Caelestinus
429 1490 528 1542 Papa
560 1489 600 1527 in
630 1486 784 1541 Synodo
814 1486 925 1526 Rom.
955 1488 1087 1527 habita
1116 1490 1156 1527 in
1186 1503 1298 1527 causa

182 1545 347 1585 Nestorii
376 1544 546 1582 laudavit
575 1541 767 1596 hymnum
797 1542 838 1580 S.
869 1541 1064 1580 Ambrosii
1096 1544 1134 1580 in
1162 1542 1298 1580 Eccle-

180 1601 236 1638 sia
265 1599 457 1637 decantari
487 1595 640 1635 solitum
670 1597 708 1635 in
736 1597 799 1634 die
827 1594 974 1633 Natalis
1003 1593 1188 1632 Domini:
1221 1591 1297 1632 Ve-

179 1656 223 1690 ni
254 1651 490 1701 Redemptor
522 1649 738 1697 Gentium,
781 1646 945 1686 ostende
973 1656 1135 1697 partum
1169 1643 1208 1684 V
1205 1651 1295 1700 irgi‹

180 1709 275 1743 nis:
304 1708 471 1742 miretur
495 1714 619 1741 omne
645 1703 866 1740 soeculum:
895 1701 988 1738 talis
1018 1700 1129 1739 decet
1154 1711 1296 1751 partus

180 1757 318 1798 Deum
338 1783 350 1796 .
801 1804 806 1805 ⁷

238 1811 303 1863 78.
333 1811 404 1849 His
445 1806 624 1848 omnibus
660 1816 736 1847 tam
779 1806 894 1847 claris
923 1804 1043 1846 Verbi
1085 1804 1159 1847 Dei
1207 1810 1298 1848 scri-

177 1865 263 1919 pti,
294 1863 478 1901 &traditi
506 1864 731 1901 testimoniis
759 1862 987 1914 suffragatur
1017 1863 1128 1899 etiam
1159 1861 1300 1900 theolo-

177 1919 265 1970 gica
294 1918 417 1965 ratio,
445 1930 564 1969 quam
592 1916 634 1954 S.
665 1915 833 1954 Thomas
864 1917 902 1955 5.
932 1915 974 1953 P.
1002 1931 1042 1969 q.
1074 1916 1137 1955 55.
1169 1926 1238 1954 art.
1261 1917 1298 1962 4.

177 1972 232 2011 sic
263 1970 415 2023 exponit
447 1998 474 2017 „
494 1971 622 2007 Omne
649 1981 790 2027 nomen
808 1965 1024 2020 significans
1055 1969 1094 2009 in
1124 1979 1300 2008 concreto

178 2055 207 2075 „
238 2033 411 2063 naturam
442 2021 615 2074 aliquam
643 2030 762 2072 potest
791 2035 1001 2073 supponere
1030 2035 1100 2073 pro
1127 2022 1299 2075 qualibet

179 2107 207 2129 ,‚
237 2077 429 2132 hypostasi
460 2075 564 2114 illius
604 2083 780 2111 naturae.
822 2075 924 2111 Cum
953 2082 1078 2111 autem
1123 2077 1213 2113 unio
1244 2077 1299 2114 in-

238 2131 468 2170 carnationis
497 2131 542 2167 sit
571 2128 670 2166 facta
701 2129 738 2166 in
782 2124 1002 2180 hypostasi,
1049 2128 1298 2165 manifestum

241 2195 323 2233 est,
367 2184 468 2237 quod
495 2181 566 2220 hoc
602 2194 745 2220 nomen
775 2180 885 2219 Deus
928 2189 1047 2234 potest
1090 2193 1301 2232 supponere

178 2267 208 2288 „
238 2251 306 2291 pro
335 2236 526 2290 hypostasi
555 2234 759 2273 habentem
788 2234 1001 2274 humanam
1032 2243 1235 2282 naturam,
1265 2235 1299 2271 ἃ

180 2320 209 2341 3,
238 2292 408 2330 divinam
426 2316 436 2329 .
465 2291 513 2328 Et
533 2290 617 2328 ideo
644 2289 834 2342 quidquid
864 2290 1042 2326 convenit
1069 2287 1214 2326 divinae
1235 2302 1301 2326 na-

181 2373 210 2395 „
239 2355 362 2394 turae,
404 2343 467 2382 vel
499 2343 699 2391 humauae,
743 2351 858 2394 potest
888 2342 1045 2380 attribui
1084 2341 1143 2380 illi
1174 2354 1301 2394 perso-

179 2425 208 2449 „
239 2414 299 2438 nae
321 2423 377 2437 ....
397 2399 556 2449 Concipi
586 2405 741 2444 antem,
786 2395 820 2431 ἃ
849 2395 950 2434 nasci
991 2409 1165 2448 personae
1195 2395 1299 2434 attri-

182 2480 211 2502 9,
241 2452 374 2492 buitur
402 2451 435 2488 ἃ
465 2450 688 2503 hypostasi,
717 2449 928 2488 secundum
957 2459 1129 2488 naturam
1160 2448 1269 2488 illam
1287 2479 1298 2499 ‚

183 2533 212 2555 „
243 2507 281 2544 in
309 2520 386 2559 qua
413 2504 630 2556 concipitur
651 2533 662 2551 ,
693 2503 727 2543 ἃ
755 2503 950 2541 nascitur.
987 2503 1085 2541 Cum
1118 2502 1229 2554 igitur
1260 2504 1298 2541 in

182 2587 210 2608 „
240 2560 323 2612 ipso
366 2558 558 2611 principio
586 2557 845 2609 conceptionis
876 2557 992 2594 fuerit
1035 2556 1203 2594 humana
1230 2570 1299 2595 na-

178 2640 205 2661 „
235 2622 318 2651 tura
340 2622 533 2664 assumpta
555 2625 575 2649 a
591 2610 723 2649 divina
738 2621 897 2662 persona
914 2639 924 2658 ,
964 2624 1194 2662 consequens
1210 2621 1264 2649 est
1285 2639 1297 2660 ,

183 2693 210 2714 2,
238 2666 340 2719 quod
367 2679 458 2704 vere
485 2665 601 2718 possit
631 2663 707 2702 dici
728 2694 738 2712 ,
769 2662 903 2702 Deum
933 2678 1019 2702 esse
1034 2673 1269 2716 conceptum
1287 2693 1299 2714 ‚

185 2746 211 2766 ,‚
238 2721 286 2761 Θ
314 2729 458 2758 natum
497 2718 544 2757 de
578 2716 768 2771 Virgine.
813 2717 871 2755 Ex
903 2716 972 2756 hoc
1002 2729 1128 2756 autem
1158 2718 1299 2756 dicitur

187 2798 214 2819 :a
242 2773 370 2828 aliqua
398 2770 543 2813 mulier
572 2772 737 2823 alicujus
761 2779 915 2820 mater,
960 2772 1060 2824 quod
1090 2785 1180 2809 eum
1209 2784 1298 2809 con-

186 2851 215 2872 „
243 2830 366 2878 cepit,
395 2828 429 2865 St
458 2827 588 2879 genuit
610 2856 620 2874 ,
649 2825 748 2864 unde
768 2837 998 2878 consequens
1028 2835 1108 2874 est,
1135 2826 1239 2877 quod
1256 2825 1299 2863 B.

184 2903 212 2925 „
242 2877 357 2931 Virgo
384 2896 472 2919 vere
500 2882 648 2919 dicatur
678 2879 821 2917 Mater
851 2879 955 2918 Dei.
977 2881 1003 2899 ‘⁶

241 2944 303 2983 79·
331 2933 422 2985 Obj.
453 2935 606 2986 prim0.
637 2933 720 2971 Non
751 2930 862 2971 aliter
883 2932 1067 2971 debemus
1096 2930 1141 2970 de
1168 2944 1295 2970 sacro-

183 2986 319 3022 sanctis
347 2996 480 3024 nostrae
510 2988 600 3026 fidei
646 2989 836 3039 mysteriis
867 2986 999 3039 loqui,
1042 2999 1159 3038 quam
1191 2986 1297 3024 Scri-

184 3047 307 3090 pturae
338 3051 451 3077 sacrae
483 3039 717 3092 loquuntur3
746 3041 849 3093 atqui
869 3038 1011 3078 nullibi
1032 3040 1070 3077 in
1101 3040 1215 3077 sacris
1239 3039 1297 3077 lit-

183 3091 274 3129 teris
304 3091 468 3143 legitur,
498 3094 539 3132 B.
570 3093 771 3145 Virginem
804 3109 881 3132 esse
910 3101 1071 3144 matrem
1102 3093 1204 3141 Dei,
1235 3093 1296 3131 sed

185 3143 309 3183 solum
349 3143 449 3196 quod
488 3147 531 3184 sit
561 3158 678 3185 mater
707 3148 876 3196 Christi,
927 3159 962 3186 nt
995 3145 1134 3187 Mauh.
1165 3146 1194 3185 I.
1232 3146 1293 3184 18.

187 3196 328 3236 Christi
358 3205 494 3235 autem
525 3206 728 3249 generatio
757 3205 811 3239 sic
833 3211 920 3239 erat
937 3216 953 3248 ,·
983 3201 1040 3239 vel
1064 3209 1183 3240 mater
1204 3213 1294 3251 pue-

182 3254 246 3299 ri,
278 3262 316 3288 ut
346 3250 487 3289 Manli.
518 3252 566 3289 ll.
603 3266 660 3289 ιι.
690 3255 734 3291 de
767 3255 892 3303 Migis
920 3256 1084 3293 dicitur:
1127 3254 1293 3292 Invene-

183 3313 275 3344 runt
303 3317 469 3358 puerum
498 3317 591 3344 cum
619 3304 763 3345 Marta
805 3303 937 3347 m'atre
968 3310 1053 3361 ejus
1074 3338 1086 3359 ,
1133 3309 1167 3345 &
1197 3308 1296 3348 ibid.

181 2161 209 2181 3⁵

183 2213 211 2235 Β)

773 73 854 120 DE
888 69 1137 116 INCARN.
1169 35 1418 115 SECT.11.
1449 71 1594 115 DISS.
1616 74 1694 117 ΙΙΙ.
1727 73 1856 118 CAP.
1878 76 1913 119 I.

1380 151 1441 189 15.
1490 151 1750 203 Archangelus
1778 155 1967 204 Gabriel,
2007 155 2070 195 cui
2101 162 2202 194 certe
2229 163 2361 194 notum
2399 165 2478 196 erat

1374 212 1492 242 totum
1523 204 1792 243 incarnationis
1813 210 2036 258 mysterium
2054 240 2064 257 ,
2095 223 2170 247 non
2191 210 2284 247 dixit
2299 208 2479 260 Josepho:

1375 259 1521 308 Accipe
1542 255 1675 295 Deum
1694 285 1704 306 ,
1733 259 1781 298 (θ’
1802 269 1977 298 matrem
1998 264 2082 314 ejus
2098 278 2114 308 ‚·
2143 264 2207 302 sed
2226 264 2367 313 Accipe
2387 274 2479 313 pue-

1372 320 1492 359 rum,
1537 312 1587 351 <91
1617 310 1807 349 Mariam
1835 321 2010 361 matrem
2040 317 2152 368 ejus.
2202 316 2333 369 Neque
2363 317 2478 354 etiam

1371 364 1441 402 illa
1469 377 1541 403 vox
1571 366 1610 402 in
1655 363 1802 402 duabus
1844 368 2147 416 praecedentibus
2175 369 2338 423 Synodis
2376 384 2478 407 aecu-

1371 420 1532 456 menicis
1549 418 1709 456 Nicaena
1725 447 1736 466 ,
1768 416 2243 472 &Constantinopolitana,
2274 423 2332 462 vel
2355 438 2376 462 a
2396 437 2478 460 san-

1371 473 1438 509 ctis
1456 470 1627 510 Patribus
1650 480 1828 523 usurpata
1850 472 2011 523 legitur:
2042 475 2240 524 praestabat
2262 478 2375 527 igitur
2393 477 2477 515 Ma·

1371 525 1499 577 jorum
1530 523 1704 578 exempla
1733 525 1839 577 sequi
1859 553 1869 572 ‚
1900 534 2014 577 atque
2044 526 2092 564 ab
2112 526 2243 564 eadem
2264 529 2450 567 abstinere
2467 557 2479 568 .

1425 578 1492 617 80.
1524 577 1634 631 Resp.
1665 593 1754 617 cum
1784 578 1993 616 &Thomu
2021 577 2068 616 ad
2104 590 2136 617 r.
2167 577 2280 617 Licet
2308 592 2389 619 non
2418 587 2478 620 in-

1371 635 1551 669 veniatur
1580 643 1766 682 expresse
1794 635 1835 669 in.
1866 632 2070 681 Scriptura
2099 631 2272 681 dictum,
2302 635 2401 684 quod
2430 636 2478 673 Β.

1375 683 1496 736 Virgo
1524 689 1572 723 sic
1601 686 1725 724 Mater
1753 685 1827 724 Dei
1844 699 1871 739 ς,
1901 687 2096 723 invenitur
2124 694 2264 724 tamen
2293 699 2478 737 expresse

1373 741 1413 775 z'n
1429 739 1633 789 Scriptura
1650 770 1660 788 ,
1690 739 1792 790 quod
1810 739 1924 777 Jesus
1949 739 2121 777 Christus
2143 747 2199 777 est
2220 750 2330 777 verus
2346 739 2455 778 Deus
2469 772 2480 790 ,

1371 791 1420 831 <9¹
1450 792 1551 842 quoti
1581 792 1626 831 Β.
1651 791 1772 845 Virgo
1801 801 1857 830 est
1888 804 2020 832 mater
2046 790 2138 831 Jesu
2163 792 2330 833 Christi.
2366 792 2482 832 Unde

1371 849 1544 895 sequitur
1572 860 1625 883 ex
1646 851 1884 885 necessitate
1905 860 1957 885 ex
1978 846 2097 886 verbis
2112 847 2349 899 Scripruroe,
2379 847 2482 898 quod

1371 901 1421 934 sit
1452 895 1579 936 Mater
1607 899 1708 937 Dei.
1740 900 1896 937 Dicitur
1924 904 2048 938 etiam
2072 899 2187 939 Rom.
2210 899 2279 939 IV.
2299 902 2351 950 5.,
2379 899 2483 951 quod

1372 963 1424 988 ex
1444 949 1592 988 sutioeis
1620 962 1673 989 est
1692 952 1863 991 Christus
1892 956 2100 993 secundum
2132 966 2286 993 carnem
2304 985 2315 1004 ,
2344 956 2412 1006 qni
2429 963 2482 992 est

1372 1017 1485 1056 super
1513 1006 1642 1042 omnia
1658 1005 1766 1043 Deus
1791 1006 2010 1046 benedictus
2041 1009 2078 1046 in
2108 1008 2272 1046 saecula.
2303 1007 2398 1046 Non
2415 1020 2486 1045 au-

1371 1066 1451 1094 tem
1482 1066 1540 1094 est
1570 1070 1622 1094 ex
1650 1055 1798 1095 Juslaeis
1816 1089 1825 1107 ‚
1873 1065 1949 1098 nisi
1978 1060 2183 1099 mediante
2211 1061 2258 1099 Β.
2292 1060 2484 1114 Virgine:

1371 1109 1474 1148 unde
1503 1111 1594 1158 ille,
1639 1112 1706 1162 qui
1737 1119 1789 1147 est
1818 1126 1931 1163 super
1958 1117 2086 1153 omnia
2116 1115 2219 1153 Deus
2262 1114 2486 1153 benedictus

1370 1165 1409 1202 in
1441 1160 1609 1211 saecula,
1654 1173 1712 1202 est
1741 1177 1828 1203 rere
1857 1174 1978 1204 natus
2007 1178 2059 1205 ex
2088 1165 2134 1206 Β.
2167 1166 2356 1220 Virgine,
2384 1173 2484 1207 sicut

1368 1231 1421 1256 ex
1451 1231 1526 1255 sua
1555 1226 1689 1256 matre
1706 1244 1716 1256 .

1424 1271 1489 1309 81.
1522 1268 1635 1323 Resp.
1664 1270 1712 1309 ad
1741 1266 1901 1309 alteram
1943 1269 2177 1312 difficultatis
2219 1283 2392 1325 partem,
2441 1276 2481 1314 in

1367 1324 1516 1362 duobus
1536 1324 1734 1377 Symbolis
1754 1324 1918 1364 Nicaeno
1946 1327 1980 1363 ἃ
1995 1327 2404 1378 Constantinopolitano
2423 1343 2479 1366 sa-

1368 1380 1412 1416 tis
1442 1378 1656 1416 luculenter
1686 1391 1815 1417 vocem
1846 1378 2075 1431 Deipnrrzm
2105 1380 2289 1418 contineri
2321 1381 2366 1419 iis
2396 1395 2478 1419 ver-

1367 1430 1453 1480 bis,
1501 1432 1642 1485 quibus
1684 1433 1823 1471 dicitur
1851 1432 1959 1472 Jesus
1987 1435 2159 1472 Christus
2202 1444 2313 1473 Verus
2343 1433 2482 1482 Deus,

1366 1483 1557 1538 Patrique
1586 1482 1963 1524 consubstantialis:
1994 1495 2113 1526 natus
2143 1500 2196 1525 ex·
2225 1486 2370 1524 Maria
2395 1485 2482 1525 Vir·

1364 1543 1484 1590 gine,
1515 1542 1564 1581 ἔθ’
1593 1538 1709 1578 homo
1725 1536 1872 1592 factus
1890 1567 1900 1578 .
1932 1541 2036 1580 ldem
2066 1550 2329 1593 expresserunt
2358 1541 2479 1579 sancti

1366 1592 1517 1641 Patres,
1547 1606 1712 1646 qnorum
1745 1595 1858 1632 etiam
1888 1594 2039 1647 aliqui,
2081 1604 2121 1632 nt
2152 1594 2359 1646 Dionysius
2390 1593 2480 1633 Ale-

1364 1646 1573 1685 xandrinus
1588 1678 1599 1695 ,
1628 1648 1669 1685 S.
1691 1647 1919 1686 Athanasius
1937 1679 1947 1696 ,
1976 1649 2017 1686 S.
2039 1647 2198 1686 Basilius
2217 1648 2480 1687 Beatissimam

1369 1697 1570 1751 Virginem
1604 1702 1759 1753 proprio
1788 1703 1941 1739 nomine
1973 1701 2049 1739 Dei·
2077 1703 2313 1753 genitricem
2343 1701 2478 1754 appel-

1369 1751 1525 1791 larunt.
1559 1753 1655 1791 Vide
1686 1767 1800 1806 supra
1831 1766 1870 1792 n.
1905 1754 1968 1804 74.
1999 1754 2031 1791 &
2061 1767 2140 1806 seq.

1422 1803 1488 1845 82.
1516 1804 1610 1858 Obj.
1640 1806 1830 1845 secundo.
1861 1806 2032 1845 Christus
2061 1808 2201 1845 dicitur
2221 1805 2324 1845 Deus
2353 1821 2484 1845 secun-

1368 1860 1460 1897 dum
1491 1859 1665 1899 divinam
1694 1869 1869 1899 naturam
1888 1875 1899 1907 3
1928 1861 1990 1899 sed
2011 1862 2141 1899 divina
2158 1869 2293 1899 natura
2314 1875 2386 1900 non
2409 1862 2483 1899 fuit

1366 1915 1493 1965 genita
1523 1928 1567 1952 ex
1598 1914 1757 1965 Virgine
1788 1915 1940 1953 Maria:
1970 1928 2057 1967 ergo
2086 1911 2157 1953 διο.
2198 1915 2279 1952 Hoc
2311 1916 2480 1953 maxime

1368 1977 1592 2018 argumento
1620 1967 1859 2020 triumphare
1887 1982 1925 2006 se
1946 1979 2050 2022 posse
2070 1968 2245 2022 sperabat
2265 1968 2482 2016 Nestorius,

1367 2020 1543 2073 illudque
1573 2031 1769 2073 propterea
1802 2023 2022 2073 frequenter
2051 2022 2234 2073 urgebat,
2277 2020 2486 2060 Catholicis

1368 2075 1626 2125 exprobrans,
1655 2074 1757 2126 quod
1787 2073 1916 2113 Maria
1947 2085 1985 2112 ut
2015 2075 2138 2112 Deam
2167 2075 2363 2124 colerent,
2410 2076 2483 2112 sic-

1367 2128 1422 2163 uti
1452 2128 1575 2166 stolidi
1619 2127 1791 2165 haeretici
1822 2127 2078 2180 Collyridiani
2122 2128 2342 2176 faciebant,
2389 2128 2481 2179 quia

1367 2178 1497 2216 Mater
1525 2180 1609 2218 filio
1635 2194 1703 2217 suo
1730 2181 1841 2218 debet
1870 2196 1948 2219 esse
1978 2178 2340 2219 consubstantialis.

1421 2229 1489 2270 83.
1521 2232 1633 2284 Resp.
1650 2261 1661 2280 ,
1692 2230 1863 2270 Mariam
1892 2235 1972 2271 dici
1993 2242 2152 2271 matrem
2169 2232 2265 2282 Dei,
2296 2247 2368 2271 non
2388 2234 2481 2285 qnia

1367 2286 1540 2336 genuerit
1568 2285 1835 2334 divinitatem,
1882 2286 1945 2323 sed
1974 2287 2068 2339 quia
2096 2286 2223 2337 genuit
2266 2286 2482 2324 humanita-

1367 2347 1445 2377 tem
1476 2338 1582 2377 illius
1612 2351 1780 2391 personae
1798 2369 1808 2388 ,
1840 2352 1928 2392 quae
1959 2351 2034 2378 una
2062 2353 2153 2377 cum
2175 2338 2345 2377 humana
2374 2349 2479 2378 natu-

1367 2404 1411 2431 ra
1439 2392 1554 2431 habet
1582 2395 1696 2432 etiam
1725 2394 1929 2432 divinam.
1979 2392 2184 2445 Aptissima
2226 2391 2483 2432 similitudine

1367 2447 1406 2484 id
1437 2446 1654 2498 explicabat
1683 2447 1724 2485 S.
1753 2447 1926 2500 Cyrillus
1968 2446 2008 2486 in
2039 2447 2148 2499 epist.
2191 2446 2240 2485 ad
2270 2443 2482 2486 Monachos

1364 2500 1566 2553 inquiens:
1614 2500 1752 2539 Simile
1783 2510 1835 2540 est
1865 2501 2035 2539 humano
2065 2501 2191 2553 partui
2235 2530 2261 2549 „
2293 2500 2482 2539 incarnati

1366 2580 1395 2603 2„
1426 2554 1546 2592 Verbi
1564 2554 1792 2607 mysterium
1811 2582 1821 2593 .
1851 2553 2007 2594 Etenim
2029 2562 2265 2592 terrenorum
2283 2551 2484 2593 hominum

1368 2636 1395 2657 „
1425 2619 1589 2654 matres,
1620 2618 1768 2645 naturae
1800 2609 1846 2646 ad
1875 2607 2109 2662 gignendum
2140 2607 2370 2656 servientes,
2400 2620 2482 2644 car-

1368 2689 1397 2710 „
1426 2675 1514 2699 nem
1545 2660 1684 2699 habent
1714 2662 1754 2699 in
1785 2672 1919 2712 utem,
1943 2685 1945 2687 -
1967 2676 2056 2716 quae
2095 2659 2283 2713 paulatim
2325 2673 2482 2711 compa-

1369 2742 1396 2764 „
1426 2725 1511 2760 cta,
1555 2715 1588 2751 &
1621 2714 1965 2767 inexplicabilibus
1993 2715 2225 2769 quibusdam
2264 2712 2488 2752 efficientiis*

1369 2795 1396 2817 „
1427 2778 1621 2823 progressa
1637 2768 1675 2805 in
1692 2766 1902 2807 humanam
1919 2771 2085 2821 speciem
2106 2764 2318 2806 absolvitur
2335 2793 2345 2805 .
2375 2767 2482 2805 Deus

1327 2831 1338 2838 ·’
1368 2849 1396 2870 „
1427 2834 1540 2874 porro
1569 2822 1746 2873 spirirum
1776 2822 1967 2871 animali,
1997 2822 2138 2874 quibus
2159 2821 2226 2858 scit
2250 2821 2393 2869 modis,
2424 2822 2486 2858 in-

1370 2903 1397 2924 „
1428 2873 1612 2912 fundit...
1642 2874 1789 2913 Verum
1821 2874 1887 2914 etsi
1919 2873 2097 2912 mulieres
2127 2875 2206 2912 istae
2236 2876 2388 2913 nonnisi
2410 2884 2484 2912 tera

1368 2956 1394 2976 „
1425 2939 1599 2965 tenorum
1635 2928 1710 2966 sint
1747 2925 1949 2980 corporum
1986 2938 2125 2966 inatres
2159 2955 2170 2976 ,
2230 2927 2484 2966 nihilominus

1368 3010 1393 3029 „
1423 2995 1511 3019 cum
1545 2988 1661 3018 totum
1693 2981 1833 3019 animal
1867 2983 2079 3033 pepererint
2100 2983 2313 3029 exanima,
2345 2981 2378 3018 &
2398 2995 2480 3020 cor-

1427 3048 1519 3088 pore
1549 3037 1802 3086 compositum
1822 3062 1833 3082 ,
1880 3047 1952 3073 non
1983 3035 2100 3074 solam
2131 3035 2212 3087 ejus
2243 3034 2388 3088 partem
2446 3050 2484 3073 e-

1427 3087 1567 3140 perisse
1596 3087 1802 3126 dicuntur.
1837 3087 1917 3126 Nec
1946 3088 2087 3142 aliquis
2116 3090 2280 3138 dixerit,
2309 3052 2481 3129 Elisabe-

1423 3141 1527 3179 tham
1547 3169 1558 3189 ‚
1587 3147 1750 3179 matrem
1773 3137 1930 3180 Joannis
1947 3173 1957 3191 ,
1988 3145 2114 3182 carnis
2135 3159 2211 3182 esse
2231 3144 2482 3196 genitricem,

1366 3226 1393 3246 „
1424 3208 1493 3234 non
1524 3196 1688 3244 animae,
1720 3198 1867 3248 peperit
1891 3199 1997 3235 enim
2017 3199 2229 3237 animatum
2251 3197 2480 3248 Baptistain,

1368 3280 1393 3300 ,‚
1422 3265 1468 3288 ac
1497 3247 1550 3286 sic
1581 3256 1761 3303 tanquam
1796 3260 1915 3288 unum
1938 3252 2086 3305 aliquid
2105 3266 2148 3290 ex
2170 3250 2381 3296 ambobus,
2412 3248 2498 3287 lio--

1366 3332 1397 3355 „
1424 3306 1598 3355 minem,
1628 3306 1756 3345 anima
1785 3305 1964 3348 videlicet
1981 3337 1994 3358 ,
2029 3321 2072 3347 ac
2102 3318 2285 3359 corpore.
2330 3302 2480 3354 Hujus-

2291 3386 2320 3406 „
2348 3370 2429 3398 uio-

1368 3064 1397 3086 >³

1368 3118 1396 3139 9,

1367 3173 1392 3192 9¹³
