2583 3685
925 73 1007 118 DE
1041 72 1179 117 FIDE
1211 72 1257 114 S.

113 185 142 207 ,‚
167 157 316 211 virgam
342 153 417 193 sibi
445 158 692 204 supponentes
721 150 791 190 &c.
813 153 840 174 “
871 152 926 190 lta
955 152 1054 192 lianc
1082 151 1124 190 S.
1144 152 1220 204 Cy-

113 209 193 249 rilli
249 207 511 261 repositionem
542 203 783 258 explicarunt
829 205 944 245 etiam
972 204 1014 244 8.
1045 203 1220 244 Gelasius

114 265 155 303 in
181 262 228 303 Li
258 274 282 299 .·
299 265 428 298 contra
456 258 672 305 Eutychen,
689 289 699 306 ,
729 258 769 297 S.
791 258 973 311 Eulogius
1002 257 1220 297 Patriarclia

114 312 431 357 Alexandrinus-a
461 311 511 351 ud
532 304 707 351 Photium
738 314 777 352 in
797 311 973 351 Bibliotli.
1002 312 1086 352 cod.
1105 310 1218 358 2300,

110 367 155 409 S.
173 364 419 419 Epltroemius
434 326 653 404 gatriarctm
682 365 937 405 Antioclienus
957 396 968 414 ‚
998 364 1100 416 apud
1130 375 1220 400 eun-

103 417 195 460 ium
226 416 402 458 Photium
429 419 522 458 Cod.
554 432 672 471 229„
714 418 756 458 S.
785 417 981 458 Maximus
1011 419 1050 456 in
1080 414 1219 465 Expo-

98 475 249 514 „sitione
277 484 414 511 vocum
441 472 713 525 quarumdam
730 503 740 520 ,
769 472 902 524 quilius
931 474 1051 508 utitur
1080 467 1218 505 Eccle-

104 529 169 569 sia
201 523 433 576 Catholica,
469 539 561 563 cum
589 525 638 564 de
668 525 819 564 Christo
846 528 1005 575 agitur,
1047 521 1219 578 aliique;

106 586 149 623 ut
178 578 298 617 futilis
324 581 373 619 sit
414 578 678 631 vitilitigatio,
725 578 1062 617 incontaminatam
1107 572 1219 623 liujus

103 629 148 671 8.
178 630 299 671 Patris
340 632 457 672 fidem
487 641 640 686 propter
681 631 779 682 hanc
814 642 946 669 vocem
974 629 1015 667 in
1055 626 1218 666 dubium

96 698 271 728 ‚vocare.

166 739 255 792 196.
282 739 430 779 Eadem
459 752 550 780 voce
580 746 705 793 postea
741 748 828 775 usus
856 745 907 775 est
935 733 977 774 8.
1009 734 1217 774 Flavianus

97 792 541 846 Constantinopolitanns
566 795 607 830 in
636 804 703 829 sua
733 789 842 828 Fidei
871 789 1128 841 professione,
1159 790 1216 829 iu-

101 847 266 898 quiens:
299 845 437 885 Unam
466 843 622 898 quidem
653 841 769 882 Verbi
797 841 875 880 Dei
905 852 1097 881 naturam
1116 873 1126 890 ,
1156 847 1216 879 nz-

103 909 326 938 comatam
367 908 507 937 tamen
534 897 584 938 (⁹9⁰
613 895 931 934 inhumanatam
973 896 1105 935 dicere
1134 909 1214 933 non

99 963 325 1005 negamus,
363 964 409 990 eo
433 948 536 1002 quod
562 962 616 988 ex
644 948 839 988 ambabus
868 963 996 999 nnus,
1038 958 1157 1001 atque
1185 952 1214 986 i-

101 1004 196 1043 dem
225 1009 276 1044 sit
293 1003 494 1042 Dominus
521 1012 656 1042 noster
669 1003 782 1041 Iesus
806 1002 1000 1042 Christus.
1032 1004 1112 1040 lmo
1141 1003 1213 1055 Sy-

91 1057 217 1098 nodus
242 1057 507 1097 Lateranensis
546 1057 619 1095 sub
650 1056 818 1094 Mai-tino
848 1057 877 1094 Ι.
915 1059 967 1094 ita
1013 1056 1213 1094 definivit:

93 1108 141 1151 JSi
167 1113 253 1162 quis
280 1110 498 1149 secundum
526 1118 691 1148 sanctos
721 1109 862 1147 Patres
892 1123 973 1146 non
1003 1109 1213 1162 confitetur

96 1166 252 1214 proprie
272 1193 284 1212 ,
313 1163 595 1205 &secundum
624 1166 831 1200 veritatem
861 1176 987 1200 unam
1017 1172 1213 1201 naturum

94 1215 174 1259 Dei
206 1214 322 1254 Verbi
349 1220 612 1255 bicarnatam
636 1241 690 1254 ....
711 1220 760 1254 sit
787 1215 1077 1254 condemnatus
1094 1242 1104 1254 .

89 1318 91 1320 Ι
161 1282 248 1321 ¹97·
278 1269 395 1307 Dices
423 1269 613 1308 secundo.
644 1270 745 1308 ldem
776 1269 816 1307 S.
835 1269 1007 1321 Cyrillus
1037 1271 1075 1308 in
1107 1271 1212 1322 epist.

92 1323 145 1360 11.
174 1322 222 1360 acl
249 1321 475 1361 Successum
502 1325 659 1371 asserit,
702 1323 795 1360 duas
823 1324 861 1361 in
890 1322 1038 1362 Christo
1066 1333 1218 1362 naturas

94 1374 184 1414 sola
215 1379 360 1414 mentis
389 1379 627 1428 cogitatione
655 1376 860 1429 distingui.

156 1427 244 1481 198.
276 1427 387 1480 Resp.
417 1429 455 1466 id
486 1428 624 1467 salsum
655 1442 759 1474 esse3
787 1429 912 1468 solum
942 1431 1048 1469 enim
1077 1439 1212 1481 negat,

99 1481 195 1520 duas
222 1479 364 1519 Christi
393 1489 548 1520 naturas
577 1491 657 1534 post
687 1483 866 1520 unionem
898 1496 1003 1534 posse
1023 1498 1096 1521 ase
1126 1498 1211 1521 mu-

94 1541 161 1572 tuo
187 1532 373 1585 segregari
395 1560 405 1572 .
435 1533 524 1582 Qua
544 1536 582 1572 in
612 1549 650 1572 re
681 1535 856 1573 utebatur
885 1536 1061 1589 exemplo
1090 1536 1212 1573 homi-

75 1587 154 1625 ‘nis
175 1617 187 1637 ,
231 1589 270 1626 in
299 1599 377 1640 qno
415 1596 516 1626 certe
543 1589 672 1626 anima
701 1587 735 1624 &
763 1601 900 1641 corpus
930 1591 1054 1641 reipsa
1081 1589 1212 1626 distin-

95 1649 261 1692 guuntur
276 1671 288 1690 ,
317 1642 370 1679 ita
387 1649 512 1680 tamen
534 1643 571 1681 in
592 1655 665 1680 una
687 1640 854 1680 hominis
884 1655 1042 1694 persona
1070 1643 1213 1680 uniun-

95 1701 159 1731 tur
179 1723 190 1741 ‚
221 1703 260 1732 ut
278 1692 360 1732 itlae
389 1695 477 1732 duae
506 1704 652 1734 naturae
683 1696 826 1734 animas
849 1695 880 1731 &
902 1696 1069 1747 corporis
1091 1725 1101 1743 ,
1131 1708 1213 1733 non

89 1748 184 1798 Jam
214 1749 292 1785 sint
319 1746 416 1794 duo,
467 1747 538 1786 sed
565 1756 774 1799 utrumque
803 1749 961 1785 animal
990 1761 1112 1786 unum
1143 1747 1213 1785 ab·

95 1799 295 1838 solt-atur.
326 1799 373 1838 Et
403 1799 486 1840 haec
515 1801 561 1838 de
589 1800 630 1839 S.
645 1800 785 1854 Cyrilli
816 1811 942 1849 recta,
973 1799 1007 1838 8<
1037 1800 1211 1839 orthodo-

95 1864 146 1890 xa
173 1853 276 1891 fide.
307 1851 408 1900 Qua!
437 1863 565 1892 autem
594 1855 640 1892 ad
673 1853 767 1892 lianc
796 1855 1091 1892 controversiam
1123 1868 1209 1905 per-

85 1907 239 1955 tinent,
270 1919 345 1944 una
374 1906 490 1944 simul
518 1907 675 1945 collecta
705 1908 811 1944 fuere
841 1908 975 1951 invltl.
1004 1905 1046 1946 P.
1075 1907 1209 1945 Conci-

91 1956 138 1998 lii
167 1959 310 2012 Ephes.
338 1959 494 1999 Collect.
524 1960 744 1999 Labbeanae
776 1959 824 1998 T.
855 1960 923 1998 Ill.

153 2024 239 2064 199.
269 2012 428 2061 Quaeres
457 2014 607 2064 primo,
637 2013 731 2064 quid
760 2013 806 2051 de
827 2012 974 2052 Joanne
1004 2011 1208 2051 Antioche·

89 2077 142 2102 no
170 2065 410 2105 sentiendum
442 2064 513 2105 sit?
557 2066 616 2106 An
659 2066 776 2105 fuerit
817 2064 954 2105 haeresi
983 2065 1210 2106 Nestoriana

89 2116 329 2169 implicitus?

147 2183 238 2211 200.
268 2170 379 2223 Resp.
408 2171 513 2220 Quid
550 2174 589 2210 in
618 2172 791 2210 Concilio
819 2171 1014 2223 Ephesiuo
1041 2171 1207 2209 Joannes

89 2222 349 2263 Antiochenus
377 2227 516 2276 egerit,
547 2233 585 2262 nt
614 2225 785 2262 Nestorio
813 2224 1114 2275 gratificaretur,
1143 2237 1205 2261 su-

90 2288 162 2328 pra
188 2275 354 2314 breviter
384 2277 627 2326 exposuimus
648 2291 685 2313 n.
715 2277 801 2320 15.;
831 2288 874 2312 eo
903 2277 1003 2313 enim
1034 2288 1204 2327 progres-

89 2341 151 2366 sus
179 2338 231 2366 est
260 2329 298 2366 in
329 2341 396 2366 sno
416 2327 668 2366 Orientalium
699 2327 981 2375 conciliabulo,
1012 2338 1052 2365 ut
1067 2328 1106 2366 S.
1127 2329 1203 2381 Cy-

86 2379 249 2427 1illum,
291 2380 326 2416 ἃ
354 2378 606 2420 Memnonem
649 2381 884 2432 Episcopum
914 2380 1150 2433 Ephesinuin
1182 2397 1203 2420 e

88 2431 303 2471 sacerdotio
349 2433 578 2485 deponeret,
620 2434 839 2472 sententiam
885 2434 1124 2487 depositionis
1163 2437 1202 2474 in

87 2485 305 2525 Nestorium
334 2485 449 2525 latam
480 2485 653 2526 ulturus.
684 2487 814 2540 Ipsum
843 2496 970 2534 tamen
1000 2502 1201 2539 nunquam

88 2537 250 2578 Nestorii
264 2539 456 2578 erroribus
471 2537 670 2582 adhaesisse
687 2567 697 2585 ,
727 2538 848 2578 multa
876 2550 961 2581 sunt
978 2571 989 2589 ,
1018 2555 1106 2595 quae
1124 2556 1204 2582 ma-

86 2591 224 2632 nifeste
250 2591 532 2634 demonstrant.

145 2656 236 2684 201.
267 2644 396 2685 Primo
431 2659 469 2684 se
498 2660 671 2685 aversum
702 2662 723 2685 a
752 2645 984 2686 Nestorianis
1025 2647 1202 2700 blasphe-

89 2698 178 2737 miis
203 2699 291 2736 satis
319 2700 474 2738 ostendit
502 2700 663 2738 Joannes
694 2702 732 2739 in
763 2714 805 2738 ea
836 2701 993 2752 epistola
1015 2731 1024 2746 .,
1055 2716 1170 2754 quain
1190 2733 1201 2749 ‚

89 2753 250 2804 acceptis
270 2751 398 2791 Sancti
420 2752 608 2792 Caelestini
634 2752 766 2791 litteris
783 2783 793 2801 ,
815 2755 860 2791 ad
878 2753 1090 2793 Nestorium
1110 2758 1202 2793 scri—

91 2804 186 2854 psit,
215 2804 281 2853 ubi
312 2814 513 2858 postquam
537 2806 655 2845 inulta
685 2807 731 2844 de
751 2821 844 2859 pace
865 2809 902 2844 in
924 2806 1096 2845 Ecclesia
1117 2822 1206 2846 enn-

96 2858 277 2897 servanda
307 2871 390 2910 egre
419 2861 453 2897 ie
482 2862 739 2912 exposuisset,
777 2862 828 2899 ita
858 2863 1001 2913 pergit:
1022 2864 1048 2882 “
1072 2860 1205 2899 Enim-

94 2934 121 2954 υ
150 2920 239 2947 vero
264 2908 354 2948 licet
382 2873 570 2952 fiominus
600 2927 706 2952 meus
732 2912 956 2953 Caelestinus
985 2914 1067 2952 Deo
1094 2915 1206 2952 devo-

98 2989 125 3008 „
155 2960 319 3001 tissimus
333 2962 544 3019 Episcopus
573 2967 703 3006 decem
734 2976 879 3007 tantum
910 2968 1060 3006 dierum
1091 2969 1205 3005 inter-

97 3041 125 3061 „
154 3012 326 3063 vallum,
354 3020 559 3058 terminum
590 3034 706 3074 usqne
723 3023 951 3074 responsioni
970 3020 1205 3072 praefinimm

96 3094 123 3114 ,‚
153 3065 262 3105 valde
291 3081 338 3107 an
367 3079 518 3120 ustum,
562 3072 696 3115 litteris
723 3077 800 3112 suis
829 3076 1118 3127 interposuerit:
1149 3082 1203 3110 ta-

94 3146 121 3168 „
152 3133 238 3157 men
269 3133 328 3160 res
360 3134 430 3160 taec
460 3122 770 3176 lmjusmodiest,
801 3137 930 3167 utnon
959 3129 1044 3165 dico
1071 3127 1202 3164 decem

95 3199 124 3222 2,
153 3172 314 3222 diebus,
344 3175 406 3213 sed
438 3187 538 3223 un0,
583 3179 658 3215 imo
686 3193 775 3217 vero
804 3182 936 3233 paucis
967 3180 1067 3219 lioris
1087 3210 1097 3227 ‚
1128 3188 1202 3219 tota

94 3253 122 3275 „
151 3227 290 3265 confici
320 3240 424 3280 pos-e
460 3229 658 3267 videatur.
687 3231 784 3269 Nam
815 3235 906 3286 quid
937 3234 1088 3272 facilius
1123 3241 1200 3280 est,

99 3305 126 3327 „
155 3292 279 3331 quam
298 3285 461 3321 nomine
481 3281 710 3333 commocio,
730 3286 936 3338 multisque
950 3290 1101 3326 sanctis
1122 3285 1201 3325 P.»-

2263 76 2343 116 123

1289 71 1536 115 CYllILLI
1555 100 1577 113 ..

1344 150 1463 188 tribus
1494 158 1638 187 usitato
1661 180 1671 198 ,
1700 150 1749 190 (ἲ)
1777 163 1868 188 vern
1897 150 2177 200 nihilominus,
2215 151 2403 189 salutari-

1289 232 1316 252 „
1346 217 1419 253 que
1448 216 1501 240 ez:
1533 201 1695 254 Virgine
1723 207 1823 241 ortui
1863 217 2137 256 percongruo,
2187 207 2226 241 in
2260 203 2404 243 Christi

1288 285 1316 305 „
1343 259 1523 293 omnium
1544 265 1721 293 nostrum
1747 255 1860 307 lingis
1876 256 2170 307 dispensatione
2189 262 2243 295 nti
2261 256 2284 293 ?
2302 258 2402 296 Cum

1289 337 1316 357 „
1345 307 1416 346 hoc
1445 321 1533 359 ergo
1562 321 1683 360 neque
1712 322 1826 359 grave
1844 339 1853 356 ,
1885 325 2004 362 neque
2037 311 2292 364 periculosum
2323 314 2402 361 sit,

1288 390 1314 410 „
1345 374 1502 412 aeqnutn
1535 374 1605 398 non
1635 370 1713 408 est,
1745 372 1782 399 ut
1812 363 1993 402 Sanctitas
2023 374 2084 402 tua
2116 363 2211 401 illud
2244 365 2401 404 refutet·

1288 443 1314 462 „
1345 413 1477 467 Neque
1507 413 1545 451 id
1575 425 1673 451 nunc
1702 415 1803 467 apud
1833 430 1871 452 so
1898 419 2051 468 cogitet,
2081 427 2191 468 turpe
2221 431 2298 455 esse
2326 418 2401 457 sibi

1290 496 1316 516 „
1346 467 1554 518 pugnantia
1585 466 1718 504 ducere
1736 494 1745 505 .
1774 469 1813 506 Si
1835 471 1935 507 enini
1968 484 2072 508 mens
2100 480 2163 508 tua
2192 471 2324 508 eadem
2346 485 2401 507 sa-

1289 549 1316 568 „
1347 521 1400 571 pit
1429 519 1463 557 8<
1493 520 1629 568 sentit,
1658 534 1746 573 (μιᾶς
1776 523 1896 558 sancti
1930 522 2080 570 Patres,
2123 532 2235 577 atque
2265 521 2401 560 Docto-

1288 603 1314 621 „
1346 587 1430 621 res,
1473 586 1654 626 quorsum
1686 575 1826 612 vereris
1870 576 1976 626 pium
2007 578 2124 614 animi
2156 578 2210 615 tui
2248 589 2400 614 sonsum

1288 657 1313 675 „
1343 628 1581 666 convenienti
1613 639 1703 664 voce
1733 627 1956 679 publicare?
1976 632 2001 648 ‘·'
2025 629 2157 681 Neque
2179 642 2268 668 vero
2287 628 2401 667 Joau-

1285 694 1350 719 nes
1379 689 1568 719 contentus
1598 688 1702 729 erat,
1744 682 1774 719 si
1807 693 1937 719 vocem
1970 680 2194 732 Deipamm
2237 690 2402 721 tantum-

1285 734 1398 772 modo
1425 733 1665 781 admitteret,
1694 735 1756 772 sed
1787 734 1959 785 exigebat
1990 737 2167 789 insuper,
2199 747 2235 774 nt
2259 746 2400 774 rectam

1285 789 1402 842 ipsius
1432 788 1620 826 notionem
1650 796 1763 840 atque
1794 788 2082 838 intelligentiam
2128 790 2366 841 profiteretur
2387 813 2399 827 .

1285 871 1310 891 „
1341 840 1495 879 Etenim
1514 870 1524 887 ,
1568 840 1717 888 subdit,
1759 841 1787 878 si
1821 842 1857 877 id
1885 843 1985 893 quod
2016 843 2179 882 nominis
2207 842 2402 895 siguifica-

1284 924 1311 944 „
1341 897 1438 934 tione
1453 893 1630 942 offertur,
1661 907 1735 932 non
1757 894 1963 946 recipimus
1981 925 1991 943 ,
2023 905 2160 944 restat,
2182 905 2219 933 ut
2243 900 2283 932 ιή
2301 907 2399 948 gra-

1284 979 1310 999 „
1339 951 1542 986 vissimum
1574 960 1747 986 errorem
1776 946 2064 997 prolabamur:
2097 951 2217 987 immo
2239 963 2329 987 vero
2359 957 2399 986 ut

1283 1032 1309 1051 „
1339 1004 1443 1040 circa
1473 1000 1786 1052 inexplicabilem
1837 1000 1943 1039 illam
1989 1003 2171 1053 unigeniti
2203 1002 2295 1040 Filii
2325 1002 2400 1040 Dei

1283 1085 1309 1104 „
1340 1056 1597 1093 oeconomiam
1626 1055 1955 1103 periculosissime
1986 1068 2197 1094 versemur:
2227 1056 2398 1108 quaudo-

1282 1138 1308 1158 „
1337 1108 1495 1160 quidem
1526 1110 1679 1147 nomine
1717 1107 1785 1145 hoc
1815 1107 1965 1146 sublato
1985 1137 1996 1157 ,
2038 1108 2097 1145 vel
2131 1110 2252 1160 potius
2283 1108 2399 1159 liujus

1283 1192 1309 1211 „
1339 1163 1504 1199 nominis
1535 1163 1682 1199 notione
1712 1161 1937 1213 repudiata,
1980 1166 2154 1212 seqnitur
2184 1175 2310 1209 mox,
2354 1162 2399 1199 il-

1282 1246 1308 1264 „
1338 1217 1420 1254 lum
1450 1228 1528 1256 non
1558 1228 1643 1253 esse
1673 1213 1833 1261 Deum,
1875 1215 1942 1266 qui
1972 1214 2243 1253 admirabilem
2288 1214 2399 1253 illam

1285 1299 1313 1321 „
1341 1270 1634 1322 disputationem
1653 1298 1663 1317 ,
1694 1275 1830 1306 nostrae
1873 1266 2003 1306 salutis
2043 1281 2157 1305 causa
2205 1270 2399 1320 suscepit3

1286 1353 1312 1373 „
1342 1331 1423 1360 tum
1454 1322 1718 1361 DeiVerbum
1748 1334 1872 1374 neque
1901 1334 1938 1358 se
1967 1321 2245 1368 eximium-isse,
2275 1334 2401 1372 neque

1287 1406 1315 1427 „
1343 1378 1382 1414 in
1411 1378 1508 1414 servi
1542 1377 1703 1415 form-am
1725 1388 1761 1412 se
1780 1374 1974 1411 dimittens
1994 1373 2232 1412 ineffabilem
2261 1387 2399 1426 quain-

1282 1460 1308 1480 „
1336 1430 1425 1469 datn
1455 1429 1698 1480 benignitatis
1729 1427 2032 1478 magnitudinem
2073 1426 2241 1464 humano
2269 1427 2399 1477 generi

1282 1514 1310 1534 ,‚
1340 1482 1555 1521 exhibuisse
1584 1486 1610 1503 “
1630 1508 1641 1520 .
1678 1481 1870 1532 Pluraque
1900 1480 2071 1530 ejusdem
2099 1481 2246 1531 generis
2293 1479 2397 1517 addit

1279 1537 1441 1574 Joannes
1463 1566 1472 1583 ,
1520 1549 1607 1589 quae
1639 1543 1780 1573 rectam
1811 1533 1915 1572 illius
1944 1533 2061 1571 fidem
2093 1534 2132 1571 in
2170 1535 2251 1585 ipso
2280 1531 2396 1584 liujus

1279 1590 1545 1628 controversiae
1575 1588 1729 1628 exordio
1757 1595 1923 1624 testatam
1954 1587 2127 1624 faciunt.

1336 1655 1426 1680 202.
1457 1640 1539 1679 I’ost
1569 1650 1694 1679 autem
1737 1640 1938 1678 discordiae
1981 1640 2163 1677 incendio
2207 1647 2398 1677 crescente

1279 1695 1381 1734 visus
1411 1704 1461 1734 est
1490 1695 1655 1732 Joannes
1685 1693 1847 1731 Nestorii
1890 1705 2015 1729 causae
2046 1693 2096 1728 ita
2140 1692 2397 1740 patrocinari,

1280 1757 1319 1787 ut
1349 1762 1424 1787 non
1456 1749 1646 1785 immerito
1673 1746 1754 1795 ejus
1797 1744 1890 1782 fides
1933 1752 2105 1796 suspecta
2135 1743 2276 1781 fuerit.
2320 1743 2397 1780 Ve-

1279 1811 1479 1840 runtamen
1507 1815 1545 1836 se
1574 1811 1773 1850 nunquam
1803 1796 1853 1834 ab
1881 1796 2106 1844 orthodoxa,
2136 1809 2303 1848 sanaque
2331 1796 2398 1833 do-

1277 1855 1400 1893 ctrina
1430 1853 1620 1890 recessisse
1651 1850 1900 1897 monstravit,
1929 1864 2018 1889 cum
2050 1858 2144 1888 aestu
2173 1850 2396 1900 disputatio-

1275 1908 1336 1946 nis
1364 1906 1442 1958 jam
1475 1906 1629 1943 remisso
1649 1934 1660 1952 ,
1691 1902 1854 1943 Paulum
1885 1903 2129 1942 Emisseuum
2159 1902 2396 1953 Episcopum

1276 1959 1549 2000 Alexandriam
1566 1958 1614 1996 ad
1634 1957 1674 1997 S.
1689 1957 1883 2011 Cyrillum
1902 1958 2024 2004 misit,
2055 1957 2158 2006 pacis
2179 1956 2363 1993 nuncium
2380 1984 2392 2003 ,

1276 2012 1312 2051 8(
1340 2014 1527 2052 arbitrum
1547 2037 1556 2049 .
1588 2012 1661 2049 Hic
1691 2012 1822 2056 enim,
1852 2007 1886 2043 ἃ
1914 2023 2006 2056 suo,
2049 2007 2188 2061 Cyrilli
2207 2038 2216 2056 ,
2246 2007 2280 2044 8<
2309 2021 2391 2045 om-

1277 2069 1385 2105 nium
1415 2064 1673 2103 Orientalium
1720 2063 1876 2101 nomine
1917 2062 1954 2098 in
1985 2061 2139 2114 publica
2170 2061 2360 2099 Com-ione
2381 2091 2392 2110 ,

1278 2120 1361 2170 ipso
1388 2118 1538 2169 Cyrillo
1566 2125 1774 2168 praesente:
1817 2113 2000 2164 Peperit,
2044 2116 2188 2167 inquit,
2219 2112 2297 2152 Dec·
2325 2127 2393 2166 ge-

1276 2175 1401 2208 nitrix
1430 2169 1575 2208 Maria.
1596 2167 1912 2206 Emmanuelem
1930 2193 1941 2205 .
1975 2167 2052 2218 Qui
2081 2172 2138 2205 itu.
2167 2180 2248 2205 non
2277 2167 2393 2217 dicit„

1277 2222 1502 2261 anatliema.
1531 2226 1578 2260 sit
1599 2221 1649 2260 ab
1671 2220 1858 2259 Ecclesia
1875 2247 1886 2259 .
1915 2220 1964 2259 Et
1985 2234 2114 2259 rursus
2130 2250 2140 2269 ,
2163 2250 2189 2268 „
2212 2220 2390 2259 Duarum

1271 2304 1298 2325 ‚,
1327 2286 1550 2315 naturarum
1591 2275 1778 2327 perfectus
1824 2287 2027 2312 concursus
2066 2274 2244 2313 humanas
2287 2273 2389 2311 scili-

1270 2359 1298 2378 „
1327 2340 1384 2368 cet
1401 2360 1410 2378 ‚
1441 2344 1482 2367 ac
1513 2330 1656 2367 divinae
1674 2359 1684 2376 ,
1715 2341 1838 2366 unum
1868 2325 1976 2365 nobis
1995 2331 2195 2365 constituit
2219 2325 2359 2365 Filium
2378 2357 2388 2375 ,

1271 2412 1297 2432 „
1327 2397 1450 2420 unum
1485 2381 1705 2429 Christum,
1748 2395 1870 2418 imum
1901 2379 2123 2419 Dominum
2142 2408 2153 2419 .
2190 2381 2270 2427 Qui
2300 2393 2390 2418 vero

1270 2465 1296 2485 „
1326 2437 1483 2483 dicunt,
1520 2437 1612 2474 duos
1643 2450 1718 2473 esffi·
1750 2435 1896 2483 Filios,
1927 2448 1986 2472 eos
2007 2433 2388 2480 anathematizamus,

1271 2519 1298 2537 „
1327 2490 1361 2527 &
1391 2504 1409 2527 e
1439 2490 1554 2527 sacris
1584 2489 1769 2528 Ecclesiae
1799 2489 1911 2539 septis
1940 2487 2209 2539 explodimus.
2231 2490 2257 2507 “
2280 2484 2387 2524 Mul-

1270 2551 1383 2595 taque
1425 2541 1502 2579 alia
1531 2542 1700 2591 ejusdem
1731 2541 1880 2591 generis
1927 2542 2066 2590 adjecit
2085 2569 2095 2586 ,
2141 2538 2284 2591 quibus
2313 2551 2388 2576 non

1270 2597 1393 2632 solum
1425 2594 1602 2641 haeresis,
1632 2593 1694 2630 sed
1725 2594 1840 2631 etiam
1872 2604 2030 2643 persona
2060 2590 2222 2629 Nestorii
2251 2591 2389 2628 conde-

1271 2647 1472 2686 mnabatur
1490 2674 1499 2684 .
1543 2646 1697 2693 Quibus
1726 2645 1890 2692 auditis,
1938 2643 2103 2696 populus
2132 2643 2276 2691 semel,
2319 2644 2388 2681 ite-

1270 2715 1369 2739 ruin<
1390 2716 1435 2738 ue
1456 2698 1573 2737 l'aulo
1602 2699 1853 2737 acclamavit:
1885 2696 1990 2734 Bene
2020 2700 2176 2744 venisti,
2207 2695 2387 2734 orthodo-

1269 2767 1323 2791 xe
1343 2716 1538 2803 Elptscope
1558 2751 1627 2790 ἃς.
1657 2751 1794 2789 Paulus
1824 2764 1911 2787 vero
1940 2751 2110 2787 eamdem
2141 2749 2388 2789 orthodoxam

1272 2806 1387 2846 fidem
1420 2809 1556 2844 iterum
1601 2805 1729 2857 palam
1771 2804 1995 2856 praedicavit
2027 2805 2064 2840 in
2098 2802 2266 2840 Homilia
2293 2801 2387 2841 Kal.

1272 2861 1444 2898 Januarii
1468 2889 1477 2907 ,
1507 2872 1595 2912 qnae
1625 2859 1712 2896 duae
1736 2856 1916 2894 Homiliae
1947 2856 2142 2894 concordis
2162 2855 2306 2908 ubique
2322 2857 2388 2892 do-

1273 2914 1407 2951 ctrinoe
1451 2922 1557 2952 testes
1599 2913 1637 2949 in
1669 2912 1734 2949 lll.
1765 2909 1804 2949 P.
1834 2908 1996 2948 Concilii
2039 2908 2224 2963 Epltesini
2267 2910 2387 2949 conti-

1273 2974 1405 3004 nentur
1427 2992 1436 3004 .

1329 3019 1420 3058 203.
1450 3018 1619 3056 Ulterius
1635 3015 1846 3056 Orientales
1861 3016 2044 3069 Episcopi
2073 3015 2120 3055 ad
2148 3027 2301 3056 omnem
2321 3029 2384 3054 su-

1270 3073 1450 3124 spicionis
1481 3071 1656 3109 umbram
1703 3074 1968 3109 removendam
1999 3069 2224 3123 Apologiam
2256 3069 2383 3107 edide-

1270 3134 1384 3171 runt,
1414 3139 1530 3177 quam
1562 3137 1635 3162 nou
1656 3123 1778 3162 solum
1797 3123 2048 3176 approbavit,
2077 3124 2141 3161 sed
2162 3125 2275 3161 etiam
2298 3124 2381 3161 vin-

1269 3179 1410 3216 dicavit
1439 3176 1478 3216 S.
1499 3176 1691 3228 Cyrillns,
1722 3178 1772 3214 ita
1802 3178 1847 3214 ad
1879 3177 2062 3214 Acacium
2095 3176 2380 3215 Melitinensem

1268 3231 1452 3269 scribens:
1483 3231 1630 3278 „Quia
1659 3230 1892 3268 Sanctissimi
1924 3229 2135 3268 Orientales
2165 3228 2376 3280 Episcopi,

1268 3314 1295 3334 „
1324 3297 1415 3323 cum
1443 3283 1585 3338 Ephesi
1615 3292 1766 3333 essent,
1801 3298 1825 3322 a
1851 3282 1960 3323 nohis
1987 3282 2286 3326 dissentiebant,
2317 3292 2378 3315 ea·

2207 3361 2232 3380 „
2252 3344 2327 3385 que

1290 181 1314 200 θ’
