2583 3685
706 9 788 57 DE
823 8 1390 56 COMMUNICATIONE
1424 5 1807 53 IDIOMATUM.

118 101 230 145 modo
258 92 472 154 probabilis
500 89 746 141 redderetur,
787 90 918 131 multis
945 105 1040 145 opus
1069 92 1141 131 fuit
1172 91 1227 129 uti

119 155 301 209 argutiis,
329 163 373 189 ac
400 146 695 186 subtilitatibus.
725 144 856 185 Primo
884 144 986 184 enim
1015 145 1137 198 aliqui
1158 146 1229 183 tria

115 210 367 250 distinxerunt
403 201 759 239 communicationis
802 201 1026 238 idiomatum
1063 210 1228 250 genera,

116 271 278 318 quorum
308 254 479 308 primum
510 262 561 292 est
590 253 687 293 illud
715 253 816 306 quod
845 253 947 306 apud
977 253 1133 291 Sanctos
1160 250 1230 288 Pa·

116 325 216 360 tres,
243 321 452 360 omnesque
480 305 691 359 Theologos
719 319 868 360 semper
896 305 1088 353 obtinuit,
1121 317 1229 342 uem·

114 379 163 422 pe
189 361 489 403 communicatio
518 362 712 413 reciproca
731 363 1016 412 proprietatum
1034 357 1229 408 utriusque

113 427 286 460 naturae.
335 414 508 454 Alterum
537 427 656 467 genus
693 421 876 452 vocarunt
916 411 1228 449 communionem

113 465 355 522 ιἰχημοῖτον
372 498 383 515 ,
420 481 486 506 seu
515 467 782 518 dignitatum,
811 478 887 518 qua
916 463 1049 502 volunt
1077 471 1225 500 natura:

113 522 298 563 humana:
327 520 468 560 Christi
499 521 614 560 fuisse
640 521 960 559 communicatam
997 517 1121 568 ipsam
1151 514 1226 552 Dei

114 573 352 627 majestatem
369 604 382 624 ‚
411 583 452 613 ut
472 573 651 613 attributa
666 603 678 623 ‚
714 586 804 625 quae
824 577 957 611 vocant
989 566 1225 628 s'npynerixa‘,

112 633 246 669 activa
263 658 274 678 ,
302 640 446 680 nempe
473 629 830 681 omnipotentiam,
871 624 1198 661 omniscienttam
1214 649 1225 670 ,

111 684 163 725 (θ’
190 684 562 733 omniproesentiam
578 706 590 720 .
619 680 750 718 Tertia
778 678 960 716 idiomata
988 684 1132 714 naturae
1155 673 1226 713 hu-

113 750 243 775 manae
271 735 554 774 communicata
582 729 774 786 appellant
803 727 1133 788 ἐποτέῇισμανα,
1163 741 1228 766 sen

114 789 330 839 efficientia
347 804 363 834 ;
438 796 592 826 uatenus
619 798 696 823 una
724 791 856 822 natura
883 789 962 834 agit
1003 794 1093 818 cum
1122 795 1226 819 com-

113 843 369 883 municatione
436 841 574 880 terius.
620 837 668 877 Et
695 851 785 876 cum
815 833 901 873 haec
927 835 1004 873 duo
1039 843 1227 885 postrema

112 897 267 936 nomina
296 904 414 934 essent
428 891 632 945 Theologis
651 903 804 944 prorsus
824 889 1002 926 inusitata
1018 917 1028 935 ,
1058 887 1224 926 multum

112 948 300 989 laboravit
325 946 563 986 Chemnitius
604 945 643 984 in
671 944 760 983 Lib.
803 942 851 980 de
879 940 1029 979 duabus
1070 945 1225 980 naturis

111 1007 154 1042 in
186 1001 338 1040 Christo
362 1011 452 1053 cap.
477 1011 563 1048 12.‚
592 1006 634 1036 ut
661 996 895 1043 ostenderet,
925 996 982 1034 sin
1012 995 1140 1034 minus
1159 1008 1224 1032 no·

110 1056 246 1103 mina,
275 1052 408 1093 saltem
436 1066 496 1092 res
524 1053 625 1104 ipsas
654 1064 724 1089 nec
753 1050 900 1088 Sanctis
927 1047 1127 1098 Patribus,
1157 1062 1224 1088 nec

108 1107 302 1149 veteribus
331 1104 535 1158 Theologis
562 1105 678 1143 fuisse
708 1105 717 1142 i
748 1113 878 1142 notas.

165 1160 259 1201 532.
287 1159 361 1198 Sed
397 1156 518 1198 multo
559 1159 680 1209 magis
721 1118 980 1205 ῗαδοτατιιηι,
1028 1163 1068 1194 ιιι
1097 1162 1225 1194 notam

109 1212 425 1267 Eutychianismi
453 1225 476 1250 a
494 1224 533 1250 se
560 1209 812 1249 amolirentur
828 1240 838 1258 ,
868 1223 986 1263 quam
1006 1221 1081 1248 non
1099 1208 1224 1248 solum

109 1266 330 1314 Catholici,
371 1266 436 1304 sed
483 1265 598 1303 etiam
626 1263 841 1302 Calviniani
863 1293 874 1311 ,
917 1262 952 1299 ἃ
981 1261 1225 1314 Zvvingliani

110 1321 204 1374 ipsis
219 1320 353 1358 merito
380 1318 662 1372 appingebant,
690 1318 793 1369 quod
807 1316 950 1356 scilicet
978 1316 1143 1354 duarum
1160 1330 1225 1354 na·

111 1382 285 1413 turarum
299 1373 607 1425 permixtionem,
626 1385 670 1409 ac
689 1370 951 1408 confusionem
967 1370 1009 1407 in
1027 1383 1100 1407 una
1113 1369 1226 1408 Chri·

108 1428 156 1466 sti
184 1438 344 1480 persona
373 1425 622 1463 inducerent.
658 1423 755 1462 Suos
782 1425 830 1462 ad
859 1423 931 1462 hoc
959 1431 1117 1461 conatus
1147 1437 1227 1461 ma·

107 1481 214 1518 xime
254 1477 415 1517 contulit
441 1478 553 1516 Joan.
582 1476 839 1516 Schroederus
868 1478 907 1515 in
936 1475 1070 1515 multis
1100 1476 1230 1514 Libris

108 1532 158 1571 de
187 1531 259 1571 hac
286 1531 449 1570 materia
467 1531 603 1579 editis,
631 1531 830 1583 praecipue
857 1537 987 1567 autem
1017 1530 1056 1567 in
1087 1528 1228 1568 illoin-

110 1586 251 1638 scripto
290 1583 342 1623 de
379 1582 733 1633 Nestoriant'smo,
780 1584 830 1625 <9¹
859 1582 1228 1636 EutychianismO.

111 1640 237 1691 Atque
265 1636 335 1677 hac
365 1638 406 1676 in
436 1652 476 1676 re
504 1638 554 1676 ad
589 1637 777 1676 invidiam
823 1637 1093 1676 declinandam
1136 1650 1227 1674 non·

110 1703 326 1744 numquam
354 1692 403 1731 iis
448 1691 708 1731 locutionibus
735 1691 793 1730 usi
823 1699 908 1730 sunt
928 1719 940 1739 ,
981 1690 1124 1743 quibus
1152 1703 1227 1728 non

111 1853 206 1901 quod
230 1865 294 1900 per
317 1853 451 1899 aliquot
475 1851 548 1889 dies
574 1861 793 1901 protractum
816 1862 893 1896 est,
933 1855 966 1886 ἀ
991 1851 1131 1887 tandem
1156 1852 1232 1887 sine

112 1903 188 1936 ullo
210 1901 328 1935 fructu
351 1899 463 1934 direm
492 1910 568 1936 tum
583 1925 593 1934 .
621 1901 736 1946 Hujus
761 1901 926 1945 colloquii
946 1900 1132 1933 historiam
1150 1910 1234 1943 sup-

111 1947 246 1994 peditat
270 1949 372 1982 Joan·
398 1948 453 1982 An
479 1959 554 1982 reas
579 1945 778 1981 Schmidius
804 1947 840 1980 in
868 1947 971 1980 Tem.
996 1948 1039 1978 n.
1067 1946 1232 1990 Sagitta-

112 1999 216 2028 rionae
239 1993 428 2028 Introduct.
468 2005 546 2038 pag.
581 1993 682 2036 154¹.
708 2003 780 2037 seq.
822 1991 902 2027 Post
925 1991 991 2025 hoc
1017 1991 1232 2036 colloquium

112 2041 228 2074 turbae
252 2049 362 2075 auctae
388 2048 470 2074 sunt
496 2041 588 2074 inter
614 2039 705 2084 ipsos
733 2036 976 2078 Lutheranos,
1017 2047 1168 2082 quorum
1195 2048 1232 2071 a·

109 2085 200 2131 liqui
228 2086 510 2127 accusabantur,
536 2093 716 2131 tamquam
742 2083 786 2119 ad
799 2085 1057 2119 Calvinismum
1084 2094 1233 2127 propen-

114 2131 238 2166 derent
257 2153 268 2172 ‚
304 2135 337 2165 δε
361 2132 422 2178 qui
446 2140 630 2178 propterea
654 2131 772 2165 vocari
809 2130 967 2162 solebant
993 2128 1234 2170 Crrpto-Cal-

115 2181 271 2219 viniani,
315 2178 408 2211 inter
431 2189 518 2221 quos
554 2177 689 2221 primus
724 2174 957 2218 reponebatur
982 2172 1071 2205 Phil.
1096 2173 1234 2206 Melan—

111 2222 244 2258 cthon.
285 2224 378 2256 Cum
401 2231 519 2255 autem
546 2222 688 2255 illorum
714 2230 880 2253 numerus
905 2217 1060 2263 quotidie
1088 2229 1235 2263 augere-

111 2276 198 2309 tur,
228 2275 269 2302 ιιι
294 2266 377 2301 huic
400 2267 495 2301 malo
519 2278 554 2300 se
578 2274 766 2311 opponeret
790 2265 941 2300 Jacobus
967 2263 1116 2298 Andreae
1143 2266 1231 2299 alte-

112 2326 194 2351 rum
222 2313 257 2349 in
283 2313 434 2347 saxonia
458 2313 672 2357 colloquium
698 2323 778 2346 cum
797 2310 984 2356 Theologis
1000 2311 1232 2345 Wirtember-

113 2359 279 2406 gensibus
303 2359 451 2400 habuit5
477 2356 536 2392 sed
560 2370 641 2392 cum
660 2359 718 2392 isti
745 2369 849 2392 novos
877 2368 1036 2403 semper,
1062 2365 1100 2391 ιιι
1125 2369 1232 2392 novos

114 2405 237 2452 rigidis
251 2404 460 2440 Lutheranis
484 2416 619 2439 errores
642 2404 861 2450 objicerent,
889 2401 1031 2437 dissidia
1058 2405 1232 2448 multipli-

116 2461 195 2487 cata
221 2461 302 2486 sunt
321 2473 334 2493 ,
374 2459 478 2497 atque
504 2452 688 2485 innumera
713 2463 754 2485 ex
789 2458 938 2495 utraque
976 2458 1074 2494 parte
1100 2451 1232 2495 scripta

114 2497 347 2545 prodierunt3
386 2499 515 2543 quibus
539 2505 578 2531 ιιι
602 2497 681 2532 finis
709 2494 849 2530 tandem
875 2497 1139 2541 imponeretur,
1181 2497 1233 2530 fa-

114 2556 232 2579 mosus
259 2544 437 2579 confectus
461 2552 514 2578 est
539 2555 594 2577 an.
624 2544 723 2579 1580.
750 2543 853 2577 Liber
880 2542 1105 2582 Concordiae,
1137 2548 1149 2582 (
1172 2555 1233 2576 seu

115 2599 156 2625 ιιι
184 2591 302 2625 verius
326 2602 346 2624 a
371 2590 531 2636 pluribus
556 2590 751 2636 appellatus
788 2589 853 2623 fuit
878 2588 982 2623 Liber
1009 2588 1231 2630 Discordia,

114 2638 172 2671 vel
195 2637 393 2672 Concordia
417 2636 568 2672 Discors
593 2642 630 2678 >‚
673 2644 776 2682 atque
803 2644 869 2669 art.
896 2637 930 2671 8.
968 2635 1138 2669 insertum
1162 2636 1231 2669 fnit

114 2682 309 2719 absurdum
345 2681 472 2729 dogma
500 2683 782 2728 Omnipraesentia
816 2685 932 2716 carnis
959 2681 1121 2715 Christi.
1166 2681 1233 2715 Sed

115 2730 183 2764 iste
206 2729 430 2776 potissimum
456 2730 626 2765 articulus
643 2752 655 2771 ,
687 2730 795 2764 immo
820 2738 891 2763 tota
916 2727 1074 2763 doctrina
1102 2728 1234 2762 Luthe-

117 2785 204 2811 rana
226 2774 268 2810 de
292 2776 608 2812 communicatione
635 2775 842 2810 idiomatum
878 2774 1092 2809 validissime
1119 2774 1234 2820 impu-

121 2829 228 2865 gnata
251 2822 344 2863 fuit,
369 2820 497 2857 nedum
523 2833 541 2856 a
568 2822 760 2857 Catholicis
776 2843 788 2864 ,
814 2820 872 2856 sed
898 2823 1005 2856 etiam
1032 2834 1050 2855 a
1076 2822 1234 2855 Calvini-

124 2866 212 2907 stis3
238 2875 358 2902 contra
382 2881 469 2914 quos
493 2881 570 2903 eam
594 2867 772 2904 mordicus
797 2867 979 2903 defendere
998 2880 1066 2901 non
1090 2867 1236 2901 destite-

122 2923 162 2945 re
189 2911 332 2946 Lutheri
361 2915 497 2948 asseclae
517 2937 528 2956 ,
568 2917 790 2961 potissimum
828 2927 912 2949 vero
934 2916 1043 2949 Mart.
1069 2913 1236 2949 Chernni-

121 2959 193 2992 tius
219 2958 255 2992 in
282 2960 391 2994 Libro
415 2962 459 2995 de
484 2963 610 2997 duabus
635 2966 767 2998 naturis
794 2966 829 2996 in
848 2963 990 2996 Christo
1017 2963 1080 2995 &c.
1108 2961 1235 3005 Lipsiae

128 3005 254 3046 1580„
279 3017 383 3050 quem
408 3007 503 3041 illico
528 3009 746 3055 impugnavit
770 3009 892 3043 Lamb-
918 3009 1094 3048 Danaeus,
1120 3006 1239 3041 defen-

123 3050 176 3084 dit
201 3062 286 3085 vero
311 3049 445 3086 Frider.
472 3053 584 3088 Petri:
627 3065 729 3102 atque
754 3056 802 3090 ita
829 3056 961 3090 bellum
996 3055 1062 3088 hoc
1088 3053 1239 3087 Theolo-

123 3098 240 3143 gicum
268 3097 509 3132 continuatum
536 3109 587 3133 est
612 3113 720 3145 usque
747 3100 788 3135 ad
814 3111 969 3136 nostram
986 3109 1150 3140 aetatem,
1177 3110 1238 3132 no-

124 3145 179 3178 vis
205 3155 341 3190 semper
367 3144 432 3179 sibi
452 3144 716 3180 succedentibus
735 3147 777 3181 ad
794 3159 949 3193 pugnarn
961 3148 1143 3192 utriusque
1157 3157 1238 3191 par-

117 3190 172 3225 'tis
198 3191 461 3236 Scriptoribus;
497 3199 536 3224 ιιι
561 3192 672 3225 omnis
696 3192 769 3237 jam
792 3195 973 3229 evanuerit
999 3193 1094 3227 illius
1119 3191 1238 3237 profli-

128 3235 231 3281 gandi
258 3248 334 3283 spes
362 3235 454 3282 apud
478 3238 621 3272 illarum
647 3246 820 3273 sectarum
837 3239 1016 3282 homines,
1042 3240 1107 3285 qui
1119 3239 1238 3274 omnia

2278 19 2357 67 175

1295 88 1524 127 videbantur
1552 104 1574 127 a
1603 89 1797 127 communi
1826 88 2008 127 sententia
2050 87 2217 128 multum
2245 89 2375 131 abesse
2395 117 2407 133 ι

1298 142 1410 181 Unde
1439 142 1561 203 aliqui
1602 143 1894 190 contenderunt,
1941 142 2036 181 hanc
2078 146 2408 196 controversiam,

1298 197 1410 233 tantis
1451 207 1670 234 animorum
1712 194 1878 234 motibus
1919 197 1985 234 diu
2022 199 2227 248 agitatam,
2269 212 2410 251 puram

1299 248 1414 286 fuisse
1434 277 1446 295 ,
1476 257 1685 299 putamque
1700 247 1975 298 logomachiam
2000 280 2010 297 ,
2038 251 2084 288 ad
2114 266 2229 304 quam
2259 253 2410 305 sopien-

1295 300 1384 337 dam
1414 300 1509 338 nihil
1540 301 1764 339 intentatum
1794 302 2028 354 reliquerunt
2059 305 2111 352 ii,
2157 318 2252 356 quos
2293 319 2410 359 supra.

1296 355 1310 404 (
1342 354 1382 390 in
1401 362 1479 391 not.
1502 354 1516 399 )
1545 353 1824 391 nominavimus
1843 386 1853 403 ,
1882 357 1987 394 Sam.
2010 356 2272 396 Puseudorfius
2293 389 2303 406 ,
2332 360 2409 398 duo

1294 405 1434 443 Calixti
1453 435 1462 452 ,
1493 403 1676 454 Psaffius,
1706 407 1739 443 8(
1769 408 1835 445 alii
1859 439 1868 454 ‚
1907 411 2038 448 ceteris
2064 410 2244 449 omuibus
2273 413 2409 451 acriter

1293 458 1327 495 ἃ
1357 460 1655 510 pertinacissime
1683 461 1959 500 resistentibus.

1349 513 1442 552 533.
1472 513 1573 552 luter
1601 515 1825 552 recentiores
1853 514 2112 565 Lutherauos,
2155 515 2254 557 hanc
2282 517 2409 569 Majo-

1293 578 1380 604 rum
1415 579 1572 605 suorum
1613 568 1826 606 doctrinam
1856 581 1995 620 magno
2033 580 2168 608 conatu
2205 571 2409 611 defendero

1339 633 1486 672 gressus
1513 629 1564 658 est
1592 620 1651 660 J0.
1682 619 1822 659 Franc.
1860 621 2033 660 Buddeus
2080 623 2117 660 iu
2147 622 2246 664 Inst.
2277 623 2409 665 Theol-

1292 634 1386 726 ξς.
1415 673 1505 712 Lib.
1535 673 1603 712 IV.
1641 688 1727 726 cap.
1759 688 1795 712 2.
1826 672 1866 726 ᾗ.
1901 674 1989 724 ι6.,
2019 675 2053 712 δι
2081 690 2188 729 seq.,
2232 679 2299 718 ubi
2328 680 2409 731 pri-

1296 739 1360 764 mo
1389 735 1544 776 monet,
1586 740 1662 765 non
1692 741 1770 766 esse
1805 728 1978 766 eamdem
2023 732 2204 769 rationem
2247 732 2410 771 idioma-

1295 788 1376 818 tum
1393 810 1404 829 ,
1434 794 1522 833 quae
1543 794 1566 818 a
1584 781 1718 819 divina
1747 790 1880 819 natura
1909 785 2244 822 communicantur
2272 784 2410 824 huma-

1296 846 1382 881 nae,
1425 843 1538 886 atque
1567 846 1697 872 eorum
1717 864 1727 882 ,
1775 841 1863 886 quae
1894 834 1942 872 ab
1972 834 2139 875 humana
2169 839 2208 875 in
2235 836 2411 876 divinam

1294 887 1538 925 derivantur:
1570 886 1667 925 Sola
1694 891 1832 938 qut'ppe
1861 887 1995 926 divina
2022 899 2171 928 natura
2196 900 2410 941 permeat,

1291 939 1342 980 <y
1371 939 1525 993 perficit
1562 939 1813 979 humanam.
1857 941 2007 980 Deinde
2050 944 2100 980 ita
2143 945 2410 996 prosequitur:

1293 991 1336 1030 Si
1363 1006 1545 1044 quaeras,
1575 994 1665 1045 quial
1693 993 1786 1032 illuri
1814 998 1864 1032 sit
1881 1025 1890 1043 ‚
1919 994 2022 1046 quod
2049 994 2168 1034 hocce
2197 997 2315 1035 modo
2343 996 2412 1036 hu·

1293 1060 1434 1086 manae
1449 1057 1609 1086 naturae
1629 1057 1687 1086 est
1706 1048 2087 1086 communicatum?
2117 1049 2413 1102 Respondetur:

1293 1109 1379 1139 tota
1408 1103 1606 1154 majestas
1634 1101 1795 1149 divina,
1838 1101 1909 1140 hoc
1938 1112 1997 1140 est
2018 1132 2028 1151 ‚
2071 1116 2213 1142 omnes
2241 1108 2412 1155 proprie-

1293 1162 1399 1192 tates
1428 1153 1572 1193 divinae
1599 1163 1761 1192 naturae
1789 1156 2051 1202 essentiales,
2093 1168 2187 1194 cum
2213 1162 2411 1206 operatio-

1293 1206 1406 1245 nibus
1433 1221 1487 1246 ετ
1517 1211 1564 1246 iis
1598 1206 1844 1261 fluentibus,
1888 1212 2061 1256 itemque
2087 1221 2181 1247 cum
2218 1208 2413 1263 dignitate

1290 1261 1341 1302 (θ’
1369 1265 1619 1309 eminentia,
1661 1275 1750 1312 quae
1792 1265 1915 1299 istam
1945 1261 2214 1314 Majestatem
2255 1275 2414 1314 semper

1292 1318 1534 1354 comitatur.
1582 1315 1711 1362 Quam
1741 1316 1779 1353 iu
1810 1327 1890 1352 rem
1933 1315 2050 1353 verba
2079 1328 2125 1353 ex
2156 1315 2276 1354 Libro
2307 1316 2409 1354 Con-

1293 1367 1442 1406 cordiae
1470 1368 1546 1407 huc
1574 1370 1781 1418 spectantia
1810 1367 1974 1420 allegat,
2019 1368 2164 1420 quibus
2206 1371 2410 1418 asseritur,

1294 1423 1333 1459 iu
1362 1420 1544 1460 humana
1577 1420 1719 1459 Christi
1748 1431 1898 1459 natura
1935 1431 2077 1473 praeter
2104 1421 2294 1461 humanas
2323 1436 2410 1475 pro-

1296 1476 1470 1528 prietates
1501 1476 1665 1513 inveniri
1695 1476 1810 1513 etiam
1839 1475 2063 1527 singulares
2084 1505 2094 1523 ‚
2125 1475 2414 1514 excellentissi-

1296 1541 1387 1566 mas
1406 1559 1417 1577 ,
1447 1532 1683 1576 maximas,
1713 1528 2040 1579 supernaturales
2058 1559 2068 1576 ,
2116 1532 2415 1583 impervestiga-

1295 1580 1415 1630 biles,
1459 1585 1524 1619 ine
1560 1580 1681 1619 abiles
1702 1611 1713 1629 ‚
1761 1591 1882 1633 atque
1911 1582 2089 1620 coelestes
2154 1587 2416 1634 raerogativas

1295 1637 1526 1686 majestatis
1547 1665 1558 1684 ‚
1587 1636 1727 1688 glorioe
1743 1665 1752 1683 ‚
1782 1638 1931 1672 virtutis
1949 1663 1959 1682 ‚
1989 1647 2040 1670 ac
2068 1595 2252 1683 pfft'ssntiae
2268 1660 2279 1671 .

1352 1688 1445 1735 554.
1476 1687 1558 1728 Post
1602 1697 1732 1727 autem
1759 1688 1959 1738 distinguit
1999 1686 2180 1725 attributa
2208 1685 2416 1726 divinitatis

2308 1756 2364 1782 υ·

1301 1858 1430 1884 nostrae
1459 1847 1652 1894 Religionis
1677 1846 1841 1894 dogmata
1865 1847 1901 1882 in
1929 1847 2034 1883 sacris
2053 1847 2181 1882 litteris
2200 1846 2417 1889 clarissime,

1299 1897 1609 1942 potentissimeque
1635 1897 1807 1931 contineri
1825 1895 1987 1940 jactant,
2012 1903 2050 1928 ut
2070 1897 2146 1929 solae
2166 1895 2418 1939 sintquarum·

1299 1954 1450 1988 cumque
1477 1943 1796 1976 controversiarum
1821 1941 1960 1974 Judices
1988 1939 2195 1974 sufficientes
2216 1962 2224 1971 .

1344 1990 1448 2024 Anno
1472 1990 1571 2022 1661.
1599 1988 1728 2022 iterum
1742 1987 1910 2022 Cassellis
1929 1987 2141 2030 colloquium
2160 1985 2322 2020 habitum
2339 1993 2417 2028 est,

1299 2033 1528 2080 praesentibus
1558 2032 1670 2067 tribus
1697 2033 1918 2067 Conciliariis
1937 2031 2156 2066 Serenissimi
2173 2031 2338 2065 Wihelmi
2353 2033 2416 2065 Vt.

1301 2081 1434 2114 Hassia‘
1464 2079 1679 2123 Langravii,
1720 2078 1778 2113 uhi
1807 2078 1988 2123 speciatim
2012 2080 2056 2112 de
2081 2089 2227 2122 persona
2256 2079 2418 2118 Christi,

1301 2129 1342 2159 Θ
1367 2127 1564 2158 ι’(ιίίοηιαευιιι
1589 2129 1892 2159 communicatione
1916 2122 2134 2170 disputatum
2162 2126 2228 2158 fuit
2244 2147 2254 2165 ‚
2289 2126 2323 2158 in
2349 2137 2421 2170 quo

1300 2179 1417 2205 tamen
1446 2171 1533 2204 nihil
1559 2169 1654 2204 aliud
1680 2170 1815 2205 definiri
1843 2173 1981 2216 potuit,
2019 2171 2085 2205 nisi
2113 2178 2150 2205 ut
2177 2172 2288 2205 altera
2315 2183 2419 2216 pam,

1300 2230 1368 2252 non
1401 2216 1562 2252 obstante
1599 2227 1723 2251 mutuo
1757 2217 1941 2259 dissensu,
1981 2219 2131 2252 alteram
2166 2217 2316 2259 toleret,
2357 2229 2421 2251 nec

1298 2263 1464 2297 damnet:
1492 2264 1593 2308 cujus
1621 2264 1805 2299 historiam
1830 2263 1972 2299 exhibet
1999 2273 2214 2299 memoratus
2242 2275 2345 2311 supra
2364 2266 2418 2301 Jo.

1299 2309 1457 2345 Andreas
1483 2307 1706 2344 SchmidIus.
1750 2311 1864 2356 Atque
1901 2324 1942 2345 ex
1970 2324 2010 2345 eo
2046 2319 2202 2357 tempore
2240 2319 2421 2357 co’perunt

1300 2356 1460 2391 nonnulli
1487 2356 1576 2390 hanc
1595 2358 1824 2436 quaestionem
1839 2371 1902 2391 non
1918 2354 2215 2402 fundamentalem
2235 2366 2395 2402 reputare
2408 2378 2421 2398 ‚

1302 2413 1340 2437 ut
1366 2404 1460 2436 Sam.
1489 2404 1593 2436 Pui’en
1621 2403 1726 2438 orfius
1754 2408 1789 2437 in
1814 2401 1898 2438 Jure
1914 2405 2048 2449 seciuli
2077 2404 2229 2445 Divino,
2256 2401 2324 2436 (luo
2337 2403 2419 2437 Cal-

1301 2448 1380 2482 lixti
1402 2467 1413 2488 9
1438 2448 1634 2493 Georgius,
1660 2451 1693 2483 Gt
1720 2451 1860 2483 Ulricus
1877 2472 1887 2490 ,
1912 2459 2012 2495 pater
2032 2472 2042 2490 ,
2069 2454 2100 2482 ἀ
2126 2449 2215 2483 tilius
2232 2470 2242 2490 ,
2267 2450 2418 2493 aliique,

1300 2496 1444 2535 multis,
1471 2498 1502 2527 &
1529 2493 1713 2529 inutilibus
1738 2493 1842 2529 editis
1867 2495 1910 2528 ad
1936 2506 2056 2540 pacem
2077 2497 2168 2528 inter
2183 2497 2417 2528 protestantes

1301 2539 1593 2574 restaurandam·
1622 2542 1732 2575 Immo
1756 2550 1794 2574 ut
1821 2539 1894 2575 haec
1921 2541 2059 2575 facilius
2087 2543 2355 2582 restitueretur,
2383 2554 2418 2576 a·

1300 2587 1388 2632 liqui
1415 2599 1454 2621 eo
1473 2588 1644 2632 progressi
1659 2595 1763 2628 sunt,
1789 2596 1828 2620 ut
1843 2586 2079 2628 contendant,
2105 2595 2213 2621 totam
2236 2587 2324 2622 hanc
2337 2599 2421 2622 con·

1301 2635 1534 2674 troversiam,
1569 2644 1646 2678 quae
1675 2645 1735 2679 per
1758 2631 1854 2674 duo,
1897 2637 1928 2667 ὰ
1955 2633 2106 2679 amplius
2132 2635 2258 2668 saecnla
2295 2636 2419 2680 praeci—

1300 2691 1448 2725 puorum
1475 2681 1565 2713 inter
1587 2679 1822 2715 Heterodoxos
1839 2678 2096 2725 Theologorutn
2125 2681 2262 2725 ingenia
2291 2682 2413 2722 torsit,

1303 2729 1334 2759 &
1361 2725 1402 2760 ad
1427 2737 1532 2771 quam
1557 2725 1788 2761 definiendam
1817 2736 1865 2761 tot
1894 2727 1991 2760 Libri
2024 2728 2213 2772 conscripti
2242 2736 2348 2768 sunt,
2385 2730 2419 2761 δε

1302 2781 1352 2806 tot
1379 2771 1631 2818 disputationes
1659 2773 1830 2807 instituta·
1845 2794 1855 2814 ,
1881 2771 2040 2818 putidam
2059 2785 2131 2806 esse
2150 2774 2415 2818 logomachiam.

1303 2819 1375 2852 Hoc
1403 2820 1448 2853 im
1462 2820 1576 2852 »rimis
1602 2818 1780 2853 ostendere
1807 2828 1949 2853 conatus
1975 2829 2027 2853 est
2053 2820 2418 2866 Christoph.Msttias

1303 2832 1704 2899 Pfaffinsilniversitatis
1725 2866 1960 2910 Tubingensis
1985 2867 2225 2900 Cancellarius
2252 2867 2286 2901 in
2313 2867 2417 2902 Allo-

1303 2917 1379 2956 quio
1405 2915 1536 2946 ironico
1561 2914 1606 2946 ad
1631 2911 1870 2947 Protestantes
1897 2913 2069 2958 Tubingae
2099 2922 2200 2958 ¹7²0·
2229 2912 2354 2959 (quod
2378 2926 2419 2948 o-

1305 2969 1369 3003 pus
1395 2960 1514 2992 statim
1541 2957 1708 2993 refutavit
1734 2960 1841 2993 Mart.
1868 2957 2067 2993 Cliadenius
2094 2964 2130 2999 ).
2166 2959 2322 2994 Pfaffinm
2352 2961 2418 2995 Lu-

1306 3004 1492 3038 theranum
1517 3014 1765 3049 praecesserant
1784 3005 1838 3039 Jo.
1861 3005 1948 3040 Lud·
1964 3005 2146 3040 Fabricius
2160 3027 2172 3048 ‚
2197 3009 2228 3040 &
2245 3007 2299 3041 Jo-
2314 3007 2418 3052 Alph.

1307 3050 1519 3084 Turretinus
1546 3050 1750 3085 Calvinistae
1767 3075 1775 3083 .
1803 3048 1868 3085 Sed
1894 3051 1978 3086 huic
1993 3050 2163 3098 sopiendae
2181 3052 2327 3087 diutinae
2344 3065 2417 3087 con-

1306 3098 1489 3130 certationi
1519 3096 1654 3130 nullum
1675 3095 1768 3131 aliud
1783 3098 1931 3132 inveniri
1945 3100 2058 3144 potuit
2072 3095 2287 3141 remedium,
2312 3110 2415 3143 quam

1306 3141 1600 3183 Tolerantismus,
1639 3148 1680 3177 (J
1706 3143 2020 3187 Inclifferentismus
2047 3144 2240 3192 Religionis
2258 3161 2272 3184 ,·
2312 3151 2413 3187 quem

1306 3188 1398 3234 apud
1417 3188 1653 3226 Heterodoxos
1679 3201 1771 3226 nunc
1795 3190 1969 3227 dominari
1986 3189 2202 3228 ostendimus
2228 3191 2309 3226 ‘rm
2335 3198 2411 3232 {us-'-

1308 3235 1389 3282 294.
1414 3247 1486 3282 seq.
