2583 3685
728 85 986 132 APPEND.
1019 88 1098 133 DE
1133 89 1430 136 PARADISO
1466 92 1834 144 TERRESTRI.

124 172 408 218 zmoenitatem,
436 166 471 204 8(
498 163 816 219 tranquillitatem
846 183 923 207 esse
951 170 1087 209 similis
1116 172 1235 222 regio-

126 229 167 266 ni
197 224 364 270 coelesti,
413 220 479 259 ubi
511 220 630 259 nullae
661 231 747 260 sunt
777 223 1032 262 exhalationes
1053 254 1063 274 ‚
1092 225 1235 277 quibus

122 281 220 320 aeris
245 274 498 328 tranquillitas
527 274 673 312 turbari
691 275 792 313 solet
810 304 820 314 .
952 325 954 328 Ι

136 342 146 348 ·
173 331 264 370 502.
295 328 355 367 Ab
384 329 462 366 istis
479 338 566 366 “non
595 328 800 366 admodum
830 330 941 368 distat
964 330 1085 367 Rabbi
1104 329 1231 368 Moses

121 380 369 435 Bar—Cepha,
416 382 483 434 qui
517 383 553 419 in
586 381 673 419 Lib.
697 383 725 419 l.
769 382 816 419 de
847 382 1040 420 Paradiso
1074 398 1160 435 cap.
1192 384 1232 421 ὃ.

121 434 279 489 (Tum.
311 433 437 473 XVll.
470 433 645 472 Bibliot'z.
675 436 746 473 SS.
779 436 854 474 ΡΙ).
886 437 900 483 )
941 446 976 472 nt
1007 436 1132 473 locunt
1165 435 1232 474 Ρα-

116 489 233 528 radisi
264 480 429 526 inveniat
446 518 456 537 ,
485 497 650 527 nostram
671 489 845 527 tellurem
868 490 1046 526 bifariam
1056 489 1202 525 ‘elividit
1220 519 1231 536 ,

123 550 318 595 unamque
347 541 428 592 ejus
456 550 602 594 partem
620 572 630 589 ,
659 557 775 596 quain
799 543 1018 594 puriorem,
1046 541 1081 577 ὃ(
1113 542 1233 578 multo

122 597 413 634 eminentiorem
441 596 560 644 dicit,
590 597 682 633 adeo
710 595 938 642 sublimem,
967 596 1236 646 atqueanobis

120 659 307 689 remotam
328 663 403 687 esse
432 648 535 696 vult,
567 644 604 687 'ut
626 648 684 687 vel
716 649 805 700 ipsis
820 647 1100 685 nostris'oculis
1131 649 1232 686 inac-

114 691 217 742 cessa
247 704 320 748 sit3
368 715 412 740 ex
442 716 486 739 ea
513 711 641 740 autem
669 709 837 753 quatuor
866 700 1002 738 ssuvios
1039 701 1078 738 in
1107 702 1228 739 Ocea-

114 769 211 794 num
242 764 344 794 tanto
372 757 537 807 impetu,
576 754 804 805 raecipitari,
852 761 891 790 ut
933 755 1229 806 possint‘subter

112 818 220 848 mare
249 821 367 862 usqne
395 810 514 846 ad·ea
541 770 623 845 {ioca
653 807 906 858 pertransire,
953 807 1053 844 unde
1083 809 1121 845 in
1151 809 1228 846 alia

113 871 225 901 terrae
256 871 388 900 nostrae
417 861 587 899 crassiori
644 869 720 897 arte
749 862 988 898 scaturiunt.
1018 859 1116 908 Quae
1144 876 1227 900 sen-

110 917 226 954 tentia
254 915 388 954 similis
418 922 469 951 est
497 912 584 951 aliis
613 875 875 951 iiabbiuorum
903 916 1060 952 somniis
1079 945 1090 963 ,
1122 929 1224 969 ·quae

110 982 181 1008 nec
211 969 342 1007 referri
371 975 591 1005 merentur.
1004 1018 1010 1019 ἶ

127 1024 130 1028 ’
165 1019 509 1072 303.'Pervulgata
538 1020 653 1058 etiam
683 1028 775 1058 'erat
817 1020 920 1072 apud
948 1022 1152 1073 antiquos,
1201 1037 1223 1062 a

98 1070 383 1115 ‘recentioribus
411 1082 539 1111 autem
570 1074 716 1125 penitus
745 1074 927 1126 explosa,
975 1075 1053 1112 alia
1083 1076 1221 1113 multo-

105 1130 193 1167 rum
211 1128 367 1180 opiniO,
387 1126 617 1165 Paradisum
640 1126 853 1166 Edenicum
882 1141 957 1166 esse
988 1127 1085 1165 ultra
1113 1143 1222 1169 ocea-

106 1188 225 1230 rium,
271 1192 398 1234 aquo
425 1189 566 1218 terram
597 1189 758 1218 nostram
789 1182 1081 1219 circumambiri
1113 1193 1222 1234 puta-

102 1234 226 1274 bant.
246 1228 458 1286 'Postquam
488 1235 590 1270 enim
619 1233 813 1284 Hispani,
843 1233 946 1271 Italis
974 1235 1193 1275 ductoribus
1210 1267 1220 1284 ,

95 1287 211 1331 -fetici
254 1300 348 1325 ausu
377 1287 580 1324 immensos
621 1287 753 1323 oceani
795 1295 932 1324 tractus
968 1292 1222 1340 praetergressi

105 1349 217 1388 sunt,
266 1339 300 1375 8(
329 1346 448 1376 totum
489 1347 731 1392 teri-aqueum
773 1339 905 1377 orbem
931 1351 1222 1392 peragrarunt,

105 1402 208 1432 certo
234 1392 372 1430 certius
400 1400 478 1439 est,
512 1390 656 1429 nullibi
691 1405 768 1430 esse
798 1392 895 1430 ultra
923 1406 1106 1431 oceanum
1138 1396 1222 1434 feli-

106 1450 167 1484 c‘es
197 1443 502 1495 illas·regiones,
548 1457 641 1494 quas
670 1444 749 1482 sola
792 1446 1058 1496 imaginatione
1087 1447 1221 1501 >aliqui

106 1495 401 1537 fabricaverint-.

159 1550 250 1596 304.
278 1549 338 1588 J0.
369 1544 590 1587 Har'duinus
611 1549 690 1586 suis
719 1549 920 1600 paradoxis
941 1550 1153 1590 notissimus
1176 1553 1214 1590 in

101 1602 246 1643 dissert.
274 1601 323 1640 de
352 1600 548 1639 paradiso
576 1605 792 1650 terrestri,
824 1612 902 1654 post
919 1603 1021 1641 -Lib.
1044 1603 1112 1642 Vl.
1142 1604 1220 1643 Pli-

90 1658 157 1695 ·riii
185 1670 208 1694 a
237 1669 274 1694 se
302 1655 392 1694 editi
421 1669 481 1693 an.
509 1656 624 1707 1725.
672 1654 893 1694 Paradisum
933 1665 1146 1695 terrestrem
1178 1659 1218 1697 in

101 1707 305 1748 Palaestina
328 1707 558 1756 collocavit,
605 1708 639 1745 8(
670 1708 863 1756 fluvium,
900 1711 968 1762 qui
999 1711 1218 1762 egredieba-

101 1771 165 1802 tur
191 1763 238 1802 ad
268 1762 504 1814 irrigandum
534 1760 755 1801 Paradisum
775 1793 785 1811 ,
817 1762 848 1798 8(
879 1763 920 1800 in
952 1773 1120 1815 quatuor
1148 1777 1220 1802 ca-

100 1815 184 1867 pita
210 1815 478 1863 dividebatur,
497 1812 692 1854 ‘vult-'esse
720 1815 924 1854 Jordanem
943 1846 954 1865 ,
997 1819 1063 1870 qui
1094 1819 1134 1856 in
1156 1816 1221 1856 ‘la-

101 1868 193 1908 c'um
221 1867 439 1907 Tiberiadis
468 1869 614 1907 intrans
655 1878 772 1907 totam
800 1869 910 1906 illam
947 1873 1139 1922 regionem
1168 1873 1220 1909 ir-

102 1923 228 1974 rigat.
270 1921 443 1969 Quatuor
471 1930 596 1960 autem
625 1926 761 1973 capita
790 1937 812 1960 a
843 1922 978 1975 Moyse
1009 1935 1218 1964 memorata

101 1987 174 2013 non
202 1973 379 2027 intelligit
406 1975 454 2012 de
472 1973 630 2023 fluvio,
678 1977 746 2028 qui
766 1976 815 2013 ‘in
843 1986 1005 2028 quatuor
1033 1977 1110 2017 alia
1132 1978 1215 2017 vfiu-

98 2029 207 2067 mina
233 2028 424 2066 divff'datur
441 2057 452 2075 ,
481 2030 764 2068 tit-communis
790 2028 974 2069 hactenus
993 2031 1074 2069 'fuit
1095 2033 1216 2071 Inter-

97 2080 248 2133 p'retnm
277 2078 505 2134 explicatiO,
534 2081 596 2120 sed
625 2081 672 2119 de
702 2084 782 2135 ipso
803 2081 989 2122 ›Paradiso
1017 2087 1214 2135 terrestri,

87 2133 209 2186 ¹cnjus
237 2144 398 2187 quatuor
427 2143 595 2172 extrema
614 2136 738 2187 capita
767 2137 1042 2187 extenduntur,
1071 2139 1147 2177 duo
1166 2140 1214 2178 ad

94 2184 289 2226 Orientem
317 2201 447 2226 versus
473 2184 709 2241 Euphratem
726 2219 738 2237 ‚
781 2189 814 2226 8(
846 2189 1025 2242 Tigrim;
1075 2192 1109 2229 8(
1138 2193 1215 2231 duo

95 2240 145 2279 a'd
173 2241 421 2280 Occidentem
449 2254 579 2281 versus
607 2241 774 2291 Phison,
817 2243 850 2280 8t
881 2243 1017 2284 Gehon
1035 2276 1045 2293 ,
1074 2259 1162 2298 quae
1192 2262 1214 2285 a

95 2292 222 2332 Plinio
251 2294 339 2333 Lib.
368 2294 437 2333 VI.
467 2308 554 2348 cap.
577 2294 642 2334 28.
669 2297 862 2335 nominari
921 2307 998 2336 utat
1027 2298 1212 2349 Salsum,

97 2345 132 2382 8(
160 2346 352 2395 Achoma,
380 2361 545 2400 quaeque
575 2349 613 2386 in
641 2348 826 2388 Arabiam
855 2311 1008 2395 felicem
1040 2351 1165 2392 ssuunt
1182 2380 1194 2393 .

148 2399 243 2439 30'5.
272 2399 346 2438 Sed
374 2408 514 2451 praeter
543 2400 619 2438 alia
648 2400 797 2451 multa,
844 2417 932 2455 quae
981 2405 1071 2444 huic
1100 2421 1212 2446 novae

96 2451 288 2490 Bai-duint
311 2453 509 2489 seutentiae
528 2462 768 2503 opponuntur
783 2483 794 2500 ,
822 2456 931 2493 nullo
950 2459 1062 2495 modo
1090 2461 1212 2499 feren-

95 2502 144 2542 da
172 2503 321 2543 videtur
361 2503 430 2542 illa
455 2503 662 2555 ‘explicatio
689 2505 892 2546 verborum
925 2522 1051 2546 sacrae
1074 2512 1213 2562 ‘Scrip-

96 2565 192 2595 turae
210 2586 220 2604 ,
252 2565 291 2594 ut
319 2569 387 2609 per
415 2567 576 2609 quatuor
595 2557 719 2609 capita
748 2570 821 2596 non
838 2558 1100 2611 intelligamur
1117 2577 1212 2614 qua-

93 2617 182 2649 tuor
198 2608 364 2648 Paradisi
394 2608 558 2648 flumina
575 2640 587 2658 ,
616 2611 678 2648 sed
699 2620 860 2663 quatuor
881 2613 999 2664 ipsius
1030 2624 1210 2654 extremae

95 2671 251 2716 partes.
298 2663 352 2701 Ita
374 2664 484 2701 ‘enim
514 2661 627 2701 hab-et
655 2677 760 2702 sacer
787 2673 930 2703 textus:
987 2696 1014 2715 „
1046 2667 1208 2708 Fluvins

94 2743 122 2766 „
150 2715 414 2770 egrediebatur
428 2715 574 2755 deloco
603 2716 831 2768 volunptatis
854 2747 865 2766 ‚
894 2719 940 2757 ad
971 2720 1207 2772 irrigandum

88 2795 120 2819 3,
149 2769 396 2819 Paradisum,
425 2771 492 2823 qui
522 2769 609 2808 inde
628 2770 813 2809 dividitur
841 2773 881 2809 in
910 2780 1072 2825 quatuor
1101 2778 1206 2827 capi-

95 2850 122 2872 „
149 2831 210 2862 ta:
237 2835 373 2862 nomen
395 2825 469 2862 *uni
487 2822 623 2862 Phison
640 2849 682 2862 ...
713 2823 745 2860 8(
765 2834 904 2863 nomen
936 2825 1045 2864 fluvii
1076 2841 1208 2867 secun-

92 2903 121 2924 „
147 2876 186 2914 di
216 2876 352 2916 Gehon
373 2902 416 2916 ...
444 2888 583 2915 nomen
604 2890 692 2915 vero
708 2871 880 2917 fluminis
909 2881 1006 2918 tertii
1024 2880 1150 2932 Tigris
1166 2909 1208 2922 ...

95 2955 123 2975 „
151 2928 313 2968 Flavius
340 2939 467 2970 autem
494 2939 653 2984 quartus
682 2939 734 2969 est
764 2931 976 2984 Euphrates
997 2937 1022 2955 “
1040 2959 1050 2972 .
1090 2934 1207 2974 Porro

93 2979 254 3031 obvius,
289 2982 325 3020 8(
353 2982 532 3023 naturalis
562 2985 697 3023 horum
726 2985 933 3024 verborum
961 3000 1090 3026 sensus
1119 2997 1171 3028 est
1192 3018 1204 3039 ,

95 3031 260 3072 fluvium
283 3035 401 3077 illum
419 3067 430 3086 ,
467 3045 666 3091 postquam
696 3037 919 3078 Paradisum
949 3042 1172 3094 irrigaverat
1193 3072 1204 3090 ,

93 3085 213 3125 dividi
255 3088 295 3126 in
335 3100 495 3141 quatuor
523 3096 692 3143 capita,
725 3106 798 3130 seu
840 3101 1003 3145 quatuor
1044 3094 1205 3134 flumina

93 3137 251 3187 Phison,
280 3141 414 3190 Gehon
432 3173 443 3192 ,
473 3144 652 3197 Tigrim,
682 3145 715 3183 8(
746 3145 981 3198 Euphratem
1000 3178 1011 3197 ‚
1049 3147 1082 3183 8(
1111 3162 1203 3188 non*-

90 3191 167 3230 nisi
195 3202 322 3231 coacte
343 3224 353 3243 ,
383 3209 606 3250 summaque
634 3197 815 3239 violentia
843 3199 946 3264 tralu'
973 3211 1125 3254 possunt
1153 3203 1202 3241 ad

91 3245 369 3296 denotandum,
417 3251 608 3301 regionem
654 3252 762 3291 illam
800 3253 915 3292 fuisse
955 3255 1117 3294 divisam
1159 3257 1199 3294 in

87 3307 252 3350 quatuor
280 3311 429 3353 partes,
457 3316 621 3354 quarum
639 3305 728 3346 duae
757 3316 964 3359 spectarent
983 3309 1199 3361 Orientem,

1271 1984 1473 2021 sententia·
1499 1985 1544 2022 sit
1571 1985 1619 2023 de
1640 1984 1731 2024 'loco
1760 1986 1927 2025 Paradisi
1958 1995 2169 2037 terrestris,

1272 2037 1559 2088 ‘spondebimus
1587 2052 1677 2078 cum
1698 2039 1739 2078 S.
1762 2042 1968 2092 Augustino
1989 2041 2075 2080 Lib.
2098 2043 2202 2082 Vlll.
2233 2044 2281 2082 (Ι.)
2299 2047 2403 2086 Gen.

2269 105 2358 151 ,¹03

1304 185 1432 210 versus
1461 171 1536 209 duo
1567 174 1724 214 flumina
1756 175 1990 229 Euphratem
2009 210 2019 226 ‚
2050 178 2084 216 8(
2114 179 2263 233 Tigrim
2283 214 2294 231 ‚
2324 186 2416 224 aliae

1302 239 1392 264 vero
1421 224 1666 265 Occidentem
1685 259 1695 276 ,
1725 244 1800 282 quo
1832 231 1952 269 ssuunt
1984 232 2119 272 Phison
2142 265 2152 283 ,
2183 235 2215 271 ὅ(
2246 237 2380 277 Gelion
2403 267 2414 280 .

1343 278 1448 317 50G.
1480 279 1654 331 Denique
1675 286 1887 322 ‘memorari
1919 288 2030 323 etiarn
2061 298 2278 339 merentur,
2325 306 2414 344 quae

1300 330 1430 370 Petrus
1464 332 1566 370 Dan.
1590 334 1760 372 *fluuius
1782 337 1988 389 Episcopus
2011 341 2258 381 Abrincensis
2287 345 2327 384 in
2347 361 2413 385 sua

1299 385 1489 436 eleganti,
1520 386 1553 422 8(
1584 388 1729 426 erudita
1755 388 1906 429 [uss-ert.
1937 392 1983 429 ‹le
2007 392 2189 433 mmm:
2218 405 2415 438 terrestris

1299 442 1374 475 situ
1403 441 1626 491 conscripsit
1669 455 1766 478 anno
1802 443 1940 494 ι691.,
1989 450 2215 487 contendens
2254 450 2335 500 ejus
2363 454 2413 492 si—

1300 501 1382 529 tum
1404 493 1528 530 >fuisse
1570 493 1616 530 ad
1648 495 1749 545 ripas
1777 498 1975 535 oria-nialus
2028 501 2165 550 tluvii,
2213 506 2279 555 qui
2311 519 2411 545 utine

1303 545 1519 597 appellatur
1549 545 1701 584 Florius
1732 549 1905 587 Arabum
1925 582 1934 599 ‚
1965 551 1997 587 8(
2027 557 2090 604 qui
2123 555 2344 606 producitur
2365 572 2411 598 ex

1290 600 1568 650 conjunctione
1597 599 1752 651 Tigris,
1801 603 1833 639 8(
1866 604 2093 657 Euphratis,
2142 619 2252 662 atque
2295 612 2334 648 in
2365 615 2412 650 si-

1303 666 1396 690 num
1427 652 1619 691 Persicum
1649 669 1688 691 se
1717 657 1909 703 infundit;
1958 661 2018 696 sed
2048 671 2250 714 antequam
2289 666 2335 703 ad
2366 665 2412 703 it-

1296 704 1377 742 lnin
1409 708 1534 744 sinum
1567 710 1789 758 perveniat,
1838 712 1876 748 in
1904 713 1995 749 dnos
2025 715 2160 753 iteruin
2193 716 2326 755 fluvios
2355 719 2413 756 ‹li-

1296 760 1464 807 viditur,
1506 773 1671 812 quornm
1705 776 1798 800 unns
1828 764 1875 801 ab
1908 766 2044 803 lluetio
2072 769 2212 806 dicitur
2242 769 2410 820 Phison,

1295 811 1388 849 alter
1418 812 1581 859 Gehon;
1614 823 1652 851 ut
1682 817 1731 852 ita
1759 827 1920 868 quatuor
1953 819 2086 859 ssuvios
2116 837 2137 859 a
2167 822 2302 875 Moyse
2331 838 2410 862 me-

1296 875 1458 904 moratos
1489 868 1528 905 in
1556 881 1601 905 ea
1631 870 1781 920 regione
1812 872 2007 911 inveniat.

1349 919 1440 970 507.
1473 919 1531 957 Ab
1551 920 1633 958 ⁴hac
1662 925 1839 962 sententia
1882 938 1955 964 non
1988 928 2164 966 'multum
2200 928 2410 971 abscedunt

1292 971 1567 1025 duo·celebres
1598 974 1810 1015 heterodoxi
1841 978 2048 1031 Scriptores
2076 982 2214 1034 Joseph
2236 983 2406 1036 Scaliger

1294 1025 1383 1064 Lib.
1415 1026 1464 1064 V.
1507 1026 1556 1065 (le
1596 1027 1898 1068 'Emenlazione
1939 1043 2188 1083 temporum,
2233 1036 2270 1072 '&
2299 1038 2406 1076 Sam.

1291 1078 1497 1118 Bochartus
1527 1082 1565 1119 in
1596 1081 1826 1122 Hierozoe'co
1856 1085 1896 1123 l’.
1928 1087 1974 1124 ll.
2007 1088 2093 1126 Lib.
2114 1088 2164 1127 V.
2195 1104 2229 1128 c.
2251 1090 2290 1128 6.
2333 1091 2411 1130 Sed

1289 1132 1349 1170 itu·
1392 1136 1598 1186 opponitur
1629 1136 1795 1174 Historia
1826 1136 2022 1187 Monaiea,
2071 1155 2158 1193 quae
2200 1144 2294 1181 dicit
2338 1145 2410 1182 ssu-

1291 1186 1396 1223 vium
1428 1201 1618 1239 egressum
1649 1190 1694 1227 ad
1726 1190 1963 1242 irrigandum
1994 1192 2244 1242 Paradisum,
2286 1197 2319 1233 8(
2350 1202 2410 1234 in-

1290 1238 1338 1276 de
1366 1239 1531 1278 divisum
1574 1246 1614 1279 ιή
1644 1253 1812 1293 quatuor
1840 1249 1977 1294 capita
2014 1246 2112 1291 &c.;
2162 1250 2199 1285 in
2228 1251 2408 1300 opinione

1290 1302 1416 1330 autem
1447 1294 1576 1333 Huetii
1608 1298 1751 1334 nonnisi
1782 1298 1858 1334 duo
1902 1300 2062 1337 flumina
2093 1303 2235 1339 exirent
2263 1304 2309 1340 de
2340 1303 2408 1342 Pa·

1290 1345 1414 1384 radiso
1430 1375 1440 1393 ,
1471 1346 1546 1384 alia
1567 1353 1693 1386 autem
1709 1350 1784 1386 duo
1805 1349 1932 1400 Tigris
1950 1382 1959 1398 ‚
1991 1353 2023 1387 &
2047 1353 2260 1406 Euphrates
2290 1357 2404 1396 simul

1290 1398 1480 1449 conjuncti
1504 1401 1541 1437 in
1565 1401 1674 1439 illum
1698 1403 1876 1441 intrarent
1892 1431 1902 1440 .
1935 1404 2148 1444 Arbitraria
2169 1410 2281 1446 etiarn
2302 1411 2405 1448 vitle-

1289 1459 1371 1500 tur,
1403 1452 1434 1487 8(
1452 1454 1528 1490 sine
1545 1454 1788 1492 fundamento
1803 1470 1846 1493 ex
1862 1458 2021 1504 cogitata
2042 1460 2298 1499 denominatio
2315 1462 2404 1509 Phi.

1288 1516 1353 1541 son
1371 1534 1381 1551 ,
1412 1504 1444 1540 8(
1461 1505 1624 1545 Gehon·.
1658 1509 1710 1545 Ac
1726 1509 1889 1561 denique
1907 1509 2057 1562 Tigrim
2075 1542 2085 1559 ,
2117 1513 2148 1548 8(
2167 1513 2402 1566 Euphratem

1276 1566 1358 1593 ‘non
1370 1558 1489 1595 'fuisse
1505 1561 1741 1611 temporibus
1756 1565 1920 1614 antiquis
1937 1565 2049 1601 simul
2068 1578 2286 1616 conjunctos
2301 1599 2310 1617 ,
2341 1572 2404 1611 sed

1288 1611 1389 1646 ostiis
1420 1610 1531 1647 valde
1560 1627 1580 1648 a
1611 1627 1648 1648 se
1667 1614 1806 1663 dissitis
1827 1617 1864 1652 in
1897 1619 2020 1654 sinum
2044 1620 2235 1658 Persicum
2268 1623 2401 1662 intrav-

1287 1673 1352 1708 se,
1383 1672 1568 1700 memorat
1590 1663 1734 1702 Plinius
1755 1666 1843 1704 Lib.
1869 1668 1934 1704 Vl.
1955 1682 2040 1719 cap.
2065 1685 2126 1720 2-1.
2158 1672 2191 1708 8(
2225 1675 2287 1712 28.
2317 1674 2406 1713 l'or-

1281 1725 1331 1751 To
1359 1712 1426 1752 has
1454 1715 1694 1754 difficultates
1725 1731 1800 1756 uon
1831 1718 1927 1757 tollit
1957 1722 2087 1759 Abina
2117 1723 2285 1773 Pluche,
2316 1739 2405 1768 cnm

1287 1768 1326 1806 in
1358 1767 1596 1820 Digressione
1638 1769 1686 1808 de
1715 1770 1913 1811 Paracltso
1941 1780 2117 1813 terrestri
2159 1774 2214 1814 ati
2242 1791 2406 1818 concor-

1289 1819 1405 1858 diam
1429 1820 1699 1876 Geograplzz'oe
1728 1824 1975 1865 diversarum
2004 1839 2173 1867 aetatum
2203 1832 2335 1872 Huetii
2365 1847 2406 1872 0-

1278 1875 1488 1928 ‘PiniOUOHI
1507 1877 1749 1917 ‘confit-utare
1779 1881 1883 1918 nisus
1912 1891 1989 1919 8Γέὶῖ
2006 1909 2015 1920 ι

1341 1928 1435 1967 508.
1465 1930 1550 1968 Jam
1580 1941 1672 1970 vero
1700 1933 1731 1971 si
1752 1934 1838 1984 quis
1868 1935 2055 1985 postulet,
2083 1943 2263 1990 quaenam
2280 1950 2405 1980 nostra

2201 2004 2327 2043 ΡΓΗΠΟ
2347 2009 2404 2032 re·

1285 2087 1341 2127 ad
1370 2090 1441 2129 liet.
1472 2104 1506 2129 c.
1532 2105 1568 2142 7.
1597 2105 1637 2129 n.
1665 2092 1752 2141 14„
1783 2094 1911 2131 locum
1942 2095 2128 2134 Familia·
2157 2111 2184 2134 ιι
2213 2105 2402 2151 cognitio·

1283 2156 1334 2180 ne
1363 2143 1570 2182 hominum
1599 2158 1686 2183 esse
1715 2151 2053 2187 remotissimum.
2086 2151 2185 2189 Hinc
2215 2155 2328 2191 etiam
2357 2154 2400 2193 S.

1283 2195 1453 2236 Thomas
1482 2198 1625 2236 nullibi
1640 2196 1774 2237 'locum
1796 2200 1962 2240 Pa'radisi
1993 2204 2283 2254 determinavit,
2312 2220 2400 2246 con-

1270 2256 1405 2288 ''tentus
1433 2251 1587 2300 dicere,
1627 2251 1742 2291 illum
1773 2268 1848 2292 esse
1872 2256 2074 2294 >seclusum
2104 2270 2133 2294 a
2161 2269 2299 2297 nostru,
2329 2260 2402 2298 ha-

1281 2301 1470 2342 bitatione
1485 2320 1500 2350 ;
1530 2304 1564 2341 8(
1594 2305 1679 2344 ideo
1699 2306 1847 2346 nullam
1866 2308 2048 2361 ‘ejusdem
2078 2313 2309 2351 mentionem
2331 2314 2400 2352 fie-

1271 2357 1313 2395 ·ri
1342 2357 1390 2396 ab
1420 2359 1466 2396 iis
1488 2389 1498 2407 ,
1528 2360 1594 2411 qui
1622 2359 1910 2412 diligentissime
1939 2365 2069 2403 omnia
2090 2362 2173 2404 loca
2189 2374 2298 2405 terrae
2329 2367 2397 2406 ha-

1280 2409 1409 2449 tabilis
1438 2412 1743 2465 inquisiverunt.
1773 2416 1829 2454 Ita
1857 2417 1886 2455 l.
1909 2415 1949 2455 P.
1979 2425 2160 2470 qu.‘102.
2190 2429 2260 2457 art.
2289 2434 2319 2458 r.
2350 2421 2396 2458 ad

1281 2463 1347 2510 3.;
1377 2464 1412 2501 8(
1441 2475 1510 2504 art.
1534 2479 1570 2503 2.
1600 2467 1641 2504 in
1661 2479 1761 2521 resp.
1790 2469 1838 2508 ad
1865 2470 1907 2515 ’4.
1927 2481 2136 2523 postquam
2158 2475 2282 2511 minus
2312 2485 2398 2525 pro-

1279 2515 1451 2554 babilem
1480 2532 1557 2556 esse
1584 2522 1744 2558 ostendit
1771 2522 1928 2560 illorum
1956 2536 1980 2559 ο
2013 2527 2178 2563 inionem
2196 2556 2206 2573 ,
2236 2529 2303 2578 qui
2326 2526 2396 2564 Pa-

1277 2568 1448 2605 radisum
1468 2569 1653 2608 collocant
1667 2572 1738 2609 sub
1755 2539 2012 2623 aequinoctiali
2029 2577 2175 2614 circulo
2191 2607 2202 2624 ‚
2235 2580 2283 2614 ita
2300 2593 2391 2628 prn—

1276 2619 1408 2656 denter
1435 2620 1654 2659 concludit:
1699 2652 1725 2669 „
1754 2624 1954 2674 Quidquid
1985 2636 2110 2664 autem
2139 2629 2186 2666 de
2214 2628 2286 2667 hoc
2316 2632 2394 2679 sit,

1277 2701 1303 2720 „
1332 2672 1564 2711 credendum
1594 2683 1672 2722 est,
1702 2673 1924 2714 Paradisum
1944 2677 1983 2715 in
2015 2678 2098 2717 loco
2126 2684 2396 2733 temperatissi—

1278 2755 1304 2773 ,‚
1335 2739 1398 2763 mo
1426 2728 1668 2766 constitutum
1698 2742 1803 2778 esse,
1834 2729 1891 2768 vel
1907 2730 1982 2769 sub
2012 2735 2300 2785 aequinoctiali,
2330 2736 2392 2776 vel

1281 2807 1308 2826 „
1338 2778 1434 2817 alibi
1451 2783 1506 2817 “·.

1334 2831 1425 2883 509.
1455 2832 1600 2871 Deinde
1629 2834 1722 2873 duas
1750 2846 2003 2888 proponemus
2031 2841 2249 2889 sententias,
2298 2857 2388 2896 qnae

1270 2887 1400 2936 'magis
1429 2887 1540 2924 modo
1568 2888 1724 2926 eruditis
1753 2889 1988 2939 probantur.
2030 2891 2159 2931 Prima
2190 2902 2269 2942 est,
2298 2911 2389 2949 quae

1275 2937 1496 2978 Paradisum
1527 2949 1735 2979 terrestrem
1766 2940 1924 2980 collocat
1966 2945 2006 2982 in
2036 2945 2143 2984 India
2171 2947 2388 3000 Orientali,

1274 2990 1308 3027 8(
1339 2991 1483 3040 altera,
1514 3007 1602 3045 quae
1633 3008 1719 3031 eum
1750 2993 1832 3043 vult
1861 2997 1973 3035 fuisse
2003 2998 2041 3037 in
2069 2996 2278 3050 Armenia,
2322 3004 2384 3043 vel

1272 3044 1381 3083 Meso
1410 3047 1549 3084 otamia
1569 3077 1579 3094 ‚
1627 3056 1690 3084 aut
1734 3048 1771 3085 in
1803 3047 2090 3102 Mesopotamiae
2125 3050 2255 3093 limite
2284 3057 2387 3096 circa

1272 3096 1381 3151 Baby
1399 3101 1547 3137 oniam.
1578 3099 1748 3153 Utraque
1767 3102 2000 3154 quibusdam
2025 3116 2104 3145 uon
2132 3106 2283 3148 levibus
2298 3111 2384 3150 fun·

1270 3152 1456 3190 damentis
1486 3153 1619 3190 nititur
1637 3179 1648 3192 .
2240 3208 2243 3211 ι

1322 3205 1413 3243 5ιο.
1443 3202 1612 3243 Primam
1652 3211 1781 3246 'tuetur
1809 3208 1977 3252 Thomas
2004 3212 2214 3253 Malvenda
2243 3217 2283 3254 in
2309 3225 2380 3254 'sno

1268 3257 1451 3309 opusculo
1479 3256 1526 3296 de
1556 3258 1753 3300 Paratum
1781 3260 1842 3302 his
1857 3267 2098 3316 potissimum
2126 3270 2377 3319 argumentis.

1267 3310 1395 3351 Primo
1441 3312 1543 3352 euim
1571 3312 1685 3355 facile
1712 3317 1754 3355 in
1785 3325 1841 3357 <ea
1864 3318 2055 3372 'explicari
2096 3320 2376 3410 putat—‚cquod

2282 3384 2320 3409 e-
