2583 3685
280 102 336 153 zo

221 180 314 219 alios
344 181 460 234 ipsius
484 189 631 217 errores
659 188 733 215 non
764 187 903 227 paucos
930 179 1124 216 numerari
1154 177 1286 215 debent
1304 203 1314 215 .

275 235 367 272 508.
397 234 526 272 Unum
557 240 662 268 restat
692 232 948 268 testimonium
970 231 1008 269 S.
1031 232 1208 283 Gregorii
1231 232 1327 284 Nys-

218 290 320 335 seni,
369 289 478 336 cujus
506 292 604 321 certe
633 296 771 333 magna
799 292 850 321 est
894 286 932 322 in
961 284 1135 323 Ecclesia
1164 287 1328 323 auctori-

218 349 299 388 tas,
330 341 362 375 8<
393 352 434 374 eo
463 338 632 387 gravior,
663 349 738 387 quo
768 338 805 375 in
835 337 937 375 laud.
969 340 1178 376 testimonio
1208 338 1326 390 majo-

217 407 304 432 rum
334 391 570 428 traditionem
600 387 764 440 allegat.
813 390 907 442 Ejus
944 400 1068 429 tamen
1098 392 1215 430 verba
1243 405 1326 445 pos-

215 453 298 483 sunt
329 444 428 481 haud
467 443 704 480 incommode
734 444 786 481 ita
829 443 1042 496 explicari,
1090 445 1191 496 quod
1220 447 1327 498 prin-

214 512 303 550 ceps
333 497 623 535 Daemoniorum
653 498 848 536 conatibus
877 499 1062 536 bonorum
1093 498 1327 550 Angelorum

214 553 484 590 contranitatur
531 551 703 588 tentando
746 551 916 591 homines
953 551 1130 605 pluribus
1172 552 1322 589 modis:

212 606 363 643 fortasse
393 605 505 641 etiam
544 614 662 641 certos
691 604 837 658 aliquos
879 605 997 643 malos
1022 604 1150 657 'genios
1179 605 1322 656 aliqui-

210 658 282 695 hus
325 656 544 695 hominibus
569 659 758 697 tentandis
794 659 1043 707 destinando,
1092 671 1164 696 non
1194 668 1320 697 autem

209 710 374 762 singulos
396 709 585 762 singulis.
616 710 786 751 Profecto
802 714 833 751 si
859 715 901 751 in
931 712 1002 750 hoc
1032 721 1220 763 postremo
1236 726 1320 750 sen-

207 778 252 802 su
282 764 543 816 intelligendus
573 774 683 814 esset,
713 779 789 804 non
819 775 1002 819 apparet,
1033 767 1224 804 undenam
1246 774 1318 803 tra-

206 819 300 856 ditio
328 817 395 856 illa
423 819 621 870 desumpta
649 828 766 866 esset3
812 834 902 858 cum
933 827 1072 872 praeter
1103 819 1285 857 Hermam
1306 850 1318 868 ,

204 872 411 924 Origenem
429 903 439 921 ,
469 871 503 907 8(
523 872 742 911 Cassianum
755 904 766 922 ,
796 886 911 911 nemo
930 873 1029 910 alius
1045 882 1213 910 veterum
1235 887 1319 926 per-

205 927 379 979 spicuam
412 924 526 976 hujus
555 928 610 964 rei
641 928 873 965 mentionem
905 928 1019 965 faciat
1049 927 1136 977 (a).

260 979 352 1032 509.
383 979 441 1017 De
462 979 737 1019 traditionibus
779 981 935 1019 demum
963 980 1202 1028 Chaldaicis,
1249 980 1318 1018 Ju-

203 1033 349 1082 daicis,
380 1043 491 1086 atque
520 1033 774 1074 Ethnicorum
805 1049 941 1087 parum
965 1034 1127 1072 solliciti
1156 1047 1286 1071 sumus
1305 1064 1317 1082 ,

203 1100 294 1125 cum
324 1089 515 1125 neminem
545 1087 683 1137 lateat,
730 1103 790 1126 eas
822 1098 861 1126 ut
891 1088 1105 1141 plurimum
1143 1087 1284 1126 fabulis
1306 1117 1316 1135 ,

203 1150 315 1194 atque
341 1142 537 1180 erroribus
566 1151 732 1180 scatere.
781 1141 856 1180 Eas
885 1144 1118 1194 recepimus,
1169 1141 1235 1178 ubi
1271 1141 1317 1178 de

202 1193 361 1246 Angelis
403 1195 512 1233 bouis
549 1196 596 1233 ad
637 1196 847 1234 custodiam
885 1195 1084 1234 hominum
1128 1194 1317 1232 destinatis

199 1261 326 1286 sermo
355 1258 459 1297 erat,
488 1250 580 1301 qnia
609 1251 724 1288 sacris
756 1250 935 1297 Litteris,
960 1250 1177 1299 sanctisque
1199 1247 1315 1284 Patri-

199 1302 271 1340 hus
300 1304 564 1349 consentiunt3
611 1304 760 1341 eosdem
801 1312 929 1340 autem
973 1302 1172 1351 repudiare
1201 1300 1314 1337 debe-

205 1369 320 1404 mus,
349 1355 501 1408 quando
529 1365 592 1393 aut
620 1357 817 1394 tutissimis
837 1364 971 1392 uostrae
987 1361 1126 1391 sanctae
1150 1351 1314 1403 Religio-

198 1410 257 1447 nis
284 1410 448 1446 oraculis
478 1417 605 1459 aperte
635 1417 865 1459 repugnant:
913 1416 976 1445 aut
1019 1406 1150 1444 saltem
1181 1420 1312 1444 eorum

197 1463 417 1499 auctoritate
447 1462 608 1499 minime
637 1461 852 1499 fulciuntur
872 1487 884 1499 .
940 1460 988 1498 Et
1015 1461 1062 1498 de
1093 1459 1164 1497 hac
1207 1473 1313 1512 qure-

197 1516 315 1552 stione
336 1545 347 1564 ,
394 1527 482 1568 quae
513 1514 618 1556 salva
645 1515 722 1554 fide
753 1516 847 1553 inter
877 1513 1091 1566 Theologos
1119 1515 1314 1566 agitatur,

189 1578 281 1607 '3321ss
301 1593 313 1606 e

535 1676 787 1716 CAPUT
869 1675 962 1714 XX.

453 1780 518 1820 De
548 1781 806 1821 Daemonibus
835 1781 1040 1820 hominum

261 1847 428 1889 corpora
457 1835 742 1886 obsidentibus,
770 1837 820 1877 ‘59‘
848 1834 1131 1888 possidentibus
1161 1833 1247 1886 (b).

248 1945 339 1985 διο.
359 1921 422 1988 Si
451 1945 545 1998 quid
566 1953 626 1984 -est
648 1947 693 1984 >in
723 1944 905 1997 religione
936 1952 1057 1983 nostra
1085 1941 1309 1996 perniciosis

195 2000 379 2038 abusibus
398 1999 629 2047 obnoxium,
659 2009 760 2038 certe
776 1999 860 2037 haec
890 1998 1060 2036 doctrina
1075 2006 1126 2035 est
1155 1997 1200 2034 de
1217 1995 1308 2034 Dae-

191 2052 369 2092 monibus
398 2065 555 2104 corpora
592 2052 794 2091 hominum
830 2052 1100 2091 obsidentibus.
1121 2050 1154 2086 8<
1192 2051 1308 2102 possi-

193 2107 373 2146 dentibus
392 2133 401 2145 .
434 2105 648 2145 Multorum
678 2108 782 2145 enim
813 2107 1042 2158 ignorantia,
1073 2105 1308 2156 superstitio-

192 2174 271 2208 ne,
318 2175 362 2198 ac
393 2161 540 2198 malitia
582 2174 752 2214 persaepe
781 2159 850 2208 fit,
899 2168 940 2198 ut
968 2160 1310 2199 Daemoniacorum

195 2227 379 2251 numerus
407 2224 547 2251 temere
575 2214 610 2250 8<
642 2214 738 2252 falso
766 2223 946 2265 augeatur
963 2244 973 2261 ,
1023 2212 1214 2265 multique
1242 2225 1311 2264 pro

197 2266 459 2305 Daemoniacis
495 2279 540 2304 ex
576 2267 726 2305 levibus
761 2266 987 2318 conjecturis
1026 2268 1200 2319 imperite
1243 2266 1312 2303 ha-

196 2319 386 2368 beantur,
417 2320 515 2358 unde
545 2320 715 2372 plurima
742 2321 918 2358 oriuntur
947 2320 1072 2359 mala.
1116 2320 1202 2358 Non
1232 2320 1316 2357 ideo

198 2381 325 2413 tamen
355 2387 486 2413 eorum
517 2376 714 2414 existentia.
740 2374 913 2425 neganda
942 2382 1021 2423 est,
1051 2387 1169 2426 quam
1199 2386 1317 2411 sacrae

245 2555 292 2590 (a)
312 2550 356 2584 ’Ῐη
382 2551 502 2586 eodem
537 2563 640 2597 opere
666 2563 786 2588 narrat
813 2555 846 2588 S.
866 2552 1064 2599 'Gregorius
1100 2551 1284 2598 Nyssenus
1303 2575 1315 2594 ,

196 2598 360 2641 Moysem
380 2598 519 2642 quando
533 2610 574 2631 ex
589 2599 672 2632 Nilo
695 2609 874 2634 extractus
901 2602 992 2641 fuit,
1018 2612 1037 2633 a
1062 2601 1157 2633 nulla
1186 2602 1315 2633 femina

197 2643 254 2676 ‘lac
269 2655 389 2687 sugere
409 2645 558 2678 voluisse
573 2666 583 2684 ‚
602 2643 717 2679 ‘donec
735 2646 811 2690 ejus
837 2655 950 2680 mater
964 2645 1113 2679 adducta
1139 2647 1231 2687 fuit,
1257 2647 1314 2680 cui

199 2698 384 2733 propterea
413 2689 613 2725 educandus
641 2691 732 2725 tradi
757 2691 903 2731 debuit;
939 2691 1032 2737 quod
1058 2692 1173 2725 t'amen
1202 2705 1312 2738 neque

198 2745 240 2766 ex
269 2737 382 2769 Sacris
409 2739 537 2771 litteris
554 2759 565 2778 ‚
590 2749 702 2783 neque
728 2750 769 2780 eir
797 2740 944 2784 probata
958 2738 1149 2772 traditione
1175 2738 1314 2772 deriva-

198 2789 274 2814 tum
300 2791 351 2814 est
366 2805 374 2812 .

245 2827 291 2865 (b)
324 2848 348 2866 η
372 2829 451 2862 Non
476 2829 725 2876 distinguimus
760 2831 852 2864 inter
877 2831 1037 2863 obsessos
1056 2852 1067 2870 ‚
1111 2833 1152 2864 (9¹⁶
1176 2843 1316 2873 posses-

194 2893 224 2915 v5,
255 2886 337 2913 sos,
377 2874 470 2918 quod
496 2877 638 2918 quidam
664 2879 822 2918 faciunt3
866 2878 965 2922 quasi
1006 2877 1083 2920 plus
1110 2875 1243 2920 aliquid
1270 2878 1315 2910 sit

201 2940 227 2960 ,‚
253 2932 449 2962 poesessum
476 2933 552 2954 esse
578 2936 597 2954 a
622 2926 808 2964 Dmmone,
843 2935 948 2968 quam
975 2925 1173 2956 obsessum.
1223 2922 1316 2956 Nam

201 2987 228 3006 „
257 2967 436 3010 Scriptura
464 2966 604 3011 quidem
625 2971 910 3005 neutrum'habet
932 2970 1142 3004 voca-bulum
1162 2991 1169 3000 .
1199 2970 1315 3002 Patres

202 3033 229 3052 ,‚
256 3022 370 3044 autem
398 3013 564 3046 utrolibet
593 3014 825 3050 indifferenter
850 3025 1022 3050 utuntur.
1059 3014 1166 3049 Iidem
1192 3027 1320 3049 vocan-

203 3080 229 3099 ,‚
255 3067 312 3090 tur
338 3060 443 3092 eriam
471 3071 584 3104 graeco
603 3063 775 3096 vocabulo
800 3068 1044 3108 energumeni,
1075 3063 1175 3107 quasi
1202 3066 1320 3105 inope-

203 3125 229 3145 „
257 3110 323 3138 ruti
342 3128 351 3144 ,
378 3105 411 3138 id
438 3115 488 3139 est
515 3106 558 3139 ab
585 3107 785 3151 inoperante
811 3113 936 3154 spiritu
963 3111 1057 3145 acti.
1096 3109 1211 3143 Verba
1237 3117 1318 3142 sunt

199 3152 299 3183 Grnl.
329 3153 417 3185 Estii
446 3153 481 3185 in
509 3154 551 3184 Η.
578 3154 676 3186 Sent.
704 3155 794 3188 Dist.
812 3157 845 3188 8.
870 3159 899 3198 ᾗ.
923 3169 975 3190 rr.

256 3204 304 3234 tc)
331 3199 452 3232 Vanus
478 3207 567 3231 esset
592 3200 716 3241 labor,
741 3203 858 3235 omnia
874 3204 1013 3236 illorum
1032 3202 1173 3237 nomina
1197 3213 1317 3235 recen-

202 3255 298 3284 sere,
326 3246 385 3290 qni
413 3257 511 3278 veros
531 3246 768 3280 Daemoniacos
795 3261 867 3281 esse
893 3259 1089 3294 negarunt,
1117 3253 1148 3282 ἃ
1173 3249 1316 3289 omnia,

200 3303 278 3333 qum
306 3291 339 3324 in
367 3293 481 3325 Sacris
511 3293 653 3326 bitteris
692 3306 770 3327 curn
796 3295 947 3336 veteris,
985 3305 1059 3329 tum
1086 3298 1165 3330 novi
1193 3296 1319 3329 Testa-

199 3337 315 3370 menti
351 3337 392 3372 de
418 3340 459 3372 iis
486 3340 676 3384 leguntur,
715 3340 950 3385 metaphorice
984 3354 1056 3376 esse
1093 3341 1318 3387 intelligenda

944 85 1346 141 DisSEnrArlo
1379 99 1412 141 1.
1466 95 1594 139 CAP.
1627 97 1732 142 xx.

1397 177 1575 224 Litterae,
1624 177 1657 213 δι
1686 182 1860 215 constans
1887 184 2000 230 atque
2028 174 2253 217 universalis
2293 185 2510 219 sanctorum

1396 228 1550 267 Patrum
1578 230 1730 267 traditio
1758 239 1884 281 aperte
1915 231 2021 269 nobis
2048 232 2267 269 ostendunt.
2297 232 2379 269 Jmo
2408 233 2447 270 id
2467 246 2510 270 eo

1395 284 1514 334 magis
1545 282 1614 320 hac
1643 291 1769 320 nostra
1799 291 1906 321 aetate
1935 287 2187 323 necessarium
2217 286 2386 334 videtur,
2434 298 2512 338 quo

1395 335 1581 374 increduli
1612 336 1670 374 his
1707 337 1929 375 veritatibus
1958 337 2195 376 labefactatis
2235 339 2283 376 ad
2313 340 2396 391 ipsa
2424 353 2508 377 san-

1394 391 1574 428 ctissimae
1604 398 1740 428 nostrae
1762 388 1957 441 religionis
1986 391 2231 428 fundamenta
2259 392 2509 431 convellenda

1395 445 1499 482 viam
1529 445 1602 482 sibi
1632 452 1798 481 sternere
1828 444 2026 482 studiosius
2055 446 2226 481 nituntur
2256 445 2338 495 (c).
2386 446 2509 484 Dabi-

1395 511 1481 535 mus
1510 499 1627 550 igitur
1655 511 1810 550 operam
1828 527 1839 545 ,
1881 505 1923 534 ut
1964 497 2039 534 duo
2068 498 2416 548 impraesentiarum
2445 500 2510 537 de-

1395 560 1665 600 monstremus,
1696 553 1850 604 primo,
1878 563 2039 602 corpora
2069 549 2269 588 hominum
2299 563 2405 603 posse
2425 552 2508 590 Deo

1391 607 1630 656 permittente
1657 621 1680 643 a
1713 604 1961 642 Daemonibus
1989 603 2179 642 obsideri:
2226 605 2419 653 secundo,
2469 606 2510 643 id.

1390 660 1514 711 reipsa
1542 673 1814 711 nonnunquam
1847 659 1989 696 sactum
2008 671 2110 704 esse3
2141 671 2379 710 quamquam
2410 659 2506 697 faci-

1386 709 1424 749 le
1452 726 1561 750 aures
1592 714 1637 750 iis
1665 713 1845 750 omnibus
1865 711 2033 764 praeberi
2064 724 2135 749 uon
2163 711 2349 760 debeant,
2378 714 2507 764 quise

1386 779 1409 803 a
1438 766 1626 804 Daemone
1654 766 1843 815 obsessos,
1873 775 1938 804 aut
1968 765 2117 816 decepti
2146 765 2329 813 credunt,
2359 774 2424 804 aut
2453 768 2503 805 si-

1386 819 1529 857 mulate
1557 820 1734 872 fingunt.

1443 873 1535 912 511.
1565 873 1639 911 Sed
1655 875 1807 926 primo,
1836 872 1930 926 quid
1948 873 2098 910 nomine
2117 871 2387 921 obsessorum,
2415 887 2503 925 pos-2

1388 939 1615 975 sessorum,
1662 941 1728 965 seu
1758 927 2102 965 daemoniacorum
2133 928 2289 979 proprie
2318 927 2511 980 intelliga—

1388 989 1476 1028 tur,
1520 982 1790 1031 exponendum
1819 990 1900 1019 est.
1946 980 2024 1018 ¹Eos
2053 994 2192 1032 nempe
2223 981 2479 1033 intelligimus
2498 1012 2511 1030 ,

1387 1047 1481 1085 quos
1518 1034 1763 1074 cacodaemon
1807 1034 1980 1082 invadit,
2029 1047 2241 1087 eorumque
2284 1034 2511 1087 corporibus

1385 1086 1542 1133 insidet,
1573 1087 1704 1125 eadem
1735 1101 1914 1136 movens,
1945 1090 2136 1140 variisque
2166 1088 2288 1126 modis
2319 1102 2388 1141 pro
2419 1101 2510 1127 con-

1386 1153 1488 1177 cessa
1529 1139 1601 1177 sibi
1644 1156 1666 1179 a
1696 1141 1778 1179 Deo
1807 1150 1984 1193 potestate
2021 1151 2159 1180 vexat.
2218 1142 2302 1180 Non
2345 1142 2508 1195 quidem

1384 1194 1495 1244 quasi
1524 1192 1689 1231 Daemon
1717 1196 1860 1232 animae
1892 1196 1992 1232 vices
2019 1205 2144 1247 gerat,
2174 1204 2214 1233 ut
2243 1196 2331 1233 duae
2363 1198 2434 1234 sint
2465 1197 2508 1234 in

1385 1245 1541 1284 homine
1568 1244 1724 1284 obsesso
1754 1256 1923 1294 naturae,
1963 1249 2025 1285 sed
2055 1249 2237 1287 duntaxat
2268 1258 2306 1287 ut
2334 1249 2505 1288 Daemon

1383 1299 1522 1336 obsessi
1552 1300 1719 1351 corporis
1762 1299 1938 1338 membra
1968 1312 2037 1350 pro
2066 1314 2134 1337 suo
2175 1302 2294 1348 libitu
2324 1312 2506 1342 moveat.

1384 1353 1425 1390 In
1454 1353 1624 1390 animam
1656 1366 1743 1390 vero
1770 1353 1909 1391 obsessi
1931 1352 2095 1391 Daemon
2125 1353 2266 1391 directe
2295 1369 2404 1406 agere
2425 1371 2503 1396 non

1383 1414 1530 1458 potest,
1577 1407 1694 1458 quia,
1728 1416 1766 1444 ut
1795 1407 1903 1444 «locet
1932 1406 1972 1444 S.
2003 1406 2173 1443 Thomas
2203 1407 2234 1445 I.
2264 1405 2306 1445 P.
2337 1423 2376 1461 q.
2398 1409 2521 1453 CXL,

1382 1468 1454 1497 art.
1478 1474 1513 1498 2.
1544 1460 1645 1497 solus
1673 1460 1779 1498 Deus
1817 1468 1938 1511 potest
1967 1457 2202 1497 voluntatem
2242 1460 2402 1499 interius
2432 1463 2508 1499 im-

1382 1522 1530 1550 mutare
1559 1511 1791 1558 efficaciter3
1840 1521 1956 1564 potest
1985 1521 2110 1550 tamen
2141 1511 2331 1551 indirecte
2361 1515 2506 1552 immu-

1383 1566 1498 1603 tando
1527 1566 1763 1617 imaginem,
1811 1566 1872 1603 vel
1902 1579 2084 1615 sensum,
2128 1575 2168 1604 ut
2195 1567 2302 1605 docet
2332 1568 2435 1605 idem
2465 1567 2506 1606 S.

1384 1618 1551 1657 Thomas
1580 1629 1650 1657 art.
1675 1633 1711 1657 2.
1742 1620 1774 1656 8<
1808 1619 1844 1657 5.

1440 1673 1531 1711 512.
1563 1674 1615 1710 Ita
1644 1686 1770 1724 presse
1800 1686 1900 1710 nunc
1920 1673 2108 1710 sumimus
2137 1672 2407 1723 obsessorum,
2439 1688 2505 1713 seu

1381 1725 1744 1764 Dsemoniacorum
1774 1725 1988 1774 vocabula,
2036 1740 2128 1764 nam
2157 1741 2179 1764 a
2216 1728 2408 1766 veteribus
2438 1728 2507 1767 Pa-

1379 1780 1503 1817 tribus
1531 1778 1677 1817 obsessi
1705 1778 1937 1832 quandoque
1957 1781 2079 1818 vocati
2108 1789 2194 1818 sunt
2224 1780 2399 1819 homines
2420 1796 2504 1833 ‘non

1380 1832 1588 1884 baptizati,
1635 1834 1728 1885 quia
1758 1842 1863 1869 eram
1894 1843 2047 1885 propter
2085 1842 2285 1884 peccatum
2314 1835 2504 1887 originale

1379 1886 1451 1924 sub
1472 1886 1631 1924 Diaboli
1661 1887 1906 1939 captivitate,
1938 1886 2036 1924 unde
2056 1888 2171 1924 etiam
2202 1888 2505 1928 exorcismorum

1377 1954 1466 1978 usus
1493 1940 1656 1978 obtinuit
1686 1942 1724 1978 in
1754 1939 2000 1979 Sacramento
2030 1941 2212 1992 Raptismi
2243 1941 2502 1981 conferendo.

1377 1995 1460 2032 lmo
1489 2007 1621 2033 vocem
1651 1998 1910 2046 energumeni
1954 1993 2076 2031 multo
2105 1993 2238 2032 latiore
2268 2009 2378 2033 sensu
2406 1995 2503 2035 olim

1377 2049 1491 2086 fuisse
1518 2055 1744 2098 usurpatam
1773 2047 1819 2085 ad
1850 2055 2060 2100 peccatores
2090 2047 2338 2099 designandos
2356 2079 2366 2097 ,
2412 2063 2502 2089 con-

1376 2111 1445 2140 stat
1473 2115 1518 2139 ex
1547 2102 1736 2154 Dionysio
1763 2101 1880 2152 vulgo
1910 2100 2138 2152 Areopagita
2168 2101 2216 2139 (le
2236 2100 2351 2140 Eccl.
2383 2102 2510 2143 Hier..

1378 2170 1464 2208 cap.
1487 2156 1524 2194 5.
1555 2154 1624 2193 ubi
1653 2168 1922 2205 energumenos
1944 2168 2005 2191 eos
2033 2155 2152 2204 dicit,
2183 2158 2250 2208 qui
2282 2161 2499 2196 contrariis

1379 2208 1568 2248 illecebris
1584 2239 1595 2258 ,
1624 2207 2052 2260 perturbationibusque
2073 2218 2163 2247 suns
2194 2210 2389 2262 implicati
2410 2211 2498 2264 (cl).

2333 2428 2453 2469 PRO„

1384 2551 1627 2592 contendunt,
1653 2549 1903 2596 quasiscilicet
1930 2549 2020 2584 sacri
2049 2549 2245 2596 Scriptores
2272 2560 2343 2584 sese
2370 2561 2507 2585 accom-

1383 2598 1602 2633 modaverint
1640 2598 1736 2631 falsae
1761 2596 1964 2631 Judaeornm
1998 2598 2178 2640 opinioni,
2220 2598 2306 2640 qui,
2347 2605 2386 2629 ut
2412 2598 2501 2629 scri-

1383 2646 1435 2680 bit
1463 2645 1616 2678 Thomas
1634 2644 1827 2677 Hobbesius
1855 2644 1891 2675 in
1911 2643 2101 2675 Leviachan
2121 2653 2197 2686 cap.
2218 2642 2273 2682 40.
2302 2644 2418 2675 bonum
2432 2646 2506 2675 sin·-

1381 2694 1525 2736 gulare,
1552 2696 1592 2722 (9¹
1617 2692 1793 2723 excellens
1823 2701 1917 2720 omne
1942 2701 2003 2732 pro
2032 2692 2157 2732 spiritu
2185 2688 2281 2728 Dei,
2319 2692 2360 2722 (Ὺ
2385 2692 2506 2722 malum

1383 2750 1477 2770 omne
1502 2740 1676 2779 egregium
1701 2736 1905 2768 Daemonizzm
1921 2756 1931 2775 ‚
1959 2740 2000 2767 (φ
2025 2736 2290 2768 cacodaemonem
2316 2745 2476 2769 uocarunt
2495 2757 2506 2766 ·

1385 2783 1620 2815 Daenmniacos
1660 2794 1740 2826 ergo
1766 2783 1930 2815 dixerunt
1967 2784 2076 2822 illos,
2117 2794 2197 2826 quos
2235 2796 2295 2815 nos
2311 2783 2474 2826 fiirio‘sos
2493 2802 2506 2822 3

1386 2833 1547 2868 insano&
1572 2829 1741 2862 lunaticos
1758 2850 1769 2869 ‚
1793 2831 1845 2861 vel
1870 2831 2075 2872 epilepticos
2093 2850 2103 2868 ‚
2139 2837 2235 2873 atque
2252 2834 2366 2862 etiam
2392 2832 2474 2863 illos
2493 2850 2507 2869 5

1385 2880 1439 2919 qui
1467 2888 1505 2908 ea
1531 2877 1772 2919 loquebantur,
1799 2889 1865 2919 <711ae
1890 2878 2048 2919 intelligi
2076 2889 2141 2908 non
2166 2884 2343 2920 poterant.
2388 2876 2507 2909 Etiam

1385 2923 1553 2955 hominem
1592 2924 1791 2955 innnumlum
1824 2922 1947 2956 habere
1984 2923 2147 2956 dicebant
2173 2926 2329 2966 spiritum
2367 2926 2508 2955 immun=

1385 2970 1483 3009 dnm,
1527 2971 1567 3001 ΕΤ
1594 2969 1762 3002 hominem
1787 2977 1906 3002 mutum
1932 2970 2055 3002 habere
2081 2972 2117 3001 in
2144 2982 2180 3001 se
2206 2968 2413 3001 Daemorzium
2438 2981 2508 3001 miz-

1388 3024 1453 3048 tum
1470 3037 1478 3046 .
1505 3017 1557 3049 lta
1582 3015 1640 3048 hic
1664 3016 1823 3061 impius,
1850 3028 1916 3050 non
1942 3017 2053 3049 solum
2080 3016 2280 3055 malorum,
2316 3014 2374 3048 sed
2398 3015 2507 3048 bono-

1387 3074 1467 3094 rum
1494 3061 1600 3095 etiam
1628 3064 1839 3106 Angelorum
1867 3070 2108 3106 contemptor.
2486 3061 2489 3063 ’

1437 3110 1488 3146 (d)
1505 3109 1601 3152 ‘Quae
1628 3110 1735 3143 verba
1762 3109 1923 3153 Dionysii
1951 3110 1999 3142 ita
2017 3107 2195 3142 Maximus
2224 3116 2501 3142 commentatur:

1385 3155 1480 3188 Nota
1494 3176 1505 3196 ‚
1529 3168 1603 3188 enm
1619 3159 1832 3190 innumerum
1850 3155 2157 3198 Energumenornm
2169 3157 2370 3190 adscribere
2395 3159 2500 3188 eciam

1385 3215 1469 3242 eos,
1509 3206 1563 3246 qui
1590 3207 1745 3245 corpori-s
1770 3204 1945 3237 illecebris
1971 3205 2046 3234 sine
2080 3206 2185 3235 animi
2211 3206 2394 3236 inritatione
2412 3223 2423 3241 ‚
2460 3202 2504 3233 (9⁰

1387 3252 1595 3293 poenitentia
1607 3250 1781 3282 adhaerent
1795 3272 1806 3291 ,
1825 3252 1914 3283 velut
1929 3256 2137 3282 scortatores
2152 3272 2163 3290 ‚
2184 3252 2356 3285 studiosos
2370 3255 2504 3291 specta-
2554 3249 2558 3252 ’

1386 3298 1559 3336 culorum,
1597 3299 1637 3329 (J
1653 3309 1721 3329 'eos
1740 3318 1751 3336 ,
1784 3301 1839 3340 qui
1865 3298 1997 3329 similia
2023 3303 2196 3330 tractant.
2237 3294 2358 3331 Videri
2385 3301 2502 3338 potest

1387 3342 1497 3376 Gabr.
1522 3342 1763 3387 Albaspinaeus
1790 3345 1833 3377 de
1859 3342 2086 3376 Eucharistia
2114 3344 2190 3378 Lib.
2208 3345 2236 3377 1.
2262 3352 2336 3387 cap.
2359 3341 2413 3375 15.
