2583 3685
844 142 924 187 DE
959 141 1231 188 VULNER.·
1259 137 1519 184 ANJMAE.

34 241 158 273 ratam
172 226 332 269 tenebris
352 223 362 263 i
391 223 574 263 norantiae
591 252 602 273 ,
632 236 766 275 prarae
786 222 1060 274 dispositionis,
1077 237 1144 261 un-

33 287 82 326 de
108 292 205 325 unta
228 278 362 318 difficu
382 288 434 316 tas
461 279 579 316 oritur
619 278 660 315 in
691 291 781 316 vero
808 278 905 315 bono
946 277 1144 329 apparenti

33 332 338 379 internosceudm
367 331 597 371 voluntatem
627 345 695 383 per
724 329 914 369 malitiam
934 344 1010 368 esse
1037 344 1060 366 a
1080 343 1144 367 ve-

36 404 82 432 ro
105 390 206 429 hono
232 399 402 426 aversam
421 415 431 433 ‚
465 384 700 422 irascibilem
731 385 963 423 infirmatam
994 382 1041 420 ad
1068 383 1143 420 dif-

30 440 221 484 ficultates
247 439 502 492 superandas:
534 439 631 476 unde
660 438 728 476 ille
748 439 943 489 languor,
973 450 1016 474 ac
1037 448 1142 472 mor-

25 495 101 534 bus
135 495 241 533 toties
282 507 305 530 a
332 491 375 531 S.
406 492 637 542 Argustino,
686 493 844 544 ejusque
885 487 1073 540 discipulo
1100 488 1141 526 S.

22 547 181 588 'Plioma
209 554 552 590 commemoratus;
582 559 625 582 ac
654 545 806 583 demum
837 540 1032 580 effraenem
1051 553 1141 578 con-

23 601 302 655 cupiscentiam
330 598 450 637 multo
476 598 728 636 ardentiorem
747 625 757 642 ,
787 597 1058 646 fortioremque
1087 595 1141 631 ef-

27 656 168 695 fectam
187 685 196 703 ‚
223 666 343 706 quam
371 654 413 691 in
442 653 548 704 puris
576 650 814 689 naturalibus
842 648 968 686 fuisset
985 673 995 685 .
1039 647 1138 693 Quae

23 709 160 748 omnia
187 719 252 745 nos
279 705 458 744 sollicitos
487 705 644 742 reddere
683 703 819 741 debent
846 701 894 738 ad
931 699 1141 752 imploran-

22 762 116 801 ‘dam
144 761 230 800 Jesu
245 758 384 798 Christi
412 757 649 796 salutiferam
676 758 838 807 gratiam
855 781 867 801 ‚
895 767 972 807 qua
992 754 1071 792 sola
1092 754 1141 793 ab

28 814 184 854 inflictis
213 811 437 855 vulneribus
463 811 589 849 sanari
618 820 816 861 possumus
832 834 844 848 .

388 925 769 972 COROLLARIUM

153 1052 304 1096 Contra
334 1049 573 1092 Voltairium
590 1082 601 1100 ‚
631 1049 808 1102 aliosque
836 1048 1016 1103 ejusdem

264 1106 446 1161 furfuris
475 1105 589 1158 hujus
617 1109 690 1143 aewi
719 1102 881 1156 pseudo-

445 1157 693 1211 Plu'losophos
709 1184 721 1197 .

76 1288 171 1328 203.
186 1260 395 1328 Increduli
413 1315 424 1334 ,
453 1283 488 1322 8<
517 1282 604 1323 falsi
633 1283 790 1336 quidam
808 1291 1020 1321 nostrorum
1039 1290 1135 1320 tem-

18 1351 159 1395 porum
188 1341 377 1392 sapientes
393 1368 403 1386 ,
433 1352 522 1377 cum
551 1347 747 1391 peccatum
767 1337 952 1388 originale
972 1345 1133 1388 negent,

18 1402 291 1446 consequenter
319 1393 432 1430 etiam
462 1400 626 1443 negant,
657 1389 722 1428 bas
752 1391 916 1438 multas,
961 1403 1134 1440 magnas-

17 1460 123 1500 que,
150 1445 293 1498 quibus
319 1443 616 1490 conflictamur,
656 1445 827 1481 miserias
856 1457 933 1481 esse
963 1443 1133 1494 ejusdem

20 1500 165 1552 peccati
194 1510 346 1549 poenas,
377 1496 441 1534 sed
467 1495 617 1533 easdem
639 1494 833 1546 appellant
863 1495 1043 1532 humanae
1065 1509 1132 1534 na-

17 1561 116 1591 turae
143 1550 396 1588 consectaria:
419 1561 519 1600 ‘quas
546 1560 637 1587 vero
663 1549 858 1599 superiore
882 1550 1050 1586 sectione
1068 1548 1132 1585 de-

14 1604 264 1656 scripsimus,
305 1610 419 1641 status
446 1609 595 1641 naturas
624 1602 836 1639 innocentis
865 1600 1064 1639 felicitates
1091 1609 1135 1638 ut

15 1656 262 1708 imaginarias
288 1655 475 1704 irrident,
502 1668 672 1707 eumque
700 1662 839 1698 statum
867 1653 1036 1692 similem
1057 1668 1134 1692 esse

16 1710 149 1749 dicunt
175 1709 371 1748 decantato
397 1709 500 1761 apud
528 1717 670 1748 veteres
699 1706 830 1746 Poetas
857 1720 974 1747 aureo
1002 1708 1135 1746 Satur-

15 1764 56 1800 ni
85 1761 254 1801 saecuto.
301 1761 498 1811 Demum,
527 1763 559 1800 si
588 1761 673 1800 illos
701 1761 931 1810 audiamus,
968 1761 1135 1800 mundus

16 1815 148 1868 qualis
174 1827 274 1854 minc
303 1824 386 1861 est,
414 1812 500 1854 talis
528 1828 679 1866 semper
709 1815 809 1860 fuit,
836 1815 917 1852 imo
937 1829 1007 1853 nec
1035 1813 1134 1853 alius

13 1876 95 1907 esse
121 1876 237 1921 potest
265 1876 417 1920 propter
446 1867 708 1907 immutabiles
729 1867 815 1906 illas
834 1867 935 1920 leges
952 1898 962 1916 ‚
991 1867 1134 1920 quibus

15 1932 41 1959 a
69 1922 345 1974 sapientissimo
371 1920 456 1973 ejus
482 1920 623 1974 opifice
665 1924 681 1973 (
710 1935 850 1973 nempe
878 1922 925 1959 ad
962 1923 1131 1974 ipsorum

15 1983 184 2013 mentem
213 1988 236 2012 a
264 1973 370 2013 fatali
398 1976 617 2013 necessitate
645 1975 661 2023 )
691 1976 819 2027 primo
847 1974 1022 2013 conditus
1050 1983 1130 2013 est.

70 2027 163 2074 204.
191 2025 466 2066 Verumtamen
494 2028 622 2080 primo
650 2027 773 2080 aliqui
795 2027 896 2066 haud
926 2030 1050 2081 inepte
1070 2042 1131 2067 su·

10 2081 232 2133 spicantur,
259 2080 479 2120 fabulosum
508 2080 607 2120 illud
621 2089 783 2120 aureum
798 2081 951 2120 Saturni
972 2094 1131 2134 regnum

10 2132 112 2173 nihil
142 2147 219 2172 esse
245 2132 381 2184 aliud,
408 2147 526 2188 quam
554 2136 754 2188 antiquam
783 2135 1027 2174 traditionem
1057 2143 1131 2174 sta-

9 2194 70 2226 tus
97 2187 350 2237 innocentiae,
393 2202 420 2227 a
447 2200 525 2240 quo
553 2187 668 2227 homo
709 2187 826 2241 culpa
867 2201 935 2226 sua
965 2189 1130 2235 excidit;

11 2249 233 2294 corruptam
260 2249 414 2291 tamen,
443 2241 478 2278 ἃ
507 2243 778 2280 commentitiis
798 2241 941 2280 fabulis
960 2244 1128 2294 permix-

11 2299 119 2342 tam·-
146 2292 294 2332 Multas
320 2293 469 2333 similes
494 2295 717 2333 traditiones
745 2309 767 2333 a
786 2296 914 2347 prima
933 2295 1066 2332 mundi
1088 2307 1128 2332 o·-

10 2344 165 2397 rigiue,
191 2345 254 2385 vel
282 2345 415 2385 saltem
443 2361 466 2385 a
493 2346 603 2395 Noe,
637 2349 710 2399 qui
738 2348 811 2386 fuit
840 2349 1027 2387 secundus
1056 2347 1128 2386 liu-

11 2398 277 2450 mimigeueris
296 2411 456 2449 parens,
483 2399 649 2450 viguisse
678 2401 773 2438 inter
793 2400 987 2449 Gentiles,
1017 2400 1052 2436 8<
1072 2402 1129 2439 in-

11 2449 63 2488 de
88 2451 213 2490 varias
253 2450 564 2499 fabulasnatas,
610 2452 848 2489 ostenderunt
884 2453 959 2490 viri
1000 2453 1128 2501 docti,

11 2510 50 2539 at
80 2515 127 2540 ue
154 2502 252 2542 inter
279 2501 374 2542 alios
401 2502 514 2556 Hugo
543 2503 699 2542 Grotius
730 2503 849 2542 Libro
876 2504 907 2541 1.
938 2503 987 2540 de
1004 2502 1128 2544 Verit.

12 2554 50 2593 R
86 2559 141 2607 ig.
173 2553 314 2595 Christ.
343 2557 384 2595 in
413 2557 541 2605 adnot.
570 2556 617 2594 ad
645 2554 685 2607 ᾗ.
720 2554 809 2604 16.,
852 2554 886 2591 ἃ
916 2555 1039 2593 multo
1066 2571 1129 2595 co-

41 2609 158 2658 {osius
186 2606 284 2647 Petr.
313 2607 416 2648 Dan.
445 2609 608 2648 Huetius
636 2609 675 2647 in
703 2608 937 2648 Demonstr.
967 2606 1128 2663 Evang.

58 2704 64 2710 ,
112 2685 124 2700 .
151 2660 221 2700 lV.
250 2660 289 2714 §.
317 2661 357 2701 6.
386 2662 534 2701 Deinde
561 2662 785 2714 degenerem
813 2662 915 2700 hunc
945 2661 1126 2702 humanae

11 2714 236 2753 conditionis
262 2724 399 2754 statum
428 2727 500 2754 non
517 2714 640 2754 Poetae
669 2715 815 2763 solum,
845 2717 907 2753 sed
924 2717 1037 2753 etiam
1058 2729 1126 2754 no·

11 2761 109 2810 biles
123 2765 339 2822 Philosophi
355 2797 368 2816 ,
396 2768 432 2806 ἃ
459 2770 562 2807 acuti
604 2777 757 2814 naturae
783 2768 1124 2821 contemplatores,

13 2826 56 2858 nt
81 2818 236 2862 Tullius
254 2852 266 2872 ,
293 2821 328 2859 sc
357 2817 531 2872 Plinius,
560 2822 640 2861 sola
667 2823 810 2861 ratione
838 2822 935 2860 duce
963 2821 1126 2862 subodo-

14 2872 221 2925 rati-sunt,
249 2883 290 2914 ut
316 2888 432 2929 supra
458 2890 499 2915 n.
533 2876 623 2915 152.
652 2875 686 2913 8t
715 2890 796 2928 seq.
825 2885 1017 2914 ostensum
1047 2885 1124 2916 est.

13 2923 73 2964 Ac
98 2925 253 2969 «leffium
278 2941 433 2969 omnem
459 2929 684 2983 prudentem
700 2929 980 2968 dubitationem
999 2931 1125 2969 omni·

35 3120 42 3129 ⁸
65 3079 116 3129 (a)
140 3075 262 3112 videri
284 3088 396 3124 potest
419 3088 539 3117 contra
562 3082 804 3124 votiairtnmj,
830 3083 986 3129 aliosque
1012 3083 1120 3129 ipsius

11 3123 145 3158 similes
167 3124 259 3158 noh.
283 3126 355 3159 Jos.
378 3127 523 3162 Alexi-is
547 3130 604 3164 Dn
623 3130 747 3164 Hamel
773 3131 807 3163 in
826 3131 928 3176 epist.
947 3132 1012 3164 IX.
1038 3130 1120 3164 Bel·

13 3171 117 3214 gica:
141 3170 201 3204 ubi
229 3171 451 3207 sensibilibus
475 3176 644 3220 exemplis
661 3175 703 3209 ad
720 3177 861 3210 oculum
879 3175 1030 3210 ostendit
1045 3187 1121 3211 tur-

11 3217 92 3261 pem
118 3215 273 3261 ipsorum
298 3218 608 3262 parallogismum,
637 3222 698 3266 qni
723 3231 844 3256 contra
868 3234 988 3257 omnes
1018 3224 1120 3268 Logi-

10 3261 67 3294 eh
89 3263 229 3308 regulas
253 3275 293 3296 ex
321 3263 391 3304 iis,
430 3267 507 3308 qnae'
533 3276 625 3300 nnnc
650 3268 685 3300 in
711 3276 831 3302 nostro
853 3267 984 3303 mundo
1013 3281 1121 3314 appa-

12 3310 112 3349 nm,
153 3308 318 3342 fictitium
343 3321 415 3344 esse
439 3310 611 3355 colligunt
650 3312 789 3346 felicem
813 3313 916 3348 illum
943 3316 1119 3360 primaevae

14 3348 217 3391 &santiae
241 3363 374 3392 statum
391 3378 399 3389 ·
426 3358 465 3391 ln
490 3368 560 3403 qva
584 3365 702 3393 tamen
724 3358 869 3404 epistola
893 3360 981 3396 illud
998 3359 1121 3408 displi-

2186 162 2260 203 ¹9¹

1210 233 1261 258 no
1288 219 1424 257 tollunt
1453 221 1586 258 divina
1613 220 1788 267 oracula,
1816 222 1959 274 quibus
1987 223 2104 263 utrius
2136 238 2181 264 ue
2209 238 2319 267 natu·

1210 286 1266 311 rae
1296 274 1531 321 innocentis,
1561 273 1594 309 8t
1625 274 1741 326 lapsae
1770 275 1995 316 discrimina
2023 240 2322 321 luculentissime

1206 326 1458 378 comprobata
1487 335 1566 364 sunt
1583 353 1594 364 .

1267 380 1359 417 205.
1390 379 1591 417 Falltintur
1620 389 1746 423 autem
1764 411 1774 428 ,
1804 381 1837 418 ἃ
1860 382 1996 422 fallunt
2011 387 2227 436 turpissime
2244 387 2319 426 Ad-

1210 434 1392 480 versarii,
1422 447 1511 470 cum
1542 432 1639 472 lianc
1670 435 1881 475 felicissimi
1911 441 2027 489 primi
2056 449 2168 478 status
2195 450 2320 478 muta-

1209 486 1349 523 tionem
1381 486 1657 538 impossibilem
1688 489 1802 525 fuisse
1823 490 1952 528 ‹lic-unt
1971 523 1980 540 ‚
2009 494 2101 544 quia
2120 493 2214 531 alias
2236 508 2319 531 inu·

1208 547 1297 576 tata:
1328 539 1484 577 fuissent
1513 541 1733 591 primariae,
1763 541 1796 577 8(
1827 543 2072 584 invariabiles
2102 555 2244 585 naturas
2266 547 2320 584 le-

1207 606 1273 644 ges
1289 618 1299 630 .
1329 591 1464 644 Reque
1491 594 1594 630 enim
1618 608 1680 632 nos
1694 594 1856 632 dicimus
1874 626 1883 644 ‚
1914 610 2065 650 propter
2083 600 2219 639 Adamt
2237 599 2321 638 cul-

1210 660 1300 697 pam
1329 647 1370 684 in
1400 659 1467 684 nos
1496 648 1721 686 transfusam
1753 657 1982 694 essenlmlliz
2025 658 2189 702 bominis
2222 664 2320 703 alia-

1210 710 1374 751 rumque
1404 713 1533 738 rerum
1563 703 1770 753 praedicata
1792 706 1906 745 fuisse
1923 720 2062 750 mutata
2080 744 2090 762 ‚
2119 717 2221 768 quod
2237 731 2319 755 cer-

1207 760 1243 790 te
1271 754 1352 790 sine
1383 754 1625 804 primarum,
1662 766 1774 808 atque
1805 762 2056 803 essentialium
2087 779 2234 808 naturae
2265 770 2318 808 le-

1206 818 1298 856 gum
1329 808 1534 845 variatione
1563 809 1647 846 fieri
1677 823 1753 849 non
1784 816 1979 863 potuissem
2007 821 2068 857 sed
2091 828 2202 860 totam
2236 836 2321 861 mu-

1206 859 1386 897 tationem
1430 862 1608 911 ponimus
1638 864 1677 900 in
1721 867 1936 915 praedicatis
1978 873 2317 914 accilenmltbus:

1206 924 1358 974 nempe·
1377 911 1517 974 horim,
1548 915 1673 967 qualis
1703 918 1812 956 aDei
1842 925 2109 974 sapientissimi
2139 930 2321 968 manibus

1204 966 1374 1025 prodiyit
1392 993 1403 1012 ,
1445 980 1626 1007 innocens
1653 980 1759 1019 erat,
1789 972 1933 1024 justus,
1976 989 2149 1027 sanctus;
2192 992 2320 1035 postea

1200 1031 1271 1056 sua
1301 1018 1475 1062 libertate
1505 1035 1680 1072 perverse
1701 1025 1858 1065 abutens
1876 1029 1995 1068 factus
2011 1042 2062 1070 est
2078 1035 2318 1085 inobediens,

1204 1081 1405 1163 peccator,
1435 1087 1479 1111 ac
1511 1074 1592 1112 Deo
1621 1090 1688 1114 suo
1719 1079 1898 1119 rebellis.
1947 1083 2040 1122 Erat
2070 1090 2196 1137 primo
2225 1089 2319 1128 felix

1199 1144 1202 1146 ·
1235 1126 1375 1164 aradisi
1406 1125 1559 1176 incola,
1588 1128 1737 1168 deliciis
1767 1133 1957 1183 affluens,
1999 1138 2034 1174 ἃ
2064 1141 2319 1188 immortalis3

1204 1187 1332 1230 postea
1360 1179 1407 1217 ad
1437 1178 1585 1219 labores
1622 1182 1848 1233 damnatus,
1890 1192 2103 1238 momnis,
2146 1195 2319 1244 morbis,

1202 1241 1315 1284 atque
1344 1233 1414 1285 ipsi
1447 1236 1559 1272 morti
1590 1235 1812 1287 subjectus.
1842 1238 1946 1286 Quid
1976 1244 2015 1281 in
2046 1243 2117 1282 hac
2137 1250 2318 1285 mutatio-

1201 1297 1251 1323 ne
1279 1285 1464 1332 absurdi,
1505 1301 1595 1325 cum
1624 1289 1772 1329 similes
1799 1294 2051 1334 accidentales
2092 1302 2318 1340 mutationes

1200 1339 1371 1390 quotidie
1400 1339 1597 1378 videamus
1615 1371 1625 1388 ‚
1655 1352 1768 1394 atque
1798 1348 2075 1398 experiamur?

1260 1391 1351 1430 206.
1383 1391 1570 1430 Audiatur
1598 1394 1639 1432 S.
1670 1395 1746 1434 Th.
1765 1426 1775 1444 ‚
1805 1401 1874 1450 qui
1905 1400 1934 1438 l.
1965 1400 2005 1439 P.
2035 1416 2075 1454 q.
2094 1402 2158 1443 25.
2188 1415 2257 1445 art.
2275 1406 2316 1446 6.

1201 1445 1242 1483 id
1273 1453 1394 1483 totum
1424 1446 1475 1483 ita
1505 1449 1654 1498 egregie
1682 1450 1871 1501 explicat:
1916 1485 1941 1502 „
1972 1455 2123 1495 Bonitas
2150 1458 2318 1512 alicujus

1203 1527 1230 1545 „
1259 1499 1314 1557 rei
1343 1507 1395 1558 est
1423 1498 1590 1559 dit-plen:
1622 1515 1697 1540 una
1727 1504 1910 1555 quidem,
1941 1522 2030 1559 quae
2061 1519 2113 1549 est
2127 1512 2174 1550 de
2194 1527 2317 1553 essen-

1201 1578 1228 1597 „
1258 1558 1309 1587 tia
1340 1563 1416 1609 rei,
1451 1562 1563 1589 stcutt
1591 1567 1668 1592 esse
1700 1558 1882 1596 rationale
1911 1570 1963 1599 est
1990 1563 2037 1601 de
2067 1567 2221 1604 essentia
2251 1565 2316 1606 lio-

1202 1631 1228 1650 „
1258 1603 1397 1648 minis;
1434 1602 1474 1658 ’ἃ
1503 1615 1692 1656 quantum
1722 1610 1770 1647 ad
1798 1609 1870 1649 hoc
1912 1613 2054 1653 bonum
2085 1617 2196 1657 Deus
2238 1633 2320 1659 non

1204 1684 1230 1703 „
1258 1663 1382 1705 potest
1400 1655 1552 1705 facere
1581 1659 1762 1710 aliquam
1791 1675 1877 1700 rem
1907 1667 2142 1718 meliorem,
2190 1679 2318 1722 quarn

1203 1737 1230 1756 ‚,
1261 1711 1348 1758 ipsa
1376 1711 1453 1756 sit,
1485 1709 1574 1747 licet
1599 1716 1721 1760 possit
1737 1714 1890 1766 facere
1905 1718 2086 1769 aliquam
2115 1723 2245 1761 aliam
2266 1736 2317 1764 etz

1204 1791 1230 1810 Η
1260 1761 1500 1823 melior-em:
1529 1764 1641 1821 sicuti
1672 1768 1785 1804 etiam
1815 1780 1891 1808 non
1922 1781 2040 1823 potest
2069 1774 2194 1815 facere
2223 1791 2320 1836 qua-

1202 1844 1229 1864 ‚,
1257 1823 1470 1853 ternarium
1499 1829 1712 1868 majorem:
1755 1823 1847 1874 quia
1877 1824 1907 1862 si
1937 1836 2029 1864 esset
2057 1827 2207 1880 major,
2237 1846 2319 1881 jam

1201 1897 1226 1917 „
1255 1882 1329 1908 non
1359 1878 1451 1907 esset
1478 1875 1772 1923 quaternarius,
1801 1877 1866 1914 sed
1895 1876 1992 1917 alius
2021 1893 2223 1930 numerum
2264 1887 2319 1925 sic

1199 1951 1228 1971 „
1257 1924 1363 1983 enim
1391 1937 1442 1984 se·
1466 1922 1581 1962 habet
1610 1926 1753 1965 additio
1792 1929 2020 1970 differentiae
2061 1935 2319 1977 substantialis

1201 2003 1228 2024 ‚,
1257 1989 1296 2036 in
1323 1975 1639 2028 definitionibus,
1668 1982 1766 2019 sicut
1781 1983 1922 2022 additio
1943 1986 2091 2025 unitatis
2111 1989 2152 2027 iu
2183 2003 2317 2028 nurne-

1200 2056 1228 2078 -,‚
1259 2042 1337 2067 ris.
1367 2030 1456 2068 Alia
1486 2030 1633 2070 bonitas
1663 2042 1740 2082 est,
1770 2048 1859 2086 quoe
1879 2046 1939 2075 est
1958 2048 2078 2078 extra
2094 2047 2316 2082 essentiam

1201 2111 1228 2131 ‚,
1257 2086 1346 2128 rei‚·
1393 2085 1489 2121 sicut
1517 2083 1663 2124 honum
1694 2086 1859 2127 hominis
1888 2099 1941 2129 est
1970 2106 2047 2131 esse
2077 2095 2284 2135 virtuosum
2303 2127 2316 2146 ,

1199 2162 1225 2184 „
1256 2135 1315 2175 vel
1347 2138 1586 2188 sapientem;
1622 2139 1672 2180 (9
1701 2141 1920 2181 secundum
1949 2146 2032 2184 tale
2060 2145 2204 2186 bonum
2232 2159 2316 2200 pot-

1198 2216 1226 2237 „
1257 2198 1315 2226 est
1344 2188 1456 2227 Deus
1498 2202 1563 2229 res
1590 2205 1618 2229 a
1660 2206 1703 2231 se
1731 2194 1883 2246 jactas
1911 2196 2064 2249 facere
2106 2203 2317 2243 meliores.

1197 2269 1225 2290 „
1255 2242 1493 2295 Simpliciter
1521 2253 1649 2284 antem
1680 2245 1872 2300 loquendo
1891 2251 2062 2304 qualibet
2083 2267 2122 2292 re
2151 2270 2173 2293 a
2201 2270 2239 2294 se
2260 2253 2317 2295 sa-

1197 2323 1224 2344 „
1254 2305 1313 2334 cta
1342 2305 1460 2348 potest
1489 2297 1594 2337 Deus
1624 2300 1749 2338 facere
1779 2302 1897 2342 aliam
1926 2302 2127 2346 meliorem
2157 2311 2207 2348 “.
2254 2310 2316 2348 Si-

1195 2348 1341 2387 militer
1370 2351 1483 2389 etiam
1514 2351 1563 2390 ab
1591 2356 1764 2406 opposito
1806 2365 1925 2409 potest
1953 2357 2060 2399 Deus
2089 2375 2134 2399 ex
2164 2363 2314 2402 inscru-

1193 2402 1381 2442 tabilibus
1409 2419 1488 2442 suae
1519 2406 1727 2446 adorabilis
1764 2412 2014 2461 providentias
2051 2415 2195 2453 finibus
2224 2429 2310 2467 per-

1196 2457 1373 2504 mittere,
1421 2472 1480 2496 res
1508 2473 1532 2496 a.
1557 2473 1596 2497 se
1624 2470 1767 2500 creatas
1797 2478 1818 2500 a
1860 2467 2051 2516 primaeva
2087 2482 2155 2505 sua
2185 2470 2313 2520 perse·

1194 2509 1319 2566 ctione
1347 2509 1603 2560 degenerare,
1631 2515 1736 2563 quod
1763 2516 1803 2552 in
1830 2526 1965 2556 natura
1985 2517 2156 2558 humana
2184 2524 2314 2560 certis-

1197 2571 1291 2596 sime
1321 2560 1466 2598 factum
1496 2572 1548 2600 est
1578 2563 1643 2613 (a)
1661 2587 1673 2600 .

1251 2625 1343 2663 207.
1377 2613 1499 2665 Atque
1528 2622 1567 2650 ut
1596 2613 1681 2653 haec
1722 2618 1844 2667 magis
1874 2616 2164 2671 intelligantur,
2211 2623 2308 2663 bene

1194 2665 1466 2716 perpendenda
1495 2674 1605 2715 sunt,
1641 2680 1731 2728 quae
1762 2669 1861 2707 idem
1894 2670 2097 2724 Angelicus
2127 2674 2239 2715 habet
2269 2679 2311 2718 iu

1194 2730 1295 2770 resp.
1324 2719 1371 2756 ad
1407 2731 1440 2756 r.
1485 2718 1571 2758 Sibi
1601 2734 1703 2759 enim
1733 2722 1785 2760 ita
1821 2723 2038 2775 objecerat:
2086 2758 2113 2777 ,,
2145 2723 2308 2771 Videtur

1194 2799 1220 2819 ‚,
1249 2771 1351 2823 quod
1379 2770 1484 2809 Deus
1513 2785 1588 2811 non
1618 2775 1733 2826 possit
1761 2776 1921 2816 meliora
1951 2778 2075 2819 facere
2103 2796 2174 2829 ea,
2216 2797 2310 2837 quan

1191 2852 1220 2874 „
1250 2825 1368 2864 facit.
1419 2822 1616 2876 Quidquid
1643 2832 1751 2866 enim
1781 2828 1891 2868 Deus
1907 2829 2047 2883 facit,
2082 2841 2308 2886 potentissi-

1193 2905 1220 2927 ,‚
1250 2890 1343 2925 me,
1372 2878 1421 2919 (9‘
1450 2883 1744 2931 sapientissime
1758 2882 1903 2934 fizcit;
1944 2885 2009 2924 sed
2036 2895 2135 2927 tanto
2162 2889 2206 2928 fit
2233 2891 2306 2931 ali-

1190 2957 1220 2980 „
1248 2931 1343 2984 quid
1370 2931 1536 2983 melius,
1579 2944 1722 2986 quanto
1750 2935 1792 2973 fit
1820 2938 2035 2989 potentius,
2083 2940 2118 2979 &
2155 2945 2307 2998 sapien-

2100 3020 2129 3045 „
2158 2998 2251 3037 tius:

1187 3093 1269 3124 icet,
1293 3083 1386 3128 quod
1411 3088 1443 3128 §.
1475 3072 1626 3138 rssfsuis
1655 3082 1864 3124 adversariis
1878 3088 2065 3135 concedat,
2091 3093 2184 3131 bunc
2197 3110 2304 3133 mun-

1187 3131 1273 3164 dum
1297 3143 1370 3164 esse
1406 3143 1564 3184 omni-uin
1598 3135 1819 3178 possibilium
1853 3137 2168 3183 perfectissimum,
2211 3146 2239 3177 si
2266 3147 2302 3180 in

1189 3186 1262 3212 tota
1288 3189 1349 3210 sua
1373 3186 1575 3212 extenfflone
1595 3189 1786 3231 sumatur,
1812 3193 1915 3228 prout
1963 3188 2157 3222 raeteritum
2173 3212 2184 3231 ‚
2210 3202 2301 3236 pra*-

1187 3236 1264 3257 sens
1280 3245 1291 3263 ‚
1332 3226 1363 3255 ἀ
1388 3224 1548 3257 futurum
1574 3228 1680 3260 simul
1715 3230 1923 3274 compr-elien
1951 3232 1976 3264 it
1995 3254 2004 3263 ·
2043 3233 2126 3268 vid.
2161 3248 2238 3282 quae
2264 3239 2301 3269 in

1187 3270 1299 3352 {ortuo
1325 3270 1388 3351 lll.t
1419 3280 1500 3317 pag·
1528 3271 1609 3316 370·
1649 3285 1721 3321 seq·
1764 3284 1887 3312 contra
1911 3278 2146 3323 Optimismum
2178 3281 2300 3316 mundi

1213 3328 1243 3352 ic
1262 3328 1281 3350 a
1307 3327 1369 3350 sun
1402 3339 1410 3349 .
