2583 3685
1034 138 1113 184 DE
1147 123 1455 184 oB'sssssis.
2263 139 2318 189 4⁵

84 223 262 274 tollenda
310 221 398 263 satis
427 227 478 261 est
525 227 668 261 textum
697 219 825 260 Sancti
858 221 974 261 Lucae
1023 229 1198 259 accurate

117 278 345 332 erpendere,
376 276 443 316 ubi
473 276 549 314 duo
576 275 882 328 distinguuntur;
913 277 1067 328 primo,
1096 274 1198 326 quod

86 296 298 374 bemont·
316 330 511 370 Christum
543 329 752 382 rogabant,
784 344 834 368 ne
864 333 1082 379 imperaret
1100 328 1198 375 illis,

87 393 127 424 ut
155 389 198 424 ἱη
225 384 419 439 abyssum
448 388 549 422 irent
579 397 675 423 vers.
698 383 759 423 31.
791 383 861 422 hoc
890 392 1018 421 autem
1047 381 1200 420 obtento

82 439 268 491 rogabant
298 441 436 478 iterum
465 438 596 476 Jesum
620 468 632 487 ,
662 447 702 476 ut
730 439 963 491 permitteret
991 437 1045 473 eis
1074 436 1111 472 in
1141 435 1199 472 vi-

84 493 187 531 cinos
218 506 350 546 porcos
378 492 553 544 ingredi,
597 505 672 530 non
703 495 810 544 quasi
842 490 914 529 hoc
943 490 1054 528 modo
1083 489 1200 526 evita·

84 556 168 585 rent
212 548 283 585 iter
326 548 364 585 in
405 546 620 600 abyssum,
664 547 726 584 sed
757 546 882 599 potius
925 551 963 580 ut
992 542 1199 581 crudelita-

83 607 160 639 tem
179 630 189 648 ‚
232 615 351 654 quam
382 614 453 639 non
484 609 655 652 poterant
685 601 824 637 directe
861 609 1035 635 exercere
1066 598 1102 634 in
1133 594 1199 632 lio-

81 655 232 702 mines,
274 655 404 694 saltem
438 662 655 693 exercerent
685 655 722 691 in
753 664 910 705 porcos,
954 664 998 689 ex
1028 663 1194 703 qum-um

82 708 240 747 interitu
271 722 345 748 non
375 711 584 747 minimum
614 709 798 745 damnum
828 706 942 742 etiam
974 703 1197 742 homiuibus

82 762 361 815 proveniebat.
392 763 527 815 Neque
556 773 644 799 vero
673 772 717 797 ex
746 772 822 812 quo
842 771 924 798 sues
955 757 1014 796 illi
1046 759 1197 796 interie-

81 817 189 865 rint,
233 818 404 870 sequitur
452 818 567 854 fuisse
595 813 801 853 Daemones
844 814 884 851 in
921 813 1102 865 abyssum
1132 811 1198 849 de-

81 877 232 919 trusos,
276 883 366 910 cum
396 871 586 923 potuerint
616 869 655 907 in
685 881 798 916 aere,
842 875 1046 916 utantea,
1094 878 1198 904 com·

82 936 226 962 morari
245 951 256 963 .
629 958 633 959 ⁷

137 976 230 1024 546.
259 977 337 1017 Ob.
366 979 502 1017 tertio.
546 976 780 1030 Huiusmodi
823 976 1073 1015 infestationes
1102 974 1195 1012 Dae-

79 1043 251 1070 monum·
272 1045 343 1071 non
373 1031 518 1085 ubique
547 1031 745 1078 locorum,
789 1044 859 1069 nec
895 1030 1075 1069 omnibus
1103 1038 1196 1066 tem-

77 1085 239 1176 poribus
267 1087 519 1139 contingunt3
549 1085 610 1123 sed
633 1084 864 1138 plerumque
893 1085 959 1123 ubi
991 1083 1115 1135 major
1144 1091 1197 1120 est

109 1140 286 1178 ominum
316 1141 555 1193 ignorantia,
603 1139 806 1191 majorque
834 1140 1074 1191 superstitio.
1119 1136 1198 1175 Ob-

79 1203 272 1232 servatum
303 1204 356 1234 est
385 1195 529 1243 etiam,
578 1193 644 1231 ubi
675 1203 759 1231 sunt
790 1194 1012 1230 fervidiores
1041 1191 1200 1229 Exerci-

76 1254 147 1285 stae
169 1277 180 1295 ,
211 1247 266 1287 ibi
297 1249 573 1301 frequentiores
601 1247 766 1284 inveniri
795 1245 987 1292 obsessos3
1015 1259 1104 1298 quae
1134 1258 1199 1283 va-

78 1302 195 1339 rietas
224 1315 410 1354 magnum
440 1309 491 1339 est
520 1302 742 1352 imposturae
761 1329 771 1347 ,
815 1299 848 1336 ἃ
880 1300 1111 1351 deceptionis
1139 1312 1200 1336 ar·

75 1364 333 1406 gumentum.

138 1407 230 1459 547.
262 1405 373 1459 Resp.
403 1407 504 1445 hanc
545 1406 811 1445 difficultatem
841 1407 991 1458 aliquid
1021 1406 1197 1458 ponderis

76 1457 297 1498 habituram
319 1489 332 1508 ,
376 1461 407 1497 si
434 1462 565 1498 omnia
583 1489 593 1507 ,
642 1472 731 1510 quae
761 1460 808 1496 de
836 1459 1057 1510 hujusmodi
1088 1473 1195 1497 ener-

103 1513 252 1550 umenis
282 1521 515 1559 narrantur,
555 1512 892 1550 indiscriminatim
924 1511 1086 1563 probare
1116 1511 1195 1548 vel-

118 1578 228 1611 mus;
270 1579 397 1619 neque
426 1566 530 1604 enim
559 1564 814 1603 dubitandum
855 1574 935 1612 est,
984 1563 1123 1602 multas
1154 1565 1193 1601 in

73 1616 148 1657 lsac
178 1631 217 1657 re
246 1619 364 1659 factas
393 1634 471 1658 esse
499 1619 652 1657 fraudes
669 1649 679 1668 ‚
710 1617 900 1656 &multas
928 1616 1056 1670 plures
1085 1617 1195 1655 dece—

75 1672 225 1727 ptiones
253 1675 473 1726 contingere
502 1687 544 1711 ex
578 1672 778 1712 hominnm
801 1673 977 1720 malitia,
1007 1670 1067 1710 vel
1090 1672 1194 1724 igno-

74 1728 226 1766 rantia.
270 1727 344 1766 Sed
375 1727 470 1767 nihil
501 1727 575 1765 tale
610 1727 881 1779 suspicandum
911 1735 964 1764 est
1004 1726 1050 1764 de
1082 1727 1128 1764 iis
1157 1740 1195 1763 e·

72 1784 346 1833 nergumenis,
391 1795 484 1835 quos
513 1797 536 1820 a
564 1781 763 1820 Servatore
792 1791 943 1830 nostro,
986 1779 1045 1818 vel
1077 1779 1125 1818 ab
1155 1795 1194 1818 e-

73 1832 136 1887 jus
174 1835 375 1888 discipulis
418 1836 597 1875 liberatos
628 1836 769 1883 fuisse,
815 1848 858 1873 ex
889 1848 996 1873 sacra
1038 1833 1195 1873 historia

73 1889 282 1928 novimus.
326 1888 531 1943 Plerasque
567 1890 682 1927 etiam
725 1898 802 1927 tam
846 1890 1030 1941 antiqua,
1077 1902 1195 1940 quam

75 1943 244 1981 recentia
273 1941 458 1982 Ecclesiae
507 1953 757 1982 monumenta
798 1942 909 1980 nobis
950 1943 1193 2000 suppeditant

75 1993 300 2047 hujusmodi
343 1996 615 2045 liberationes,
663 2011 752 2049 quae
783 1998 932 2035 nonnisi
975 1998 1126 2048 rejectis
1154 2009 1194 2034 o-

71 2049 231 2089 mnihus
276 2051 438 2090 sanioris
473 2052 620 2090 criticae
654 2050 814 2103 regulis
839 2051 967 2103 negari
1010 2060 1194 2103 possunt.

73 2101 132 2142 Ac
162 2103 319 2143 demum
347 2119 437 2144 cum
468 2103 567 2144 hanc
595 2105 777 2157 ejiciendi
795 2104 1002 2143 Daemones
1031 2114 1193 2157 potesta-

71 2162 150 2195 tem
178 2157 351 2198 Christus
395 2159 593 2213 reliquerit
624 2159 837 2208 Ecclesiae,
884 2161 972 2212 quis
1002 2158 1192 2212 ambigat,

74 2223 160 2267 eam
192 2226 294 2266 saepe
324 2215 441 2253 fuisse
470 2214 520 2253 ab
540 2214 671 2252 eadem
703 2213 877 2252 Ecclesia
908 2227 975 2266 per
1003 2225 1088 2252 suos
1117 2214 1191 2252 mi-

69 2265 208 2304 nistros
237 2267 474 2308 exercitam?
521 2268 712 2316 Quaenam
744 2282 833 2306 vero
861 2268 1076 2306 consecutio
1105 2266 1190 2307 haec

68 2325 150 2367 est,
179 2332 314 2361 omnes
332 2322 602 2361 Daemoniacos
633 2322 738 2361 fictos
767 2321 969 2374 judicare,
998 2323 1091 2374 quia
1108 2322 1188 2374 ple-

66 2371 181 2425 rique
208 2373 302 2414 tates
332 2375 505 2415 fuerim?
549 2375 710 2414 Perinde
745 2389 789 2414 ac
819 2378 848 2413 si
880 2377 966 2429 quis
1007 2375 1120 2414 vellet
1148 2390 1188 2414 o-

69 2427 181 2464 mnia
211 2428 400 2466 miracula
416 2429 548 2467 tollere
570 2460 581 2478 ,
611 2431 705 2481 quia
734 2429 844 2468 valde
875 2428 998 2468 multa
1026 2429 1189 2469 conficta

71 2477 212 2524 fuere5
262 2489 326 2517 aut
355 2481 509 2519 nullum
539 2482 738 2519 hominem
767 2485 876 2534 pium
895 2512 906 2530 ,
937 2483 1079 2533 justum
1102 2514 1112 2531 ,
1143 2499 1188 2523 ac

72 2539 248 2570 sanctum
278 2532 461 2582 credere,
502 2534 596 2586 quia
624 2532 732 2572 nullo
774 2543 943 2586 tempore
984 2537 1188 2576 defuerunt

70 2580 290 2636 hypocritae
321 2584 414 2638 (a)?

98 2696 163 2745 fa)
188 2693 226 2726 ln
251 2695 409 2730 Concilio
433 2695 661 2740 Quini-sexto
699 2696 880 2731 decretum
907 2697 976 2732 suit
993 2720 1003 2738 ,
1041 2710 1097 2731 cos
1123 2710 1187 2743 pu-

69 2736 239 2791 niendos,
275 2747 330 2787 qui
356 2757 394 2778 se
419 2758 440 2778 a
468 2743 623 2778 Damone
666 2753 843 2787 correptos
879 2757 957 2778 esse
1000 2748 1186 2786 simulant,

69 2788 113 2818 0·
137 2791 306 2832 eJusmodi
331 2790 616 2834 afflictionibus,
641 2793 877 2835 laboribusque
904 2805 962 2826 eos
990 2793 1116 2838 subjici
1151 2807 1189 2825 ο-

68 2840 231 2875 portere,
257 2838 375 2881 quibus
401 2842 456 2881 ii,
493 2843 548 2884 qui
574 2852 648 2873 vere
673 2853 693 2872 a
721 2838 875 2873 Damone
902 2843 1052 2882 correpti
1081 2849 1157 2874 sunt
1176 2861 1187 2880 ,

68 2886 106 2912 ut
127 2892 149 2913 a
177 2880 346 2918 Damonis
371 2891 569 2930 operatione
595 2889 809 2926 liberentur,
840 2887 920 2933 jure
962 2887 1188 2933 subjiciuntur

71 2925 159 2978 Cam
185 2927 242 2962 6ο.
268 2942 309 2965 ex
336 2944 406 2977 quo
429 2934 569 2967 Canone
595 2934 799 2978 colligitur,
835 2936 868 2966 ὃ(
892 2945 991 2967 veros
1019 2943 1102 2967 tunc
1128 2947 1190 2968 ex-

73 2977 186 3006 titisse
213 2987 489 3024 energumenos,
517 2984 548 3013 &
573 2982 681 3014 etiam
710 2981 806 3014 fictos
826 3003 834 3012 .

125 3019 173 3058 (b)
200 3023 330 3058 Omnes
354 3027 450 3069 fere,
475 3028 537 3073 qui
562 3026 604 3061 de
625 3027 856 3061 Daemoniacis
884 3035 1064 3069 tractant,
1090 3027 1190 3061 varia

74 3060 222 3121 afferunt
235 3071 332 3114 signa
347 3094 359 3113 ,
383 3075 513 3120 quibus
529 3077 601 3109 veri
629 3089 647 3109 a
667 3076 764 3109 falsis
784 3073 1047 3118 distinguantur
1063 3099 1071 3107 .
1100 3076 1188 3108 San-

75 3116 152 3160 ⁰2¹J⁵
182 3112 412 3166 “leronymus
451 3123 485 3155 in
512 3123 584 3156 vita
614 3123 732 3156 Sancti
760 3122 952 3156 Hilarionis
985 3123 1189 3168 exemplum

75 3156 174 3190 afli-rt
193 3163 382 3211 'quusdnm
408 3169 648 3210 Daemoniaci,
686 3171 744 3215 qui
774 3170 911 3214 syriace
938 3179 1098 3215 prompte
1119 3191 1130 3209 ,
1157 3171 1190 3201 &

73 3204 236 3260 eximin?
262 3208 468 3252 loquebatur
484 3237 494 3256 ‚
519 3218 681 3261 qtimnvis
706 3229 784 3250 eam
810 3217 966 3261 linguam
994 3228 1189 3260 numquam

77 3251 240 3286 calluerit
257 3278 265 3286 .
293 3254 422 3292 Videas
437 3282 448 3300 ,
471 3263 584 3307 inquit.
600 3286 610 3304 ,
636 3265 681 3297 de
694 3277 752 3296 ore
771 3265 910 3297 barbaro
925 3286 936 3305 ,
963 3269 1005 3297 (φ’
1023 3263 1192 3308 quisran-

76 3306 151 3330 eam
178 3307 325 3343 tantum,
353 3309 395 3337 (φ’
422 3308 562 3342 latinam
587 3313 738 3356 linguam
764 3320 926 3350 noverat,
954 3324 1043 3354 syra
1061 3313 1107 3344 ad
1130 3323 1190 3355 pu-

77 3354 149 3399 rum
176 3350 272 3383 verba
295 3363 480 3394 resonare,
507 3364 540 3387 ut
560 3369 623 3389 non
639 3360 771 3391 stridor
787 3381 797 3399 ,
820 3370 886 3391 non
903 3362 1097 3401 aspiratio,
1124 3370 1190 3390 non

77 3391 207 3429 zclwma
232 3398 371 3444 uli'quod
397 3399 573 3436 Palaeseim·
599 3405 738 3440 deesset
762 3407 889 3450 eloquii
905 3427 914 3437 -
941 3405 976 3438 Ρ.
1003 3403 1189 3440 Eduardus

1322 215 1414 263 548.
1445 215 1588 254 Dices.
1618 214 1658 254 Si
1689 215 1798 255 nobis
1830 215 1927 254 ultro
1948 214 2152 256 fatentibus
2180 215 2309 269 plures
2337 218 2376 256 in

1266 271 1338 310 hac
1369 285 1408 308 re
1439 271 1593 308 luerunt
1622 270 1697 307 doli
1716 301 1726 318 ,
1758 272 1790 307 ἃ
1815 273 1965 309 sortasse
1996 270 2116 310 multo
2145 269 2272 324 plures
2290 280 2377 310 sunt

1267 324 1470 363 hominum
1501 337 1642 362 errores
1660 354 1670 371 ‚
1700 325 1765 375 qui
1798 325 1946 363 morbos
1970 356 1980 373 ,
2010 337 2175 377 quorum
2195 339 2325 363 causas
2347 326 2378 362 i-

1266 388 1449 431 gnorant,
1481 377 1735 417 Daeinonibus
1764 378 1930 415 tribucre
1962 380 2078 417 solent
2097 409 2107 426 ,
2138 377 2245 416 nulla
2266 378 2381 431 plane

1267 433 1450 472 certitudo
1479 431 1644 482 alicujus
1673 433 1752 469 veri
1784 431 2021 471 Deemouiaci
2051 432 2184 472 haberi
2215 434 2377 485 poterit·

1324 486 1416 539 549.
1449 485 1560 539 h'csp.
1591 484 1746 534 Primo,
1777 494 1815 523 ut
1844 485 1922 536 jam
1952 488 2120 525 diximus
2139 516 2150 535 ,
2180 485 2377 537 ambigere

1268 540 1480 579 nullatenus
1527 553 1723 592 possumus
1752 540 1798 577 de
1827 542 2089 592 energumenis
2112 571 2122 588 ,
2166 554 2260 592 quos
2288 540 2377 578 Jesu

1266 594 1408 633 Christi
1438 596 1578 632 virtute
1619 593 1798 632 liberatos
1829 594 1941 632 fuisse
1971 597 2064 632 sacri
2094 594 2252 632 Codices
2293 608 2378 632 nar-

1266 657 1378 687 rant.
1420 649 1597 687 Secundo
1625 656 1707 686 suut
1737 647 1878 699 aliquae
1911 648 2082 687 indubiae
2113 657 2210 686 notae
2234 678 2244 695 ,
2291 650 2378 700 qui-

1261 702 1336 740 bus
1373 704 1511 756 possint
1541 717 1565 742 a
1593 703 1700 740 docto
1722 731 1732 749 ,
1775 699 1808 736 8<
1839 702 2022 753 prudente
2064 703 2247 740 exorcista
2295 703 2377 740 veri

1265 756 1504 795 Daemoniaci
1535 772 1556 795 a
1586 756 1690 794 falsis
1719 755 1923 805 distingui.
1954 754 2159 795 Nonnullae
2189 757 2376 806 assiguan-

1266 819 1326 848 tur
1369 812 1409 849 in
1441 809 1582 849 Rituali
1614 809 1723 848 Rom.
1762 810 1802 848 in
1833 808 1964 847 Titulo
2011 811 2056 848 de
2099 809 2377 848 exorcizandis

1266 863 1458 913 obsessis,
1490 865 1557 904 ubi
1588 866 1715 916 primo
1744 873 1914 902 monetur
1945 864 2164 912 Exorcista,
2194 876 2244 900 ne
2261 862 2378 915 juci-

1266 920 1302 956 le
1345 918 1509 967 credat,
1553 921 1728 972 aliquem
1758 932 1786 956 a
1815 916 2018 956 Doemone
2047 917 2250 956 obsessum
2279 929 2375 955 esse:

1265 973 1404 1011 deinde
1435 972 1519 1012 liaec
1550 981 1814 1026 proponuntur
1842 974 1947 1024 sigua
1988 973 2190 1011 obsidentis
2221 971 2377 1009 Daemo-

1263 1029 1350 1076 nis,
1386 1027 1530 1066 scilicet
1552 1058 1577 1076 „
1607 1029 1733 1080 ignota
1763 1026 1892 1077 lingua
1909 1026 2012 1078 loqui
2030 1025 2207 1079 pluribus
2223 1024 2349 1063 verbis
2367 1055 2379 1074 ,

1267 1112 1294 1132 ,‚
1323 1080 1384 1121 vel
1414 1080 1632 1135 loquentem
1663 1080 1902 1132 intelligere,
1932 1081 2105 1119 distantia
2126 1110 2137 1128 ,
2169 1079 2200 1115 8(
2230 1078 2380 1117 occulta

1268 1166 1295 1186 „
1323 1135 1536 1188 patefacere
1554 1167 1564 1184 ,
1609 1137 1708 1174 vires
1737 1148 1851 1187 supra
1880 1137 1999 1172 aetatis
2019 1163 2030 1182 ,
2067 1148 2130 1171 seu
2161 1133 2383 1172 conditionis

1267 1220 1294 1240 „
1325 1200 1497 1228 naturam
1527 1190 1750 1237 ostendere,
1782 1188 1871 1226 &id
1903 1201 2020 1239 genus
2050 1187 2152 1235 alia,
2181 1200 2269 1239 quae
2291 1200 2380 1224 cum

1268 1274 1296 1294 „
1327 1244 1496 1295 plurima
1511 1251 1765 1291 concurrunt,
1795 1239 1944 1293 majora
1965 1242 2062 1279 fiunt
2088 1238 2313 1292 judicia-(b)
2331 1243 2380 1277 “.

1324 1298 1416 1336 550.
1448 1297 1588 1336 Dices.
1625 1296 1757 1334 Petrus
1786 1296 1994 1335 Abanensis
2024 1297 2064 1333 in
2092 1295 2309 1334 Comment.
2339 1297 2381 1330 in

1266 1352 1487 1389 Aristotelis
1514 1349 1767 1401 problemata
1797 1352 1934 1401 partic.
1957 1349 2022 1388 30.
2053 1348 2245 1402 problem.
2267 1362 2299 1386 1.
2322 1361 2380 1385 re-

1265 1406 1337 1443 fert
1367 1418 1411 1442 ex
1441 1405 1516 1443 fide
1544 1403 1745 1455 cujusdam
1775 1401 1950 1450 Medici,
1995 1403 2199 1440 mulierem
2231 1415 2382 1454 prorsus

1265 1459 1485 1497 illiteratam
1504 1489 1515 1507 ,
1545 1458 1636 1496 dum
1654 1466 1743 1495 esset
1764 1454 2043 1494 melancholica
2059 1485 2070 1502 ,
2100 1456 2270 1492 latinum
2287 1469 2379 1492 con-

1263 1524 1406 1563 gruum
1438 1513 1602 1549 locutam
1634 1512 1774 1555 suisse3
1804 1509 1836 1545 8(
1869 1508 1997 1547 Petrus
2027 1508 2295 1560 Pomponatius
2316 1507 2380 1547 De

1265 1567 1464 1602 incantat.
1495 1578 1529 1602 c.
1558 1579 1617 1603 io.
1647 1566 1692 1602 de
1722 1564 1797 1601 alia
1828 1564 1970 1601 semina
2000 1564 2130 1600 eodem
2164 1563 2296 1600 morbo
2325 1562 2381 1600 la-

1262 1617 1422 1655 borante
1453 1619 1595 1668 pariter
1625 1619 1765 1664 refert,
1796 1618 1969 1654 eamdem
2002 1615 2166 1655 locutam
2190 1617 2304 1655 fuisse
2324 1630 2380 1654 se·

1262 1671 1430 1710 cundum
1462 1671 1611 1708 diversa
1640 1671 1850 1707 idiomata.

1320 1725 1413 1764 551.
1444 1722 1579 1777 Resp.,
1627 1722 1850 1775 hujusmodi
1894 1721 2094 1760 relationes
2137 1723 2213 1761 fide
2250 1725 2381 1776 dignas

1264 1792 1340 1816 non
1369 1793 1473 1827 esse,
1511 1791 1600 1831 quae
1632 1777 1862 1830 plerumque
1892 1776 1980 1814 iude
2009 1785 2100 1814 ortae
2131 1787 2237 1826 sunt,
2279 1779 2383 1831 quod

1264 1832 1358 1872 tales
1407 1834 1563 1871 feminae
1595 1833 1632 1870 vi
1664 1831 1788 1870 morbi
1819 1829 2157 1883 agitataelinguam
2188 1833 2226 1869 in
2254 1835 2379 1871 varias

1264 1901 1374 1925 voces
1403 1896 1695 1934 commoveant,
1725 1899 1812 1938 quae
1844 1898 1933 1923 cum
1965 1897 2039 1923 non
2065 1884 2328 1937 intelligantur
2357 1901 2386 1926 a<

1264 1942 1597 1980 circumstantibus
1615 1971 1625 1989 ,
1657 1949 1839 1992 putantur
1867 1940 1914 1977 ad
1943 1940 2051 1977 varia
2081 1939 2263 1978 idiomata
2295 1954 2379 1993 per-

1262 1997 1381 2034 tinere
1399 2023 1408 2034 .
1453 1995 1572 2034 Nulla
1601 2004 1727 2032 autem
1759 1993 1940 2031 hactenus
1970 1993 2112 2045 prodiit
2142 1993 2297 2032 historia
2326 2005 2378 2032 te·

1262 2049 1381 2088 stibus
1411 2049 1488 2088 fide
1516 2050 1643 2101 dignis
1672 2048 1932 2095 communita,
1963 2061 2040 2099 qua
2070 2046 2278 2098 probetur,
2310 2047 2377 2085 ho-

1263 2105 1387 2143 mines
1415 2103 1495 2142 sola
1525 2101 1809 2149 melancholia,
1839 2110 1903 2138 aut
1925 2099 2002 2138 alio
2031 2100 2167 2138 morbo
2188 2111 2378 2154 correptos

1262 2161 1402 2212 ignota
1430 2158 1569 2211 lingua
1598 2155 1776 2210 pluribus
1805 2153 2105 2200 verbis.locutos
2136 2155 2279 2203 fuisse,
2309 2164 2389 2194 aut*

1260 2214 1337 2251 alia
1367 2214 1552 2266 peregisse
1573 2241 1584 2260 ,
1613 2224 1702 2264 quae
1735 2211 1832 2249 vires
1862 2222 1978 2262 supra
2005 2209 2149 2258 aetatis‚
2191 2217 2257 2247 aut
2285 2222 2376 2249 con-

1257 2267 1412 2305 ditionis
1441 2276 1617 2318 natu-ram
1645 2265 1908 2303 ostenderent.
2039 2312 2041 2314 Ι

1313 2321 1405 2360 552.
1435 2320 1529 2372 Obj.
1561 2318 1725 2358 ultimo.
1774 2317 1814 2357 Si
1845 2317 1951 2356 Jesus
1978 2316 2151 2356 Christus
2192 2330 2271 2355 suae
2302 2317 2391 2356 Ecae

1255 2374 1383 2414 clesiae
1427 2382 1663 2427 protestatem·
1689 2373 1851 2411 dedisset
1879 2385 1945 2425 pet
1976 2372 2207 2410 exorcismos
2249 2371 2389 2424 expel-·

1257 2429 1361 2468 leudi
1392 2429 1626 2476 Daemones,
1671 2426 1711 2465 hi
1749 2440 1966 2479 numquam
1995 2438 2063 2463 sno
2103 2424 2239 2463 effectu
2270 2439 2376 2463 care-

1256 2493 1370 2521 rent:
1419 2492 1455 2521 at
1485 2496 1573 2520 vero
1603 2482 1837 2535 experientia
1865 2493 1932 2519 uos
1960 2479 2101 2530 docet,
2144 2492 2205 2518 eos
2234 2481 2376 2532 saepius

1256 2537 1397 2575 frustra
1426 2536 1631 2574 adbiberi.

1312 2589 1406 2628 555.
1437 2589 1572 2641 Resp.,
1602 2589 1716 2626 etiam
1739 2585 1952 2638 Discipulis
1980 2585 2371 2625 JesuChristi‘semet

2227 2651 2318 2676 con·

1255 2698 1426 2733 Cor-sinus
1452 2698 1488 2730 in
1515 2696 1629 2731 Tomo
1655 2694 1715 2728 tv.
1742 2692 1858 2727 Instit.
1898 2691 2094 2736 philosoph.
2120 2690 2209 2736 disp.
2238 2703 2270 2724 2.
2298 2693 2375 2726 Me-

1255 2745 1353 2789 tapli.
1369 2757 1444 2789 cap.
1466 2757 1494 2778 r.
1522 2755 1618 2777 num.
1640 2744 1673 2775 3.
1699 2741 1827 2786 Negat-i
1846 2761 1856 2779 ,
1882 2739 1995 2783 inquit
2010 2762 2021 2780 ,
2046 2752 2111 2772 non
2135 2743 2265 2782 poterit
2280 2761 2290 2780 ,
2317 2740 2376 2772 ob-

1257 2806 1374 2826 sessos
1400 2794 1532 2836 ‹il-iquos
1549 2799 1568 2831 ‚‘
1595 2795 1637 2824 (9¹
1662 2799 1901 2833 energumenos
1928 2790 2074 2830 reperiri
2100 2809 2110 2818 .
2137 2808 2146 2817 .
2174 2808 2182 2816 .
2211 2809 2218 2816 .
2256 2795 2315 2819 aut
2343 2789 2375 2819 si

1255 2843 1310 2873 cui
1327 2839 1491 2882 sortasse
1518 2850 1643 2882 negare
1669 2839 1797 2875 liceat,
1839 2833 1922 2866 mihi
1949 2842 2046 2866 certe
2071 2845 2136 2865 nnn
2162 2836 2272 2873 licet,
2317 2836 2373 2875 qui

1257 2891 1448 2930 nuperrime
1476 2887 1620 2919 viderim
1645 2885 1814 2917 muherem
1830 2902 1840 2921 ,
1877 2893 1942 2913 non
1969 2883 2069 2913 miris
2093 2881 2191 2912 modo
2217 2893 2373 2923 corporis

1256 2934 1511 2978 agitationibus
1537 2934 1778 2972 contorqueri,
1823 2936 1955 2961 secreta
1980 2929 2146 2966 altorum,
2187 2929 2230 2960 de
2257 2929 2373 2971 quibus

1258 2982 1532 3026 interrogabatur
1547 3001 1557 3019 ,
1581 2979 1726 3022 prodere
1742 2998 1752 3015 ,
1769 2987 1934 3009 accensas
1953 2996 1964 3015 ‚
1983 2974 2376 3019 remotissimi-isquefa-

1257 3040 1316 3062 ces
1336 3050 1347 3069 ‚
1372 3030 1447 3062 dum
1467 3027 1667 3074 juberetur,
1694 3027 1914 3067 exstinguere
1929 3043 1940 3062 ‚
1971 3023 2293 3067 iterumque-jussum
2312 3034 2375 3053 ex-

1259 3079 1389 3110 tinctas
1417 3077 1498 3108 illas
1523 3073 1713 3106 accendere
1732 3086 1745 3110 ,·
1768 3074 1875 3115 patrii
1905 3071 2010 3103 solum
2029 3071 2208 3102 idiomusis
2233 3081 2374 3111 gnaram

1258 3124 1366 3157 latine
1383 3144 1392 3162 ‚
1421 3126 1462 3154 (θ’
1479 3122 1608 3165 gallice
1622 3120 1716 3152 clare
1735 3139 1746 3158 ‚
1767 3121 1928 3161 apposite
1942 3138 1953 3157 ‚
1978 3119 2114 3155 nitido,
2138 3118 2372 3159 ‹listina-‘esne

1258 3170 1484 3213 respondere:
1509 3167 1688 3200 duodecim
1703 3166 1848 3210 denique
1863 3164 2095 3199 characterum
2110 3176 2243 3207 species
2260 3185 2269 3202 ,
2295 3175 2375 3204 «μια-

1259 3219 1310 3250 les
1336 3229 1357 3249 a
1380 3216 1560 3249 duodecim
1585 3213 1810 3255 scriptoribus
1848 3212 2131 3253 effu-murentur,
2169 3224 2243 3244 cum
2269 3222 2370 3251 neque

1259 3266 1395 3306 legere,
1422 3273 1525 3305 neque
1552 3260 1702 3294 scribere
1726 3271 1867 3302 prorsus
1895 3264 2024 3298 sciret,
2048 3271 2192 3291 exarare
2209 3282 2218 3297 ,
2255 3259 2369 3300 quihus

1260 3321 1426 3344 variorum
1452 3311 1630 3350 spirituum
1650 3328 1660 3347 ,
1698 3307 1813 3350 quibus
1841 3307 1995 3340 obsideri
2017 3306 2090 3352 jam
2114 3308 2254 3338 (Iterat
2273 3325 2284 3342 ,
2310 3316 2368 3332 no-

1258 3361 1347 3389 mina
1364 3378 1374 3396 ,
1401 3358 1491 3387 eires
1506 3375 1516 3394 ,
1541 3366 1706 3387 numerum
1721 3375 1731 3393 ‚
1755 3356 1903 3389 exeundi
1921 3354 2017 3398 leges
2034 3374 2044 3392 ,
2070 3361 2127 3388 aut
2142 3352 2306 3397 fmclera,
2331 3359 2371 3380 a·

1259 3406 1372 3447 linque
1400 3403 1439 3437 id
1460 3410 1566 3451 genut-
1592 3402 1814 3445 explicabat.
