2583 3685
905 144 985 189 DE
1021 144 1299 189 JUDAEOR.
1331 147 1556 191 DISPER.

70 230 113 269 in
143 235 272 277 tecto,
300 236 380 264 non
409 221 626 263 descendat
655 222 788 262 tollere
809 223 958 275 aliquid
986 224 1035 263 ‹le
1063 224 1181 263 domo

68 295 174 322 sua:
209 281 259 322 &
284 282 350 330 qui
378 281 418 315 in
447 290 574 330 agro,
603 291 684 315 non
712 287 931 316 revertatur
958 279 1094 317 tollere
1121 287 1180 316 tu-

71 340 208 375 nicam
234 343 382 370 suam:
420 344 518 370 vers.
549 332 614 376 34.
659 332 790 370 Amen
820 331 906 370 ‹lico
936 331 1056 380 vobis,
1085 335 1181 382 qum

68 401 150 428 non
176 383 388 437 praeteribit
416 389 625 437 generatio
654 384 738 423 ἠως
755 415 765 433 ,
795 385 918 424 donec
937 389 1073 423 omnia
1095 384 1181 422 haec

59 442 172 534 ἔξω
189 465 200 478 .
228 438 331 487 Quae
359 438 556 491 prophetia
587 440 700 476 etiam
722 441 910 492 reperitur
931 437 1055 477 Marci
1071 437 1179 476 Xlll.

49 505 56 516 ·
119 505 179 531 rro
206 494 237 531 si
269 492 351 532 ltaec
379 494 510 530 omnia
538 493 584 530 ad
615 494 764 544 apicem
807 493 1019 530 litterarum
1055 491 1179 529 adim-

63 545 166 600 pleta
196 547 312 585 fuisse
341 545 566 594 videamus,
608 548 696 598 quis
724 546 816 584 adeo
845 557 972 583 vecors
1003 545 1098 591 erit,
1139 552 1178 582 ut

63 600 287 648 inficietur,
316 600 445 639 Jesum
475 600 590 638 fuisse
621 613 754 637 verum
786 593 1037 651 l'ropltetatn,
1067 598 1178 636 adeo-

62 667 140 707 que
168 655 283 692 etiam
312 653 440 694 verbis
482 655 558 692 suis
600 662 768 691 veterum
799 650 1072 703 Prophetarum
1114 665 1178 702 ge-

62 709 225 747 nuinum
255 720 407 748 sensum
435 705 730 746 determinasse?

122 759 211 800 182.
240 759 381 800 Oculos
408 773 513 800 nunc
542 758 790 810 conjiciamus
819 759 858 796 in
887 757 1020 810 populi
1042 757 1176 796 Judai-

61 815 99 853 ci
128 815 350 864 excidium,
378 813 492 868 quale
519 829 542 852 a
571 811 708 850 Flavio
725 810 887 862 Josepho
916 811 1086 862 ejusdem
1109 826 1175 849 na-

59 868 201 916 tionis,
230 867 264 904 8t
292 867 488 920 religionis
514 865 623 904 nobis
650 864 884 917 descriptum
914 866 1008 903 fuit.
1040 866 1175 904 Annus

61 935 154 960 aerae
173 920 312 961 Christ.
341 922 591 973 sexagesimus
619 927 772 957 octavus
789 949 800 966 ,
830 919 985 970 quando
1003 931 1175 970 genem-

59 979 114 1013 tc'o
143 976 214 1014 illa
244 968 418 1013 nondum
446 975 713 1024 proeeeriverac
745 974 871 1023 (nam
893 971 1077 1023 plurimi,
1107 974 1175 1023 qui

61 1028 162 1069 hanc
190 1026 428 1083 prophetiam
470 1025 724 1074 audiverant,
772 1027 811 1064 in
844 1026 942 1064 vivis
984 1025 1109 1064 adhuc
1138 1040 1176 1063 e-

61 1091 148 1122 rant
177 1083 217 1131 ),
246 1094 334 1120 cum
367 1079 526 1118 Romani
556 1079 692 1118 urbem
722 1078 936 1117 Jerusalem
965 1077 1067 1119 vallo
1095 1080 1176 1117 ciu-

59 1140 222 1183 xerun't,
253 1133 287 1171 ἁ
316 1143 398 1187 post
426 1133 576 1185 longam
594 1162 604 1181 ,
643 1134 950 1185 acerrimamque
977 1145 1177 1186 oppugna-

58 1190 201 1227 tionem
233 1189 270 1227 vi
300 1187 452 1226 tandem
470 1217 481 1236 ,
511 1187 544 1223 8<
574 1187 691 1224 armis
711 1195 972 1238 occuparunt,
1002 1196 1176 1240 tantaque

56 1242 156 1280 facta
185 1250 236 1281 est
257 1241 484 1280 Jndaeorum
498 1241 622 1278 omnis
652 1251 761 1278 sexus
779 1269 790 1287 ‚
820 1239 854 1275 &
885 1241 1005 1278 aetatis
1026 1241 1147 1278 caedes
1163 1270 1174 1289 ‚

55 1303 99 1334 ut
127 1295 174 1334 ad
206 1294 383 1351 undecim
412 1303 566 1332 centena
594 1292 720 1330 millia
750 1294 789 1330 in
819 1307 863 1330 ea
890 1293 1089 1332 obsidione
1119 1295 1175 1332 sa-

55 1356 148 1397 me,
178 1348 305 1395 ferro,
336 1346 570 1399 flammaque
601 1347 755 1397 periisse
784 1346 982 1385 dicantur:
1026 1347 1174 1400 reliqua

54 1410 184 1440 autem
213 1399 416 1438 multitudo
445 1398 579 1451 populi
603 1428 612 1447 ‚
644 1399 738 1437 urbe
759 1409 900 1438 vastata
918 1431 928 1448 ,
957 1399 1175 1453 temploque

53 1454 232 1503 incense,
281 1454 320 1492 in
351 1454 532 1491 miseram
576 1454 836 1505 captivitatem
880 1453 1044 1492 abducta
1074 1455 1174 1493 suit.

53 1506 103 1545 Et
131 1508 224 1558 quia
251 1507 416 1544 civitatis
443 1505 641 1544 destructae
662 1505 787 1544 adhuc
807 1507 964 1558 vestigia
993 1508 1174 1559 quaedam

54 1562 303 1610 supererant,
352 1566 391 1596 ut
420 1557 515 1596 nihil
547 1571 698 1611 prorsus
740 1558 952 1612 prophetias
983 1561 1172 1612 adimple—

53 1612 150 1650 ttoni
169 1611 336 1659 deesset,
366 1618 446 1664 post
460 1610 528 1650 60.
557 1612 708 1650 circiter
737 1625 851 1650 anuos
867 1612 930 1663 (a)
961 1613 1077 1652 AElius
1095 1614 1172 1651 Ha-

49 1659 206 1704 drianus
234 1665 442 1717 Imperator
484 1663 630 1717 lapides
670 1666 810 1717 prioris
848 1665 930 1716 jam
972 1666 1170 1703 destructae·

48 1717 270 1768 transtulit,
318 1727 359 1756 ut
389 1731 528 1757 novam
558 1719 596 1756 in
625 1720 755 1757 vicina
796 1719 992 1757 civitatem
1023 1728 1171 1757 extrue·

51 1775 138 1820 ret,
167 1786 285 1824 quam
315 1785 360 1810 ex
388 1785 454 1810 suo
482 1773 636 1810 nomine
664 1770 822 1811 AEliam
852 1773 1027 1820 vocavit,
1058 1781 1170 1826 atque

50 1825 131 1873 ita,
179 1834 290 1877 prout
356 1825 556 1863 raedixerat
583 1824 753 1863 Christus
791 1824 917 1864 Marc.
948 1825 1056 1864 Xltt.
1103 1840 1168 1876 2.,

50 1878 156 1930 Iapis
184 1891 300 1928 super
342 1877 503 1929 apidem
531 1878 690 1917 relictus
719 1891 800 1916 non
817 1877 906 1930 suit
923 1905 934 1918 .

110 1930 198 1970 183.
228 1931 368 1969 Notum
397 1933 540 1984 pariter
575 1931 756 1971 omnibus
785 1942 864 1981 est,
912 1932 1050 1971 frustra
1089 1942 1168 1973 ten·

47 1988 144 2023 tasse
170 1992 297 2037 postea
324 1983 522 2024 Julianum
553 1985 824 2039 Imperatorem
853 1985 1041 2038 templum
1071 2000 1168 2024 reae-

48 2037 239 2085 dificare3
267 2037 556 2090 erumpentibus
583 2040 686 2078 euim
715 2053 736 2076 e
755 2048 854 2077 terra
875 2038 1044 2078 flammis
1072 2052 1167 2092 opus

46 2101 186 2144 magno
211 2091 411 2131 molimine
437 2092 650 2145 incoeptum
680 2091 814 2145 perfici
835 2105 908 2132 non
930 2094 1076 2144 potuit..
1106 2094 1166 2132 ln-

46 2148 152 2184 terea
180 2153 306 2184 tamen
332 2146 514 2198 contigit,
543 2153 584 2183 ut
616 2145 666 2184 ab
687 2146 779 2199 ipsis
797 2145 963 2195 Judaeis,
991 2148 1060 2199 qui
1094 2161 1165 2186 un-

47 2194 165 2252 dique
193 2198 387 2238 turmatim
416 2203 712 2248 concurrerant,
742 2199 993 2238 fundamenta
1021 2201 1166 2239 destru-

45 2253 96 2290 cti
115 2248 251 2305 templi
264 2259 492 2291 ¹eruerentur·
508 2282 519 2302 ,
549 2261 591 2291 ut
609 2266 706 2291 nova
721 2262 924 2304 ponerent:
953 2255 1054 2305 quod
1075 2267 1164 2292 cum

42 2303 231 2358 perficere
259 2314 411 2358 postea,
447 2305 531 2344 Deo
558 2306 771 2359 prodigiose
800 2307 1030 2358 impediente
1047 2336 1057 2354 ,
1099 2320 1165 2345 ne-

44 2356 241 2420 quiverint
259 2387 270 2406 ,
317 2359 391 2411 ipsi
420 2359 687 2411 propheticum
715 2359 917 2396 oraculum
961 2361 1164 2398 nescientes

46 2409 317 2462 lmpleverint:
346 2409 574 2449 Exinant'te
589 2441 600 2459 ,
631 2415 841 2450 exinanite
856 2425 976 2463 usque
995 2411 1163 2464 adfun-

47 2458 286 2501 damentum
314 2466 355 2500 in
384 2476 463 2511 ea,
491 2462 551 2501 Ps.
578 2463 802 2502 CXXXVI.
835 2477 871 2515 7.
902 2464 958 2515 (b)
977 2491 987 2502 .

104 2513 194 2563 184.
223 2513 392 2569 Populus
432 2524 559 2555 autem
587 2516 745 2556 Judaeus
787 2517 933 2570 ubique
975 2528 1161 2559 terrarum

95 2677 142 2717 (a)
167 2677 232 2712 vel
258 2686 335 2723 post
364 2679 447 2720 5o.‚
486 2686 526 2712 ut
552 2679 586 2712 S.
615 2679 852 2724 Hieronymus
887 2681 1012 2715 scribit
1048 2683 1083 2714 in
1108 2684 1164 2726 ep.

50 2734 131 2768 1²9.
157 2722 200 2757 ad
227 2724 429 2758 Dardanum
446 2746 458 2766 ,
485 2726 668 2770 inquiens=
697 2727 864 2760 Civitatis
890 2731 902 2765 (
926 2728 1123 2762 Jerusalem
1149 2734 1160 2767 )

42 2782 147 2814 usque
171 2772 218 2805 ad
240 2771 456 2806 Hadrianum
480 2771 676 2817 Principem
699 2785 762 2816 per
790 2774 845 2807 50.
878 2787 983 2807 annos
1008 2787 1164 2808 mansere

44 2819 216 2863 reliquia.
260 2817 327 2852 Ubi
356 2827 475 2863 postea
512 2820 672 2864 energica
698 2831 759 2853 sua
794 2820 992 2865 eloquentia
1037 2821 1165 2866 premit

46 2861 212 2905 Judoeos,
253 2873 292 2899 ut
317 2861 459 2906 dicant,
500 2865 546 2899 ob
570 2865 662 2911 quod
697 2866 833 2900 facinus
869 2868 1166 2901 clementissimus

48 2904 143 2943 Deus
168 2921 229 2955 per
254 2918 351 2946 tanta
375 2911 489 2957 spatia
515 2919 714 2958 temporum
731 2913 882 2947 miseriis
901 2914 971 2947 suis
992 2926 1059 2947 non
1084 2915 1168 2949 sub-

48 2954 167 2988 veniat.
192 2959 256 2991 διο.
461 2964 463 2966 ’

93 2999 140 3038 (ὁ)
165 3001 345 3046 Legendus
369 3002 435 3038 hac
459 3003 502 3038 de
527 3017 563 3039 re
589 3003 830 3039 Theodoretus
859 3006 938 3040 Lib.
966 3008 1025 3041 lll.
1064 3006 1163 3042 Hist.

48 3041 152 3079 Ecet.
176 3054 252 3092 cap.
271 3059 325 3082 20.
341 3070 353 3088 ,
377 3050 436 3084 ubi
462 3061 607 3094 narrat,
634 3053 815 3087 Julianum
834 3059 1032 3099 sperantem
1047 3075 1057 3094 ‚
1081 3067 1165 3098 prae-

47 3092 236 3126 dictlonem
262 3092 401 3128 Domini
427 3109 463 3129 se
489 3098 585 3141 salsi
621 3103 849 3133 convicturum
873 3113 950 3133 esse
970 3122 982 3141 ‚
1024 3100 1163 3134 Jndaeos

46 3148 166 3171 omnes
193 3138 383 3181 invitasse,
418 3150 458 3175 ut
483 3147 683 3190 templum,
716 3145 808 3190 quod
834 3146 1052 3179 destructum
1089 3148 1163 3179 fue-

46 3192 130 3224 rat,
156 3184 415 3227 instaurarent5
450 3199 506 3222 eos
533 3199 650 3224 autem
676 3191 829 3237 undique
856 3202 1102 3226 concurrentes
1130 3196 1161 3225 ἀ

45 3231 233 3275 pecunias,
275 3233 307 3263 &
331 3243 471 3276 operam
497 3246 595 3269 suam
619 3238 726 3271 alacri
763 3239 881 3274 animo
907 3238 948 3272 ad
973 3238 1039 3273 hoc
1075 3250 1160 3284 opus

43 3277 254 3317 contulisse5
281 3275 338 3310 sed
368 3290 447 3312 cum
473 3281 631 3325 reliquiis
656 3285 784 3318 veteris
809 3284 947 3320 aedificii
971 3283 1159 3320 destructis

45 3327 60 3362 ζ
81 3332 120 3356 ut
146 3323 196 3356 ita
221 3336 288 3358 non
313 3325 570 3370 relinqueretur
595 3328 682 3373 lapis
707 3340 809 3376 super
834 3331 990 3377 lapidem
1013 3337 1026 3372 )
1071 3343 1160 3365 nova

43 3370 160 3405 omnia
184 3381 219 3403 se
246 3379 510 3408 constructurus
535 3381 739 3418 sperarent5
765 3378 993 3418 turbinibus9
1028 3379 1160 3423 telnpe-

2267 157 2312 196 δι

1248 226 1332 263 exul
1354 257 1365 275 ,
1395 227 1428 263 ἀ
1461 229 1641 279 profugus
1671 237 1746 276 tot,
1779 229 1811 265 &
1841 231 1948 268 tantis
1969 230 2251 270 calamitatibus
2282 246 2358 284 pre-

1247 281 1394 327 mitur,
1427 290 1465 317 ut
1492 284 1668 319 omnium
1697 285 2069 322 commiserationem
2100 297 2338 335 promeretur
2357 317 2365 333 ,

1248 333 1324 371 nisi
1354 332 1567 371 voluntaria
1597 335 1843 373 obstinatione
1874 351 1957 375 suas
1989 340 2067 390 ipse
2099 337 2171 375 sibi
2193 340 2366 378 miserias

1248 388 1522 424 conscisceret.
1561 388 1593 425 A
1622 390 1892 440 septemdecim
1911 420 1920 437 ,
1952 390 1985 425 δ(
2014 390 2184 441 amplius
2214 392 2367 432 saecuti‘s

1250 439 1390 498 Regem
1420 454 1494 478 non
1524 439 1667 490 habet,
1711 457 1779 480 nvc
1809 444 2050 490 Sacerdotes,
2089 458 2156 482 uec
2186 444 2364 494 Levitas,

1246 506 1317 532 nec
1346 493 1562 541 sacrificia,
1593 508 1659 533 nec
1690 495 1899 546 templum:
1929 511 2078 549 semper
2108 496 2268 547 jactatur
2299 511 2364 538 va-

1245 560 1296 584 na
1324 562 1390 599 spe
1419 548 1560 584 suturae
1592 547 1852 598 liberationis,
1883 564 1925 588 ac
1956 552 2093 603 smpius
2113 564 2135 587 a
2166 551 2268 590 salsis
2291 554 2362 591 im-

1247 600 1459 651 postoribus
1488 601 1666 653 deceptus
1695 601 1849 639 nullum
1879 604 2070 642 diuturna:
2092 618 2169 642 suae
2201 607 2363 657 captivi-

1248 654 1330 692 tatis
1360 655 1567 692 terminum
1598 656 1727 693 videt.

1305 706 1393 745 185.
1426 708 1493 745 His
1522 707 1715 757 breviter,
1753 722 1797 746 ac
1827 711 2028 761 superficie
2061 720 2164 750 tenus
2193 713 2364 752 conside-

1246 761 1362 808 ratis,
1405 761 1536 800 dicant
1565 762 1674 799 nobis
1703 762 1857 810 Judaei,
1902 777 1977 815 quo
2014 765 2164 802 tandem
2203 767 2364 804 nefando

1247 815 1412 852 crimine
1429 823 1569 852 tantam
1589 813 1660 853 Dei
1679 817 1911 868 punitionem
1933 819 2128 868 promeriti
2151 818 2246 857 siut?
2275 820 2364 857 Cor-

1242 877 1278 906 te
1293 881 1422 906 eorum
1437 867 1576 917 Patres,
1607 879 1757 921 propter
1788 869 2056 919 idololatriam»,
2086 886 2161 924 quo
2192 874 2281 924 ipsis
2310 873 2362 911 fa·

1246 923 1412 960 tentibus
1443 922 1618 960 Hebraeis
1648 923 1705 973 (c)
1739 923 1887 960 nullum
1920 924 2041 968 majus
2064 939 2140 964 esse
2158 935 2271 978 potest
2287 939 2365 964 sce·

1244 974 1330 1023 lus,
1370 974 1500 1013 multis
1530 978 1754 1029 magnisque
1783 976 2064 1016 calamitatibus
2094 979 2218 1018 affecti
2250 988 2361 1025 sunt,

1242 1029 1309 1067 sed
1338 1027 1417 1066 illae
1447 1042 1578 1067 omnes
1607 1030 1720 1067 simut
1753 1032 1866 1069 etiam
1896 1030 2065 1068 collectae
2087 1032 2196 1070 nulla
2217 1034 2362 1071 ratione

1244 1095 1336 1121 cum
1366 1098 1409 1120 ea
1438 1085 1652 1134 comparari
1684 1093 1863 1136 possunt,
1892 1098 2009 1136 quam
2031 1086 2144 1124 modo
2171 1101 2193 1124 a
2221 1094 2272 1124 tot
2291 1098 2363 1125 εω-

1245 1135 1343 1174 culis
1375 1137 1593 1187 patiuntur.

1305 1188 1391 1227 186.
1424 1188 1626 1241 perperam
1657 1198 1783 1228 autem
1812 1191 2003 1230 diuturnae
2033 1191 2176 1243 hujus,
2217 1192 2250 1229 8<
2279 1206 2365 1245 gra-

1242 1243 1412 1282 vissimae
1443 1243 1651 1295 punitionis
1679 1244 1797 1282 aliam
1827 1254 2007 1294 quaerunt
2037 1258 2219 1293 causam,
2260 1259 2363 1298 prae-

1242 1305 1299 1334 ter
1329 1311 1440 1344 eam,
1469 1310 1587 1349 quam
1618 1296 1803 1349 Propheta
1834 1299 1948 1335 Oseas
1979 1298 2179 1348 indigitat,
2221 1298 2364 1338 clarius

1243 1359 1370 1387 autem
1393 1350 1596 1402 explicavit
1613 1349 2006 1396 (ltiristuq3D01ni1111s.
2037 1350 2187 1389 Primus
2203 1352 2242 1389 in
2259 1351 2364 1391 laud.

1242 1417 1367 1456 nuper
1397 1405 1578 1441 vaticinio
1608 1405 1658 1442 ita
1686 1404 1832 1442 subdit:
1861 1404 1910 1444 &¹
1938 1412 2024 1454 p'ost
2054 1403 2138 1443 haec
2167 1415 2364 1444 reverten-

1243 1466 1305 1493 tur
1381 1458 1420 1493 ln·
1450 1456 1605 1505 Israel,
1651 1456 1701 1497 (9⁶
1744 1464 1925 1508 quaerent
1955 1456 2178 1495 Dominum.
2218 1472 2361 1506 suum,

1242 1510 1292 1550 <J
1365 1510 1455 1548 aral
1486 1510 1637 1559 Regem
1666 1523 1780 1548 suum
1799 1541 1810 1558 ‚
1839 1510 1889 1551 (Ἴ)
1917 1510 2109 1559 parebunt
2138 1510 2193 1548 ad
2221 1511 2363 1550 Domi*

1242 1576 1338 1599 num
1356 1593 1366 1611 ,
1414 1563 1464 1604 ζῇ·
1494 1560 1555 1601 ιιιῖ
1576 1563 1721 1601 bonum
1751 1566 1837 1616 ejus
1866 1567 1906 1601 in
1937 1568 2148 1602 novissimo
2179 1564 2331 1604 alierum
2349 1592 2361 1605 .

1240 1615 1282 1652 Si
1313 1617 1417 1653 enim
1445 1619 1616 1654 conversi
1644 1627 1818 1669 quaerent
1838 1617 2050 1655 Dominum
2070 1618 2200 1657 Deum
2221 1633 2332 1657 suum
2351 1650 2360 1667 ‚

1239 1666 1274 1703 ἃ
1305 1667 1432 1705 David
1464 1668 1603 1720 Regem
1640 1678 1781 1718 suum,
1829 1670 1975 1708 scilicet
2005 1670 2189 1708 Messiam
2233 1671 2362 1710 filium

1238 1720 1392 1768 David,
1422 1734 1537 1808 (piem
1554 1722 1863 1774 dereliquerunt,
1894 1725 2092 1762 manifeste
2114 1734 2235 1775 patet,
2267 1724 2360 1773 hoc,

1241 1768 1275 1808 ὃς
1306 1786 1378 1811 non
1409 1790 1428 1811 a
1450 1774 1516 1812 iud
1547 1788 1623 1812 esse
1652 1772 1750 1813 illud
1779 1777 2048 1826 gravissimum
2078 1779 2253 1825 crimen,
2296 1792 2363 1815 cu-

1238 1824 1298 1878 jus
1329 1840 1461 1878 poenas
1501 1826 1640 1866 luunt.
1687 1827 1840 1867 Clarius
1881 1839 2007 1866 autem
2040 1829 2226 1868 Dominus
2255 1831 2362 1868 Jesus

1238 1880 1278 1917 id
1308 1881 1516 1932 expressit,
1561 1882 1760 1934 inquiens:
1808 1895 1855 1920 eo
1884 1881 1986 1933 quod
2016 1896 2097 1921 non
2133 1888 2361 1936 cognoveris

1235 1942 1390 1983 tempus
1418 1937 1652 1974 visitationis
1680 1944 1761 1973 tuce
1780 1961 1791 1972 .
1962 1981 1965 1984 Ι
2207 1979 2210 1982 ,

1296 1986 1385 2037 187.
1417 1989 1542 2039 Atque
1571 2002 1616 2026 ex
1647 1990 1843 2042 postremis
1873 1987 1932 2028 his
1961 1988 2102 2028 Christi
2138 1990 2264 2030 verbis
2294 2006 2361 2044 pa—

1236 2047 1316 2089 tet,
1346 2042 1494 2079 crimen
1525 2041 1595 2080 hoc
1624 2043 1895 2094 gravissimum
1913 2072 1923 2090 ‚
1953 2056 2031 2094 quo
2049 2043 2176 2081 Judaei
2205 2044 2298 2082 olim
2320 2061 2360 2086 se

1233 2093 1545 2143 obstrinxerunt,
1592 2095 1723 2133 Jesum
1759 2095 2015 2133 Nazaraenum
2060 2107 2357 2149 persequentes,

1234 2160 1280 2185 ac
1310 2150 1423 2186 morti
1453 2149 1664 2196 tradentes,
1694 2148 1810 2188 etiam
1840 2150 1878 2186 in
1907 2161 2039 2187 eorum
2069 2149 2188 2198 filiis,
2218 2165 2261 2190 ac
2291 2166 2359 2191 ne-

1234 2200 1388 2252 potibus
1419 2215 1538 2253 usque
1567 2199 1614 2239 ad
1642 2209 1768 2240 nostra
1798 2210 1970 2253 tempora
2007 2208 2249 2254 perseverare
2268 2235 2279 2253 ,
2322 2206 2358 2243 ὃς

1233 2255 1437 2301 renovari,
1468 2255 1798 2306 quemadmodum
1828 2256 1931 2294 euim
1955 2255 2043 2304 illi,
2074 2256 2215 2296 Messia
2245 2272 2359 2312 repu-

1233 2307 1364 2355 diate,
1396 2309 1557 2345 maximi
1586 2322 1624 2346 se
1653 2309 1826 2347 criminis
1856 2321 1936 2347 reos
1966 2310 2166 2359 fecerunt,
2216 2313 2268 2351 ita
2297 2326 2358 2352 eo-

1233 2373 1320 2398 rum
1350 2363 1492 2412 posteri
1524 2362 1560 2399 in
1591 2362 1723 2399 eadem
1753 2376 1857 2400 caeca
1885 2363 2139 2402 obstinatione
2185 2380 2356 2417 perseve-

1231 2421 1354 2452 rantes
1387 2415 1470 2465 pari
1500 2428 1537 2453 se
1578 2414 1695 2465 culpa
1723 2416 1987 2469 obstringunt3
2035 2419 2157 2456 immo
2199 2420 2355 2460 fortasse

1230 2468 1345 2505 etiam
1377 2467 1544 2519 majori,
1573 2470 1692 2522 quia,
1734 2483 1812 2522 quo
1841 2484 1974 2509 eorum
2003 2473 2233 2522 captivitatis
2261 2483 2357 2512 tem-

1212 2533 1302 2572 &pus
1330 2520 1372 2560 fit
1400 2522 1646 2572 diuturnius,
1677 2536 1721 2561 eo
1749 2524 1866 2563 etiam
1894 2525 2128 2564 evidentiora
2170 2526 2267 2565 fiunt
2295 2541 2356 2566 ar-

2235 2593 2304 2629 gu-

1234 2681 1409 2721 statibus,
1435 2692 1474 2713 ac
1502 2681 1663 2725 procellis
1689 2681 1889 2715 universam
1917 2683 2101 2718 materiam
2121 2683 2226 2717 fuisse
2251 2684 2355 2720 dissi-

1232 2736 1377 2772 patam:
1421 2739 1571 2772 cumque
1598 2728 1773 2762 obstinate
1801 2729 1834 2761 in
1861 2729 2011 2772 pristino
2049 2731 2166 2764 surore
2190 2733 2356 2776 persiste-

1233 2783 1336 2814 rent,
1364 2774 1452 2818 ignis
1478 2786 1665 2820 erumpens
1692 2774 1862 2819 plurimos
1883 2773 2089 2809 fodientium
2110 2781 2354 2824 consumpsit,

1234 2821 1388 2865 reliquos
1414 2822 1530 2865 fugere
1557 2822 1691 2866 coegit.
1721 2821 1880 2854 Aliorum
1907 2820 2012 2865 hujus
2031 2821 2180 2867 prodigii
2210 2826 2352 2859 testium

1235 2866 1344 2900 veluti
1372 2867 1500 2901 nubem
1529 2867 1629 2901 facile
1655 2869 1743 2901 'ess'et
1771 2867 1918 2907 afl'erre5
1944 2866 2002 2900 sed
2030 2879 2070 2901 ne
2088 2868 2208 2904 eorum
2234 2881 2354 2906 aucto—

1236 2915 1321 2947 ritas
1338 2935 1348 2954 ,
1374 2922 1495 2958 utpote
1521 2913 1828 2953 Christianorum,
1854 2926 1871 2946 a
1899 2913 2031 2948 Judaeis
2056 2917 2285 2960 repudietur,
2311 2932 2351 2952 u-

1234 2971 1319 2993 num
1357 2959 1517 2993 addimus
1556 2961 1782 2994 Atnmianum
1820 2960 2093 3002 Marcellinum,
2136 2963 2352 3009 Scriptorem

1234 3007 1427 3040 Etlmicum
1443 3028 1453 3046 ,
1478 3007 1620 3040 Juliano
1647 3018 1824 3046 coaevum,
1850 3019 1889 3041 ac
1910 3005 2192 3043 Christianorum
2210 3010 2351 3046 osorem

1234 3055 1446 3086 acerrimum
1463 3075 1474 3093 ‚
1515 3054 1574 3096 qui
1603 3062 1717 3086 tamen
1745 3052 1842 3092 hanc
1861 3053 2045 3098 lugubrem
2070 3054 2256 3092 historiam
2282 3059 2350 3092 mi·

1234 3099 1327 3131 nime
1356 3100 1499 3132 reticere
1527 3099 1638 3143 potuit
1667 3099 1768 3131 initio
1795 3100 1869 3133 Lib.
1898 3101 2058 3141 XXHL,
2083 3100 2143 3135 uhi
2170 3105 2268 3137 vanis
2287 3106 2352 3138 Ju-

1232 3144 1316 3177 liuni
1344 3157 1409 3189 pro
1435 3145 1689 3185 restauratione
1719 3147 1838 3190 templi
1865 3147 2140 3181 jerosolimitani
2166 3152 2349 3184 conatibus

1230 3192 1428 3230 enarratis,
1469 3188 1608 3223 tandem
1635 3188 1812 3224 concludit
1829 3213 1840 3233 ‚
1881 3195 2077 3227 metuendos
2101 3196 2223 3238 globos
2241 3198 2349 3238 flam-

1229 3249 1353 3270 marum
1383 3249 1486 3280 prope
1516 3237 1745 3280 δῙυηάιιιηεηῖιι
1781 3240 1914 3273 crebris
1949 3242 2138 3274 assultibus
2175 3255 2348 3287 erumpen-

1230 3292 1283 3316 tes
1299 3283 1440 3327 secisse
1459 3284 1590 3324 locum,
1616 3289 1751 3318 exustis
1776 3287 1960 3331 aliquoties
1984 3289 2224 3332 operantibus,
2252 3295 2344 3322 inac-

1231 3343 1381 3363 083311111-

1275 3375 1322 3419 (ὁ)
1348 3375 1429 3414 Vid.
1455 3386 1565 3424 parva
1590 3361 1752 3426 Peste-utet
1785 3378 1823 3413 in
1847 3379 2021 3417 Numeros
2047 3380 2089 3416 Τ-
2118 3368 2215 3415 XVI.
2256 3365 2346 3412 The-
