2583 3685
260 164 307 191 ια
922 142 1323 189 DISSERTATIO
1354 141 1387 184 1.
1425 139 1564 183 CAP.
1586 140 1671 184 IV..

193 241 332 278 nempe
361 225 529 278 Angelus
577 220 731 261 dimittit
758 222 966 261 successive
1002 222 1129 261 locum
1158 223 1292 261 divisi—

195 281 315 318 bilem
339 310 349 328 ,
394 282 433 317 in
462 290 537 329 quo
565 277 670 327 prius
700 283 797 320 erat3
839 275 898 312 vel
929 277 1041 314 etiam
1072 284 1187 327 potest
1216 288 1293 312 esse

193 347 268 372 non
301 333 520 376 continuus,
549 328 702 379 quaudo
731 327 894 378 Angelus
926 328 1041 367 simul
1071 330 1293 366 dimittitto-

193 394 275 423 tum
308 385 433 422 locum
456 412 466 430 ,
509 382 549 418 in
578 393 653 431 quo
683 389 788 428 erat,
833 380 866 416 8<
895 383 958 418 toti
996 381 1104 419 alteri
1146 381 1230 418 loco
1258 395 1295 418 se

194 438 389 488 applicat.
419 436 595 473 Ceterum
624 433 859 484 Angelorum
890 442 1057 482 motum,
1099 436 1178 471 sive
1208 447 1297 472 con-

187 492 320 527 tinuus
352 489 417 527 ille
446 490 517 534 sit,
547 487 625 525 sive
654 499 727 524 non
746 516 757 535 ‚
795 489 1051 526 successivum
1081 501 1159 524 esse
1187 500 1297 538 opor—

188 550 276 591 tet,
320 542 353 579 8<
384 540 560 593 quamvis
588 541 633 577 sit
662 540 951 592 rapidissimus,
995 548 1214 591 non-potest
1243 549 1297 579 ta.-

189 609 278 633 men
308 595 390 632 fieri
412 596 450 631 in
481 594 666 640 instanti,
696 593 796 645 quod
826 602 935 631 acuto
963 592 1094 643 juxta,
1132 607 1176 630 ac
1205 592 1294 629 soli—

188 649 237 685 do
266 646 464 684 ratiocinio
492 646 533 684 S.
556 645 724 684 Thomas
751 646 908 684 ostendit
937 645 1041 683 laud.
1071 654 1206 696 quaest.
1229 646 1293 684 55.

190 710 259 741 art.
292 700 328 738 5.
361 700 452 748 (a).

245 766 308 803 77.
338 753 544 791 Moventur
572 765 685 804 porro
706 752 843 803 Angeli
866 782 876 800 ,
907 765 994 790 cum
1026 764 1156 789 eorum
1177 751 1292 788 mini-

186 807 297 844 sterio
325 808 440 844 utitur
469 805 574 843 Deus
602 806 648 843 ad
691 806 798 844 nobis
826 820 894 843 sua
933 806 1030 842 dona
1074 806 1293 856 impertien-

189 862 263 904 da3
294 860 394 897 unde
413 860 459 897 de
478 860 527 898 iis
557 860 679 911 inquit
695 858 896 911 Apostolus
925 860 971 896 ad
987 857 1106 897 Hebr.
1136 859 1166 895 l.
1190 856 1248 903 ¹4·
1266 886 1292 906 ‚,

190 943 216 963 ,‚
246 913 387 950 Omnes
417 922 501 951 sunt
543 913 854 950 administratorii
884 912 1062 963 spiritus,
1108 912 1146 948 in
1176 911 1292 949 inini-

194 996 220 1016 „
250 967 403 1003 sterium
435 967 539 1004 missi
568 974 721 1018 propter
742 979 829 1013 eos,
859 966 926 1017 qui
957 964 1214 1002 haereditatem
1231 978 1292 1001 ca-

189 1049 218 1068 „
248 1021 355 1070 piunt
386 1018 536 1058 salutis.
570 1020 670 1068 Quoe
699 1018 815 1057 verba
843 1018 1075 1068 expendens
1098 1017 1293 1070 Origenes

190 1102 214 1121 ς,
245 1070 330 1108 Lib.
355 1070 402 1109 V.
432 1082 561 1110 contra
590 1072 744 1111 Celsum
787 1085 898 1110 num.
920 1071 957 1116 4.
988 1072 1162 1123 Angelos
1190 1070 1292 1108 <lice-

189 1154 214 1173 „
244 1125 337 1173 bat,
367 1127 480 1164 modo
509 1127 555 1164 ad
586 1127 790 1178 purissima
813 1155 823 1172 ,
855 1139 973 1177 eaque
994 1126 1155 1163 caelestia
1187 1124 1294 1172 loca,

190 1208 215 1227 3,
245 1187 308 1216 aut
340 1180 453 1216 etiam
484 1193 598 1231 supra
626 1178 739 1217 caelos
768 1178 815 1215 ad
845 1181 1016 1230 puriores
1036 1179 1139 1216 sedes
1167 1191 1296 1215 ascen-

191 1262 218 1280 ,‚
248 1233 337 1269 dere
366 1233 412 1269 ad
441 1232 648 1270 offerendas
679 1232 879 1270 hominum
909 1245 1038 1283 preces
1056 1262 1066 1280 ,
1110 1231 1222 1269 modo
1251 1229 1297 1266 il-

194 1314 221 1334 „
251 1285 331 1322 linc
361 1285 515 1333 delabi,
559 1295 598 1322 ut
629 1286 838 1336 unicuique
880 1284 1064 1332 aflerant,
1107 1283 1208 1335 quod
1237 1281 1299 1321 illi

189 1368 217 1387 Ἠ
248 1338 354 1376 Deus
383 1352 452 1390 pro
481 1339 625 1377 meritis
655 1338 818 1377 conferri
846 1336 953 1388 jussit
974 1340 1000 1358 “
1018 1362 1028 1374 .

530 1445 561 1481 C
589 1444 621 1481 A
654 1442 681 1479 P
709 1442 746 1480 U
776 1441 811 1478 T
895 1440 946 1479 V.

316 1548 547 1587 Ostenditur
560 1580 570 1598 ,

602 1548 776 1600 Angelos
806 1560 891 1586 esse
920 1555 1070 1585 natura
1099 1559 1173 1586 sua

581 1599 909 1652 incorruptibiles.

242 1684 391 1760 78.S·i
423 1708 559 1745 Fidem
602 1705 840 1745 catholicam
883 1705 1145 1755 consulamus,
1187 1717 1302 1745 nemo

188 1762 364 1805 dubitare
394 1769 538 1812 potest,
570 1760 730 1811 Angelos
758 1773 889 1798 omnes
904 1770 979 1798 tam
1008 1760 1154 1808 bonos,
1183 1773 1301 1811 quam

187 1815 308 1852 malos
330 1845 340 1863 ‚
380 1822 562 1866 perpetuo
590 1814 788 1851 duraturos
806 1843 816 1861 ,
861 1828 904 1852 ac
935 1813 1092 1865 proinde
1122 1827 1199 1850 esse
1228 1814 1302 1850 im-

189 1868 367 1905 mortales
386 1897 396 1914 ,
428 1877 539 1919 atque
569 1865 902 1918 incorruptibiles.
934 1867 987 1904 Ao
1009 1867 1054 1903 de
1083 1866 1196 1904 malis
1216 1866 1302 1917 qui-

191 1921 277 1958 dem
307 1921 436 1958 asserit
465 1922 513 1958 S..
536 1920 654 1957 Judas
684 1920 721 1956 in
763 1934 830 1960 sua
859 1920 981 1972 Epist.
1020 1933 1117 1957 vers·
1146 1919 1187 1957 6.
1218 1917 1303 1956 illos

188 1977 228 2010 in
252 1973 448 2024 judicium
480 1977 622 2023 magni
651 1971 727 2009 diei
756 1974 917 2011 vinculis
947 1976 1107 2011 oeternis
1137 1971 1205 2010 sub
1233 1984 1303 2008 ca-

185 2027 303 2077 ligine
358 2030 582 2070 reservar2'5
625 2026 659 2062 &
697 2025 865 2064 Christus
895 2026 1089 2064 Dominus
1129 2026 1231 2078 apud
1260 2025 1302 2063 S.

185 2079 327 2117 Manli.
350 2079 480 2117 XXV.
510 2079 576 2124 4¹·
606 2080 645 2117 in
678 2089 845 2117 extrema
873 2081 935 2119 die
964 2081 1133 2117 dicturus
1164 2089 1214 2117 est
1244 2093 1302 2117 re-

186 2133 346 2183 probis:
399 2133 604 2170 Discedite
647 2132 850 2170 maledicti
898 2137 939 2171 in
997 2136 1133 2185 ignem
1183 2142 1300 2172 aeter-

187 2198 285 2222 num
302 2216 312 2233 ‚
347 2190 411 2236 qui
440 2196 614 2236 paratus
637 2195 696 2223 est
713 2185 880 2225 Diaboio
901 2216 911 2235 ,
941 2187 990 2227 Θ
1007 2187 1170 2239 Angelis
1188 2188 1274 2240 ejus
1290 2212 1301 2225 .

186 2238 298 2285 Quod
331 2242 360 2277 si
404 2239 499 2276 mali
532 2239 666 2290 Angeli
708 2253 908 2290 uunquam
957 2241 1148 2278 interituri
1188 2249 1302 2288 sunt,

187 2291 312 2328 multo
345 2292 680 2330 mixmsinterituri
708 2294 898 2330 suntboui
921 2322 931 2339 ,
962 2295 1028 2344 qui
1058 2294 1104 2330 ad
1128 2293 1301 2345 Regnum

189 2343 264 2381 Dei
302 2347 517 2395 pertinent,
567 2345 668 2397 quod
697 2344 747 2382 ab
776 2345 957 2397 Apostolo
985 2346 1039 2383 ad.
1061 2347 1181 2386 Hebr.
1213 2345 1301 2389 XII.

192 2396 257 2435 28.
288 2398 487 2435 immobile
516 2399 682 2435 dicitur.

251 2463 315 2502 79.
346 2451 571 2489 scholastici
601 2451 793 2502 disputare
823 2459 1047 2502 coeperunt,
1087 2466 1134 2490 an
1167 2451 1302 2503 Angeli

194 2512 327 2541 natura
343 2518 411 2541 sna
427 2534 437 2552 ‚
468 2519 532 2542 seu
552 2504 601 2542 ab
623 2505 828 2541 intrinseco
845 2533 856 2552 ,
887 2505 1194 2556 incorruptibiles
1210 2508 1303 2554 siut,

194 2555 228 2594 &
260 2558 493 2596 immortales
514 2588 524 2605 ,
569 2571 614 2594 an
644 2570 734 2595 vero
762 2558 940 2595 duntaxat
970 2558 1041 2595 Dei
1072 2560 1169 2596 dono
1198 2568 1305 2596 natu-

191 2622 245 2651 τῖε
275 2612 451 2660 ipsorum
482 2609 754 2660 superaddito?
785 2611 866 2648 Hoc
896 2612 1106 2650 secundum
1134 2611 1305 2662 jainan-

191 2671 248 2704 tea
277 2662 485 2713 placuerat
497 2662 640 2700 Platoni
671 2666 711 2698 in
731 2660 909 2712 Timaeo,
940 2663 1050 2714 cujus
1080 2666 1304 2702 sententiam

194 2717 311 2752 secuti
346 2725 432 2753 sunt
475 2724 656 2768 quotquot
697 2725 904 2766 putarunt,
953 2716 1121 2767 Angelos
1154 2732 1231 2755 esse
1260 2730 1306 2757 ex.

196 2769 333 2818 spiritu
359 2797 368 2814 ,
400 2769 434 2804 &
465 2783 621 2819 corpore
650 2769 896 2820 compositos3
927 2777 964 2805 ut
980 2769 1306 2820 quemadmodum

196 2819 376 2860 homines
398 2850 408 2865 ,
443 2822 491 2857 ita
512 2822 544 2856 ὅ(
568 2821 701 2872 Angeli
723 2834 766 2858 ex
796 2822 958 2859 duarum
980 2821 1117 2858 harum
1140 2824 1307 2872 partium

197 2872 442 2911 dissolutione
476 2875 626 2910 interire
657 2875 820 2924 possint,
863 2888 986 2926 neque
1015 2874 1091 2911 alia
1120 2875 1166 2912 de
1195 2889 1307 2912 causa

199 2926 339 2964 sintin
373 2935 597 2977 perpetuum
645 2928 844 2974 duraturi,
889 2930 957 2965 nisi
1000 2929 1092 2980 quia
1133 2941 1311 2978 suprema

202 2978 276 3017 Dei
300 2979 488 3015 Creatoris
518 2979 713 3019 voluntate.
729 2979 798 3022 hoc
828 2981 1026 3023 vinculum
1048 2995 1244 3033 nunquam
1265 2981 1311 3021 sit

202 3029 486 3075 dissolvendum
505 3057 515 3070 .

248 3182 294 3216 (α)
323 3179 375 3211 Ex
405 3176 512 3217 solida
551 3178 615 3210 bac
644 3179 760 3210 Sancti
790 3178 932 3216 Ttxomae
970 3182 1129 3217 doctrina
1156 3183 1178 3215 ii
1205 3180 1309 3213 refer-

203 3225 323 3257 luntnr
340 3246 350 3264 ‚
377 3226 435 3268 qui
463 3236 606 3268 corpora
631 3225 772 3266 Angelis
798 3237 835 3257 ea
862 3228 966 3259 etiam
994 3228 1032 3261 tle
1048 3242 1150 3263 causa
1177 3228 1308 3262 tribue-

204 3271 311 3310 bant,
338 3280 374 3303 nt
402 3280 538 3314 possent
577 3271 610 3301 in
637 3271 711 3302 loco
737 3283 833 3310 esse,
861 3273 913 3303 vel
951 3274 1023 3308 loco
1048 3276 1201 3310 moveri.
1227 3275 1308 3307 Ori-

207 3327 310 3359 genes
339 3329 418 3350 sane
448 3317 523 3349 Lib.
552 3317 629 3349 Vll·
663 3326 781 3350 contra
809 3319 967 3359 θεὼ-κω,
1005 3333 1036 3352 n.
1065 3324 1119 3354 32.
1147 3322 1305 3360 Scimus,

204 3362 420 3415 impuebat).
434 3367 1006 3410 ‹intramunucumincorpoream,
1033 3373 1072 3401 Θ*
1101 3368 1307 3403 irwisibilem

1413 216 1480 256 80.
1509 217 1555 255 At
1585 232 1672 257 vero
1700 219 1741 258 S.
1761 218 1929 258 Thomas
1957 220 1988 258 1.
2017 218 2059 259 Ρ.
2088 233 2127 273 q.
2145 219 2209 260 50.
2238 226 2309 259 art.
2327 218 2391 267 5.‚
2421 219 2460 256 δι

1359 270 1448 310 Lib.
1479 271 1527 307 lI.
1557 280 1660 309 cont.
1694 271 1813 310 Gent.
1856 287 1947 325 cap.
1974 273 2036 311 55.
2082 273 2211 312 multis
2253 273 2460 312 rationibus

1362 324 1529 370 evincit,
1558 326 1880 376 quemadmodum
1910 327 2078 369 animam
2107 326 2313 364 humanam
2332 356 2342 374 ,
2373 338 2460 377 quae

1364 377 1572 415 substantia
1601 378 1809 430 spiritualis
1838 387 1917 426 est,
1948 381 1997 416 ita
2027 378 2061 414 &
2090 379 2253 430 Angelos
2282 378 2330 416 ab
2359 378 2463 416 omni

1364 431 1536 468 materiae
1565 432 1837 482 compositione
1866 433 2056 470 immunes
2099 446 2173 470 esse
2202 441 2337 469 natura
2364 444 2431 468 sua
2452 460 2464 478 ,

1365 482 1399 518 &
1420 496 1462 520 ex
1494 484 1708 522 intrinsecis
1736 486 1813 521 suis
1834 485 2037 536 principiis
2064 483 2399 536 incorruptibiles,
2430 483 2465 520 Se

1366 537 1629 575 immortales..
1656 538 1740 575 Una
1768 545 1895 574 autem
1917 536 1998 574 haec
2028 538 2109 587 ejus
2139 539 2231 575 ratio
2260 536 2366 574 uobis
2386 536 2465 573 suf-

1365 590 1469 627 ficiat
1484 603 1498 626 ;,
1542 588 1650 628 Nihil
1694 592 1984 640 corrumpitur,
2023 593 2099 627 nisi
2126 601 2195 640 per
2224 589 2323 636 hoc,
2365 587 2467 638 quoii

1350 641 1498 693 forma
1528 645 1612 694 ejus
1633 658 1659 682 a
1681 646 1856 681 materia
1874 651 2085 692 separatur
2100 657 2112 679 .·
2143 642 2245 679 unde
2274 653 2363 678 cum
2382 641 2468 677 An«

1361 696 1470 746 gelus
1498 700 1546 733 sit
1576 703 1663 747 ipsa
1678 696 1828 749 forma
1856 694 2067 734 subsistens
2096 700 2112 747 (
2143 702 2267 746 utpote
2296 692 2468 731 substan-

1363 750 1412 786 tia
1442 751 1591 800 penitus
1621 753 1844 801 incorporea
1875 751 1918 798 ),
1966 746 2202 800 impossibile
2239 755 2323 794 est,
2367 745 2468 797 quod

1361 803 1446 854 ejus
1475 801 1698 840 substantia
1727 806 1775 840 sit
1804 801 2086 852 corruptibilis.

1415 854 1481 892 81.
1511 855 1585 893 Ob.
1618 859 1768 908 primo.
1797 856 1838 893 S.
1860 854 1997 892 Paulus
2025 855 2161 907 Ep..1.
2190 853 2237 891 ad
2268 852 2375 890 Tim.
2396 851 2473 890 VI..

1366 905 1427 944 16.
1448 908 1492 944 de
1515 909 1595 945 Deo
1611 910 1789 960 loquens:
1819 911 1883 960 qui
1911 908 2014 945 solus
2031 937 2041 956 ‚
2071 908 2193 959 inquit
2211 936 2221 954 ,
2252 904 2367 943 habet
2387 908 2471 941 im<-

1360 961 1663 999 mortalitatem:
1708 961 1817 999 nulla,
1843 974 1930 1012 ergo
1965 968 2140 999 creatura
2168 967 2309 1012 praeter
2337 958 2466 996 Deum

1361 1022 1411 1050 est
1439 1024 1575 1052 natura
1603 1029 1669 1052 sua
1699 1014 1954 1052 immortalis.

1415 1066 1481 1105 82.
1512 1067 1623 1119 Resp.
1652 1082 1741 1105 cuin
1770 1068 1810 1106 S.
1843 1067 2074 1118 Augustinus
2103 1066 2231 1104 Tract.
2254 1062 2396 1102 XXlIl.
2427 1063 2476 1101 in.

1362 1117 1470 1156 Joan.
1499 1132 1538 1171 9.
1570 1120 1682 1158 Tom.
1705 1121 1773 1158 Ill.
1790 1150 1802 1168 ,
1830 1124 1992 1157 nomine
2011 1120 2325 1157 immortalitatis
2343 1117 2397 1154 ibi
2415 1116 2472 1153 in-

1364 1170 1484 1221 telligi
1501 1172 1866 1210 immutabilitatem
1883 1202 1893 1220 ,
1921 1187 2008 1225 quae
2032 1174 2184 1224 proprie
2200 1171 2266 1210 soli
2290 1171 2370 1208 Deo
2384 1182 2471 1206 con-

1365 1226 1495 1263 venit:
1532 1234 1570 1262 ut
1602 1227 1704 1261 enim
1735 1226 1775 1262 S.
1806 1225 1974 1263 'Thomas
2006 1226 2178 1264 observat
2207 1226 2237 1263 Ι.
2267 1223 2308 1262 Ρ.
2337 1230 2480 1274 quaest..

1366 1290 1406 1328 9.
1435 1279 1544 1315 artic.
1578 1290 1614 1315 2.
1644 1289 1775 1314 omnes
1803 1285 1989 1313 creaturae
2008 1306 2019 1323 ,
2062 1279 2176 1316 etiam
2205 1274 2439 1327 incorporeae
2462 1305 2481 1324 ,ἱ

1366 1338 1453 1366 sunt
1482 1327 1714 1377 mutabiles,
1759 1330 1886 1381 primo
1915 1336 2103 1380 quantum
2132 1331 2179 1365 ad
2207 1331 2311 1376 esse,
2341 1328 2481 1366 saltem

1366 1380 1498 1421 habita
1528 1384 1670 1420 ratione
1687 1383 1832 1420 divinae
1863 1383 2068 1433 potentiae,
2099 1395 2211 1432 aqua
2241 1381 2280 1418 in
2310 1380 2483 1417 nihilum.

1367 1435 1488 1486 redigi
1522 1445 1695 1486 possunt;
1724 1435 1889 1473 secundo
1918 1436 2064 1472 ratione
2092 1433 2208 1481 finis,
2238 1447 2261 1470 a
2289 1445 2365 1483 quo
2394 1446 2477 1483 pos-

1369 1497 1456 1526 sunt
1485 1488 1675 1533 deficere3
1719 1488 1875 1525 demum
1921 1495 2110 1538 quantum
2154 1487 2199 1523 ad
2239 1485 2483 1532 accidentia,

1369 1554 1457 1591 quae
1488 1543 1600 1579 etiam
1631 1540 1848 1578 substantiis
1866 1538 2131 1591 spiritualibus
2151 1569 2162 1587 ,
2193 1537 2225 1573 ἃ
2247 1539 2490 1589 incorporeis-

1369 1594 1524 1641 insunt,
1555 1592 1588 1628 &
1608 1594 1656 1631 ab
1672 1594 1724 1631 eis
1739 1594 1924 1631 removeri
1949 1601 2128 1645 possunt.
2159 1591 2269 1629 Hanc
2300 1591 2484 1628 eamdem.

1370 1644 1523 1683 Paulini
1569 1656 1688 1685 textus
1718 1645 2009 1699 explicationem
2052 1645 2166 1682 tradit
2193 1644 2235 1682 S.
2265 1643 2481 1682 Bernardus

1369 1698 1495 1737 Serm.
1525 1699 1711 1741 LXXXI.
1741 1702 1781 1738 in
1815 1699 1986 1738 Cantica
2015 1712 2124 1737 num.
2148 1698 2186 1736 5.
2307 1746 2310 1750 Λ

1423 1753 1490 1792 85.
1520 1754 1613 1805 Obj.
1643 1752 1839 1791 secundo.
1881 1752 2010 1791 Sanct.
2055 1751 2267 1803 Gregorius
2310 1748 2479 1800 Magnus

1369 1805 1460 1844 Lib.
1482 1806 1591 1844 XVl.
1620 1806 1784 1844 ll‘loral..
1805 1819 1890 1857 cap.
1917 1805 1977 1843 18.
2007 1806 2053 1842 de
2082 1805 2266 1842 creaturis
2294 1801 2453 1854 loquens
2470 1831 2491 1850 ,,

1374 1859 1555 1907 Omnia,
1599 1861 1724 1911 inquit
1742 1889 1753 1907 ,
1784 1858 1990 1896 tenderent
2021 1861 2061 1894 z'n
2089 1856 2253 1894 nihilum
2272 1885 2282 1903 ,
2324 1859 2401 1892 nisi
2430 1867 2494 1896 ea,

1371 1926 1518 1950 manus
1547 1916 1826 1964 omnipotentis
1846 1919 2130 1949 conservaret:
2162 1921 2250 1961 ergo
2266 1909 2379 1946 etiam
2404 1908 2495 1945 An·-

1371 1965 1447 2018 geli
1478 1976 1611 2004 natura
1640 1981 1707 2005 sua
1737 1968 1775 2003 in
1806 1965 1973 2005 nihilum
2003 1963 2193 2011 tendunt,
2235 1961 2270 1997 δι
2300 1961 2378 2000 sola
2407 1960 2484 1998 Dei

1371 2021 1644 2072 omnipotentia
1673 2028 1945 2060 conservantur
1960 2044 1972 2055 .

1425 2067 1498 2119 84.
1522 2073 1735 2126 Respondet
1763 2072 1803 2110 S.
1826 2071 1993 2109 Thomas
2011 2100 2021 2118 ,
2052 2077 2153 2107 certe
2183 2069 2296 2106 etiam
2319 2065 2498 2118 Angelos,

1370 2127 1539 2178 indigere
1569 2141 1684 2165 manu
1714 2127 1991 2165 conservatrice
2021 2123 2118 2171 Dei,
2148 2136 2219 2160 non
2248 2122 2340 2173 quia
2371 2121 2409 2157 in
2431 2120 2497 2157 eis.

1370 2182 1416 2219 sit
1446 2180 1600 2232 aliquod
1630 2179 1882 2231 corruptionis
1911 2178 2153 2231 principium
2172 2206 2183 2224 ,
2214 2184 2253 2212 ut
2282 2183 2332 2211 est
2365 2176 2401 2210 in
2424 2186 2483 2211 re-

1371 2233 1441 2272 bus
1485 2233 1774 2281 materialibus,
1822 2232 2005 2284 sedquia
2048 2244 2127 2268 esse
2158 2226 2390 2279 Angelorum
2421 2226 2487 2263 de-

1370 2288 1507 2338 pendet
1535 2304 1557 2325 a
1585 2288 1696 2335 Deo,
1726 2287 1823 2324 sicut
1855 2300 1877 2322 a
1905 2298 2044 2331 eausa,
2088 2283 2121 2318 &
2153 2282 2257 2319 Deus
2287 2288 2406 2330 posset
2439 2278 2496 2316 ila

1368 2341 1436 2378 iud
1468 2343 1505 2378 in
1535 2341 1702 2381 nihilum
1732 2340 1901 2391 redigere
1919 2369 1940 2388 ,¹
1973 2335 2231 2378 subtrahendo
2261 2347 2368 2371 suam
2398 2345 2486 2370 con-

1371 2395 1621 2432 servationem
1639 2420 1658 2434 .,

1426 2446 1492 2485 85.
1523 2448 1598 2485 Ob.
1643 2447 1750 2485 tertio
1792 2445 1906 2498 plura
1944 2444 2012 2483 SS.
2044 2442 2197 2480 Patrum
2241 2438 2494 2487 testimonia,

1372 2502 1438 2551 qui
1468 2502 1601 2540 docent
1632 2499 1820 2551 Angelos,
1866 2511 1940 2537 non
1970 2507 2130 2543 natura,
2160 2494 2223 2531 sed
2262 2494 2380 2544 gratia
2411 2505 2490 2551 esse

1375 2555 1634 2592 immortales..
1666 2554 1825 2599 Unum,
1856 2551 1916 2589 vel
1945 2549 2109 2588 alterum
2131 2547 2336 2584 afferamus
2366 2557 2490 2594 speci—

1373 2608 1489 2645 minis
1530 2607 1640 2645 loco.
1689 2606 1729 2644 S.
1762 2603 1986 2642 Ambrosius
2026 2601 2117 2639 Lib.
2149 2599 2178 2634 l.
2209 2597 2256 2633 de
2288 2595 2384 2632 Fide
2433 2594 2498 2633 ad'

1376 2659 1623 2697 Gratianum
1653 2659 1768 2708 capit.
1793 2669 1830 2693 2.
1859 2656 1911 2692 sic
1941 2655 2017 2691 ait:
2047 2650 2186 2701 Neque
2208 2649 2384 2702 Angelus
2415 2652 2490 2685 im-

1374 2713 1556 2749 mortalis
1585 2719 1644 2748 est
1673 2709 1914 2746 naturaliter
1937 2737 1947 2754 ,
1979 2706 2091 2756 cujus
2122 2703 2412 2740 immortalitas
2443 2705 2485 2738 in

1375 2765 1574 2803 §voluntate
1604 2771 1661 2800 est
1693 2761 1921 2800 Creatoris.
1960 2759 2001 2798 S.
2033 2758 2297 2808 Hieronymus
2329 2755 2416 2792 Lib.
2438 2755 2489 2793 ΙΙ.

1376 2817 1539 2869 Dialog.
1582 2825 1708 2853 contra
1736 2813 1959 2865 Pelagianos
1988 2825 2073 2862 cap.
2097 2811 2134 2849 5.
2166 2809 2362 2861 explicans
2406 2821 2491 2845 ver-

1378 2871 1426 2909 ba
1448 2868 1618 2921 Apostoli
1647 2881 1763 2921 supra
1780 2881 1885 2905 num.
1906 2865 1972 2903 81.
1993 2865 2145 2903 laudata
2164 2893 2173 2911 ,
2205 2864 2351 2915 inquit:
2374 2891 2399 2907 „
2417 2862 2491 2899 Le-

1381 2954 1406 2973 „
1436 2926 1560 2974 giinus
1607 2920 1841 2960 immortales
1869 2918 2029 2971 Angelos
2047 2948 2057 2966 ,
2103 2915 2338 2956 immortales
2369 2914 2492 2951 Thro-

1439 2990 1507 3014 nos
1524 3006 1534 3024 ,
1564 2976 1598 3012 8<
1621 2975 1902 3014 Dominationes
1919 3002 1930 3020 ,
1959 2982 2179 3021 ceterasque
2200 2970 2356 3008 virtutes
2372 2993 2382 3004 .
2412 2966 2490 3004 Sed

1440 3029 1539 3070 solus
1569 3030 1673 3069 Deus
1704 3038 1755 3068 est
1798 3025 2061 3078 immortalis,
2098 3025 2192 3076 quia
2219 3035 2293 3063 nou
2340 3031 2389 3058 est
2424 3033 2491 3074 per

2308 3105 2333 3124 2>
2354 3088 2438 3126 gra*

1378 3186 1413 3216 in
1439 3181 1531 3215 millo
1566 3190 1727 3222 corporeo
1753 3179 1946 3211 consistere
1971 3176 2045 3208 Ioco
2063 3193 2073 3212 ‚
2112 3174 2190 3215 quin
2228 3169 2386 3223 indigeat
2416 3179 2492 3224 αρξ-

1377 3242 1458 3272 pore
1484 3227 1529 3260 od
1553 3234 1702 3258 naturam
1728 3226 1827 3257 illius
1865 3225 1932 3256 loci
1973 3220 2246 3253 accommodato.
2292 3215 2336 3267 Et
2374 3224 2406 3244 n·
2435 3214 2491 3244 ὀᾶ-

1376 3275 1530 3308 Etiamsi
1557 3284 1695 3314 corpore
1732 3283 1813 3314 opus
1841 3270 2019 3302 habeamus
2038 3287 2049 3305 ,
2086 3278 2157 3299 cuin
2181 3264 2228 3297 acl
2267 3263 2357 3295 altos
2384 3270 2463 3290 usus
2481 3280 2505 3306 ,3

1377 3329 1441 3355 tth
1466 3328 1501 3358 ut
1527 3322 1563 3353 in
1587 3320 1661 3353 loco
1686 3329 1846 3360 corporeo
1874 3318 1977 3348 simus
2003 3316 2076 3348 &c-

1382 3007 1409 3026 52

1385 3061 1411 3082 9>
