2583 3685
258 117 342 158 ‘308

196 226 205 234 .
251 208 320 231 nec
348 187 545 241 suppliciis
573 199 595 222 a
624 183 721 234 justo
748 182 882 219 Judice
905 182 1117 220 afficientur
1135 211 1145 228 ‚
1178 188 1300 231 utpote

196 226 221 296 ‚³
252 248 316 296 qui
348 244 433 280 hcet
462 238 595 288 signati
638 248 711 273 non
747 235 919 282 suerint,
962 235 1204 286 improbitate
1247 243 1300 269 ta-

196 329 221 347 „
251 310 336 334 nien
365 300 538 337 careant,
568 300 679 341 atque
709 287 803 325 hanc
834 287 1018 338 jacturam
1052 289 1146 339 passi
1179 289 1300 337 potius

197 380 223 399 5,
255 349 393 385 fuerint
411 374 422 392 ,
451 357 568 396 quam
592 343 745 379 fecerint
764 368 773 377 .
804 341 936 394 Neque
952 344 1052 379 enim
1083 342 1148 392 qui
1165 342 1300 390 dignus

195 432 221 451 ‚7
251 400 441 452 supplicio
471 410 541 434 uon
563 404 613 433 est
631 425 640 443 ,
671 396 838 446 protinus
857 394 1032 431 honorem
1054 407 1205 445 quoque
1224 406 1299 429 me-

195 484 221 504 „
253 464 378 498 retur3
422 450 745 501 quemadmodum
774 461 842 485 uec
872 449 1044 500 quisquis
1075 447 1213 483 honore
1244 447 1301 483 in-

192 537 218 556 „
247 508 380 558 dignus
408 513 485 550 est,
514 503 639 540 statim
668 501 779 538 etiam
803 514 955 552 poenam
989 508 1226 550 promeretur
1247 501 1272 519 ‘⁶
1290 523 1301 535 .

195 561 275 599 Hoc
304 559 343 596 S.
374 557 547 608 Gregorii
591 556 823 608 principium
868 553 1013 590 nemini
1058 550 1221 598 melius,
1266 559 1305 587 ut

196 622 286 665 puto
315 609 503 662 applicari
549 618 687 661 potest,
731 621 846 658 quam
888 604 1057 657 parvulis
1093 603 1195 650 illis,
1238 602 1304 655 qui

193 680 263 705 nec
294 664 432 702 honore
461 661 624 700 coelestis
653 660 904 713 gloriaedigui
936 666 1047 705 suut,
1077 665 1201 708 utpote
1222 670 1306 707 gra-

193 721 245 757 tia
275 716 462 755 habituali
491 716 683 761 destituti,
728 727 794 750 nec
824 713 966 750 inferni
1003 709 1196 762 supplicia
1223 716 1308 747 suut

195 770 392 824 promeriti
425 778 575 820 propter
604 766 753 806 actuale
782 765 936 816 aliquod
970 773 1165 814 peccatum
1189 789 1200 800 .

252 824 341 875 289.
372 822 470 860 Satis
489 829 624 861 -autem
655 828 797 858 nonest
818 818 1039 870 respondere
1069 829 1158 854 cum
1175 815 1308 853 doctis-

197 878 302 916 simis
331 875 550 914 auctoribus
592 883 790 926 postremae
816 872 924 909 edit.
974 869 1155 907 l'arisiuae
1193 867 1308 919 1778.

194 931 234 968 in
250 930 399 968 Praefat.
430 942 517 980 pag.
538 927 603 965 60.
621 957 631 974 ‚
664 925 823 963 voluisse
851 924 975 962 solum
998 923 1037 961 S.
1054 923 1308 972 Gregorium‚

197 983 357 1022 infantes
386 996 458 1020 non
480 995 565 1018 -esse
594 978 784 1032 supplicio
825 976 1069 1023 afficiendos„
1105 975 1213 1026 -quod
1244 973 1310 1011 ba-

196 1038 334 1089 ptismo
362 1035 580 1081 caruerint,
623 1033 714 1084 quia
742 1031 909 1070 defectus
941 1029 1006 1068 ille
1049 1028 1227 1080 baptismi
1258 1027 1309 1063 ei—

200 1090 304 1128 sdem
334 1089 487 1126 crimini
519 1088 614 1125 verti
643 1099 716 1123 non
747 1093 889 1137 potest.
920 1084 960 1121 Id
990 1082 1147 1134 quidem
1177 1092 1311 1119 verum

195 1151 275 1188 θεῖς
305 1144 367 1180 sed
396 1143 426 1180 si
456 1142 496 1179 S·
527 1140 634 1179 Pater
662 1140 892 1185 censuisset,
936 1150 1070 1188 poenas
1099 1135 1243 1187 peccati
1272 1145 1313 1169 o-

196 1196 371 1247 riginalis
400 1208 477 1232 esse
507 1192 730 1240 sensibiles,
779 1192 818 1229 id
846 1190 919 1228 hoc
949 1189 1031 1226 loco
1060 1197 1136 1226 tam
1174 1198 1312 1239 oppor-

195 1256 285 1286 tuno
313 1249 438 1287 dicere
468 1261 540 1286 non
564 1246 898 1300 :praetermisissess
927 1243 1023 1280 sicut
1052 1255 1126 1279 non
1157 1249 1312 1298 praeter-

198 1303 301 1340 misit
330 1315 540 1339 memorare
572 1313 726 1352 poenam
756 1298 914 1344 damni,
956 1295 1100 1333 scilicet
1149 1292 1311 1330 coelest1s

195 1354 328 1405 gloriae
359 1355 636 1406 privationem-
669 1350 836 1388 Ulterius
864 1347 1165 1386 consideratione
1194 1345 1311 1395 digna

200 1416 251 1445 ast
281 1406 350 1444 illa
378 1407 418 1445 S.
450 1406 566 1444 Patris
595 1404 795 1442 sententia:
837 1400 924 1440 Nec
953 1404 1124 1452 quisquis
1167 1398 1311 1435 honore

197 1460 382 1512 :ndignus
411 1467 494 1507 est,
524 1462 663 1496 statim
695 1461 821 1495 etiam
850 1468 1010 1507 poenam
1041 1461 1311 1505 promerettcr3

182 1527 269 1565 -qua
289 1513 449 1551 ostendit
478 1512 649 1550 medium
669 1511 956 1562 quoddam-esse
978 1521 1080 1560 posse
1110 1508 1208 1544 inter
1229 1519 1312 1556 poe-

193 1581 263 1605 nas
292 1565 516 1613 sensibiles,
546 1564 580 1602 ἃ
598 1565 807 1617 praemium
825 1593 836 1611 ,
866 1561 979 1614 quale
1009 1573 1075 1597 nos
1106 1558 1313 1596 infantibus

197 1620 440 1658 concedimus
470 1619 562 1669 (ιι),
605 1617 870 1664 Quamobrem
908 1613 1068 1652 celebris
1097 1612 1137 1649 S.
1167 1611 1312 1659 Grego-

196 1673 246 1710 rii
275 1673 554 1710 Commentator
584 1670 734 1708 Nicetas
765 1668 904 1705 Annot.
937 1679 999 1703 21.
1038 1666 1078 1701 in
1123 1662 1231 1700 illam
1261 1662 1312 1698 O-

198 1734 268 1762 r-at.
286 1754 296 1772 ,
317 1753 343 1772 ‚‚
364 1724 458 1761 ‘Tres
480 1753 489 1770 ‚
519 1726 642 1773 inquit
659 1751 669 1770 ‚
708 1729 748 1757 ut
775 1720 952 1771 opinione
981 1729 1157 1768 assequor
1175 1746 1184 1764 ,
1222 1728 1312 1766 gra-

255 1777 324 1814 dus
354 1777 544 1814 existunt..
587 1774 696 1812 Unus
724 1785 857 1810 eorum
880 1802 890 1820 ‚
919 1772 987 1824 qui
1016 1770 1189 1820 super-nis
1217 1767 1312 1805 deli·

255 1831 324 1867 ciis
353 1830 624 1881 perfruuntur-z
668 1826 762 1864 alter
800 1838 959 1872 eorum,
1002 1825 1069 1875 qui
1112 1820 1314 1874 suppliciis

200 1913 226 1933 ‚3
257 1884 407 1919 aeternis
435 1882 724 1919 excruciantur:
768 1878 917 1917 medius
946 1890 1077 1914 eorum
1097 1906 1107 1924 ‚
1146 1876 1214 1927 qui
1245 1888 1312 1912 nec

201 1966 227 1985 r,
256 1934 418 1972 coelestis
447 1935 551 1985 regni
594 1933 804 1985 voluptates
851 1932 1042 1978 sentiunt,
1088 1942 1156 1967 nec
1188 1929 1313 1979 poenis

200 2018 224 2037 ,ᾖ
256 1987 344 2025 ullis
373 1994 620 2038 torquentur⁴⁹
650 1987 688 2023 in
716 1999 792 2037 quo
821 1984 854 2021 8<
884 1983 1060 2036 pueruli,
1088 1983 1157 2035 qui
1186 1981 1312 2033 bapt-i·

254 2053 336 2078 smo
365 2041 509 2092 perfusi
534 2052 614 2077 -non
642 2048 725 2076 sunt
741 2069 752 2088 ,
782 2039 1095 2075 constituerentur
1116 2037 1142 2055 ‘⁶
1159 2061 1170 2072 .

255 2107 346 2144 290.
378 2094 546 2133 Demum
576 2092 616 2129 S.
639 2091 809 2129 Thomas
837 2104 945 2128 suam
974 2088 1197 2127 sententiam
1225 2100 1314 2140 rpro--

195 2147 263 2186 bat
292 2148 405 2184 etiam
427 2146 653 2183 auctoritate
682 2144 723 2183 S.
753 2144 936 2182 Bernardi
958 2173 968 2191 ,
998 2143 1065 2194 qui
1093 2141 1217 2179 Serm.
1248 2140 1314 2178 111..

199 2201 238 2238 in
271 2199 449 2237 paschate
476 2199 597 2248 dicit,
626 2199 753 2249 ignem
782 2197 925 2235 i-nferni
955 2209 1034 2233 non
1065 2198 1314 2241 saeviturum,

200 2256 276 2290 nisi
305 2256 345 2288 ιή
370 2255 575 2304 propriam
604 2252 847 2289 voluntatem
865 2265 884 2295 -;
922 2250 984 2287 sed
1013 2246 1198 2299 originale
1223 2260 1315 2299 ‚pec-

205 2315 332 2344 catum
362 2318 438 2343 non
468 2314 520 2343 est
547 2314 747 2357 peccatum
776 2304 944 2356 propriae
975 2301 1196 2346 voluntatis3
1226 2313 1316 2338 con-

206 2360 377 2411 sequitur
407 2359 507 2396 enim
539 2371 584 2395 ex
612 2358 803 2398 voluntate
828 2355 983 2403 aliena,
1032 2368 1169 2406 nempe
1199 2353 1319 2391 Adae:

202 2426 290 2463 ergo
320 2420 472 2463 peccato
500 2411 679 2463 originali
716 2425 793 2450 non
821 2409 978 2447 debetur
1003 2422 1122 2459 poeua
1157 2421 1285 2445 sensus
1306 2432 1318 2444 .

203 2466 258 2503 Ita
282 2464 483 2516 Angelicus
511 2478 578 2516 qn.
600 2464 678 2513 V-.,
708 2463 755 2502 de
780 2463 894 2501 malo
923 2471 992 2500 art.
1017 2474 1052 2499 2.
1084 2463 1121 2498 in
1144 2475 1221 2512 arg.
1251 2459 1321 2497 sed

207 2527 377 2555 contrat.
407 2518 455 2556 Et
482 2531 703 2570 qua-nquam
735 2517 885 2554 inficias
915 2529 989 2553 non
1011 2528 1080 2561 e0,
1105 2527 1323 2551 ⁴sermonem

205 2570 319 2609 illum
350 2571 390 2608 S,
420 2571 601 2607 Beruardi
632 2569 810 2607 habitum
838 2569 954 2606 -fui-sse
991 2568 1037 2604 ad
1066 2567 1235 2615 adultos,
1279 2579 1324 2604 ex

207 2625 254 2662 iis
284 2632 409 2661 tamen
440 2622 566 2661 verbis
594 2636 823 2675 consequens
848 2621 921 2671 fit,
967 2622 1052 2672 igne
1082 2621 1220 2659 infer-ui
1251 2633 1324 2659 non

206 2679 375 2728 torqueri
407 2677 611 2728 reprobos,
654 2677 727 2713 nisi
757 2684 908 2727 propter
938 2683 1094 2726 peccata
1131 2672 1325 2721 actualia,

217 2743 304 2780 quae
335 2731 492 2782 propria
521 2728 715 2767 voluntate
741 2731 1028 2766 committuntur
1045 2752 1057 2764 .

269 2796 356 2834 29¹·
385 2783 461 2823 Sed
490 2781 574 2821 haec
612 2783 699 2821 satis
727 2782 828 2830 sint,
876 2789 915 2818 ut
943 2780 1179 2828 ostendatur,
1221 2791 1325 2819 com·

200 1806 225 1826 25

200 1861 226 1878 δ’)

199 2072 224 2090 72

267 2959 309 2995 *¹²st
339 2945 475 2988 Quanta
518 2949 622 2984 {uerit
659 2948 749 2994 apud
777 2948 811 2983 S.
839 2948 1075 2993 Augustinum
1101 2948 1134 2980 S.
1160 2944 1319 2995 Gregorii

211 2988 378 3039 Nazmnz-
416 2997 631 3039 auctoritas,
672 2997 787 3029 visum
811 3004 862 3029 est
899 3007 1004 3040 supra
1039 2996 1073 3027 in
1110 3003 1191 3028 nota
1216 2993 1319 3027 adn.

218 3046 295 3077 107.
324 3038 411 3067 Suet.
439 3039 464 3069 l.

261 3082 307 3119 (b)
341 3081 505 3115 putarunt
533 3086 663 3130 aliqui,
699 3088 797 3121 illam
823 3087 1092 3132 descriptionem
1118 3085 1242 3131 judicii
1268 3086 1319 3119 fa-

213 3134 307 3177 ctam
334 3126 424 3171 apud
449 3128 654 3180 Matthaeum
688 3145 756 3167 non
792 3132 1111 3179 comprehendere,
1148 3134 1214 3166 nisi
1242 3131 1318 3166 illos

213 3173 349 3205 adultos
365 3194 374 3212 ,
401 3184 462 3224 qui
489 3186 521 3205 m
538 3176 695 3210 Ecclesia
720 3179 859 3213 fuerunt
875 3204 883 3211 .
911 3179 948 3212 Id
965 3178 1081 3213 doceri
1107 3178 1320 3213 contendunt

212 3220 290 3268 “t-'S-
318 3220 511 3262 Augustino
550 3223 590 3251 <le
618 3221 726 3265 Fide,
769 3232 809 3258 Φ
836 3228 994 3270 operibus
1030 3238 1105 3271 cap.
1138 3226 1190 3259 15.
1218 3225 1319 3259 Tom-

212 3264 274 3297 vi.
300 3265 385 3308 Quae
413 3273 528 3296 tamen
554 3270 722 3301 sententia
749 3283 813 3303 non
841 3273 984 3315 paucis,
1019 3282 1082 3304 nec
1107 3272 1242 3305 levibus
1268 3279 1320 3304 es't.

212 3310 362 3345 obnoxia
380 3309 644 3345 difficultatibus
661 3335 669 3343 ·
697 3315 970 3357 Aliidixerunt‚
997 3329 1052 3352 eos
1072 3317 1212 3363 quidem
1229 3330 1321 3363 prae-

760 101 1165 147 'DISSE-RTA'I'IO
1199 99 1277 142 111.
1320 95 1489 140 SECT.
1511 95 1590 140 m.
1624 96 1753 141 CAP.
1787 94 1909 142 VIII.

1369 190 1521 213 munem
1552 176 1869 214 Scholasticorum
1888 176 2108 228 opinionem
2140 188 2208 213 nec
2231 174 2394 227 ignotam
2409 188 2472 214 ve-

1368 229 1510 267 teribus
1539 228 1711 266 Patribus
1741 229 1876 276 fuisse,
1907 243 1972 267 nec
2003 228 2325 282 improbabilem.
2364 228 2476 267 Nunc

1369 291 1592 334 argumenta
1609 282 1922 319 Adversariorum
1939 285 2148 332 expendere
2163 283 2343 321 debemus
2356 312 2365 330 a
2386 295 2476 334 quae

1368 336 1401 372 &
1428 334 1552 372 multa
1580 343 1691 382 sunt,
1727 334 1761 369 &
1789 337 1946 385 gravia,
1977 335 2009 372 ἃ
2039 349 2127 387 quae
2150 367 2160 384 ‚
2207 345 2244 373 ut
2274 337 2396 387 inquit
2427 334 2477 373 E-

1367 390 1560 427 minentis.
1588 388 1700 425 Card.
1731 387 1959 425 Vincentius
1987 389 2088 426 Gotti
2106 419 2117 436 ‚
2147 390 2366 426 eorumdem
2396 401 2480 425 sen-

1370 445 1524 480 tentiam
1541 445 1581 478 ιή
1603 439 1750 478 Scholt's
1778 439 1979 478 catholicis
2007 440 2134 478 adhuc
2156 441 2394 494 probabilem
2415 453 2474 478 re—

1371 497 1548 545 linquunt
1564 522 1574 533 .

1429 562 1517 601 292.
1548 548 1624 586 Ob.
1654 549 1797 599 primo.
1827 547 1870 596 lu
1892 546 2138 597 descriptione
2167 546 2300 598 judicii
2331 548 2484 585 univer-

1373 602 1460 640 salis
1478 633 1488 650 ,
1516 615 1605 654 quas
1637 600 1797 638 habetur
1813 599 1949 638 Matth.
1967 599 2096 637 XXV.
2115 630 2125 648 ,
2155 614 2245 638 cum
2272 613 2397 638 omnes
2420 601 2485 638 ho-

1375 656 1494 694 mines
1523 655 1735 693 collocandi
1766 656 1837 691 sint
1855 683 1865 702 ,
1899 652 1956 690 vel
1987 653 2034 690 ad
2062 654 2231 690 dextram
2257 653 2395 691 Christi
2424 656 2489 706 ju-

1375 710 1497 756 dicis,
1542 708 1601 746 vel
1632 709 1678 745 ad
1707 708 1915 754 sinistram,
1967 707 2118 758 parvuli
2148 716 2247 743 certe
2275 719 2350 744 non
2379 716 2489 746 eruut

1376 763 1416 800 in
1441 771 1552 813 parte
1572 763 1726 808 dextra,
1757 761 1818 799 sed
1840 769 1947 798 erunt
1978 762 2015 797 in
2045 769 2151 811 parte
2180 760 2350 806 sinistra,
2380 760 2490 796 adeo-

1376 829 1451 866 que
1481 815 1527 852 ad
1558 816 1654 866 ipsos
1683 816 1794 852 etiam
1825 814 2026 865 pertinebit
2055 828 2098 851 ea
2137 812 2316 851 terribilis
2345 820 2492 864 senteu-

1379 870 1454 905 tia:
1484 867 1668 905 discedite
1699 867 1900 905 maledicti
1930 872 1970 904 ιή
2000 872 2134 919 ignem
2165 876 2394 910 aeternwn;
2424 863 2493 917 qui

1377 921 1532 972 quidem
1563 921 1659 971 iguis
1690 934 1759 957 non
1792 930 1907 973 potest
1937 923 2009 958 nisi
2040 922 2077 958 in
2109 921 2265 973 proprio
2300 918 2494 970 significa-

1379 983 1417 1011 tu
1461 974 1619 1024 accipi,·
1664 982 1788 1025 utpote
1830 988 1906 1026 quo
1935 973 1967 1011 8<
1999 974 2226 1021 Daemones,
2272 970 2307 1008 8(
2341 971 2494 1025 reprobi

1378 1025 1627 1074 comburendi
1656 1035 1738 1062 sunt
1756 1052 1766 1063 .
1798 1028 1966 1078 idipsum
1996 1030 2108 1065 etiam
2129 1027 2362 1079 significatur
2391 1020 2495 1078 apud

1381 1078 1558 1116 eumdem
1586 1078 1820 1116 'Mat-thecum
1864 1079 1929 1117 illa
1958 1080 2143 1132 parabola
2186 1082 2300 1118 tritici
2344 1092 2496 1130 congre-

1380 1131 1492 1183 gandi
1524 1132 1561 1168 iu
1593 1131 1748 1177 horrea,
1778 1131 1811 1167 8<
1841 1134 2071 1170 zizaniorum
2090 1165 2100 1180 ‚
2129 1147 2216 1185 quae
2236 1133 2408 1170 comburi
2431 1133 2497 1170 dee·

1380 1186 1493 1224 bem:
1537 1185 1587 1221 ita
1616 1184 1717 1221 enim
1748 1185 1919 1222 eamdem
1949 1185 2119 1224 Christus
2148 1187 2362 1224 concludit:
2384 1189 2409 1207 ‘⁴
2431 1185 2497 1223 Sic

1381 1268 1408 1287 ‚7
1437 1239 1506 1275 erit
1537 1238 1575 1274 in
1604 1238 1930 1275 consummatione
1952 1238 2108 1276 saeculi:
2141 1240 2298 1277 exibunt
2329 1237 2465 1290 Angeli
2483 1268 2496 1287 ‚

1378 1322 1406 1340 9,
1436 1290 1712 1343 &separabunt
1743 1289 1862 1328 malos
1892 1290 1937 1328 de
1960 1291 2084 1328 medio
2104 1291 2313 1342 justorum.
2343 1292 2391 1329 Et
2411 1293 2497 1329 mit—

1380 1375 1407 1394 „
1437 1353 1510 1382 tent
1540 1357 1599 1382 eos
1631 1345 1666 1381 in
1697 1344 1892 1382 caminum
1924 1345 2048 1396 ignis,
2092 1343 2159 1383 ubi
2198 1344 2267 1381 erit
2296 1343 2432 1392 fletus,
2462 1341 2497 1380 ἃ

1381 1428 1407 1448 „
1438 1398 1573 1436 stridor
1601 1398 1775 1435 dentium
1797 1401 1822 1419 ‘⁵
1841 1423 1852 1436 .

1436 1451 1527 1502 295¹·
1559 1452 1599 1488 ld
1630 1453 1749 1502 magis
1785 1450 2033 1489 confirmatur
2062 1465 2107 1490 ex
2138 1446 2281 1490 visione
2308 1451 2415 1489 Joau.
2449 1451 2500 1489 A-

1381 1505 1505 1557 pocal.
1527 1503 1619 1540 XX.
1656 1517 1744 1551 12<.,
1793 1503 1858 1541 ubi
1900 1505 2044 1556 inquit:
2079 1509 2104 1528 “
2133 1506 2182 1542 Et
2211 1505 2289 1543 vidi
2333 1513 2499 1542 mortuos

1382 1586 1407 1605 „
1438 1569 1617 1608 magnos,
1638 1555 1680 1607 4&
1713 1556 1897 1607 pusillos,
1928 1567 2064 1595 sta-ntes
2094 1559 2132 1595 in
2162 1566 2367 1609 conspectu
2397 1557 2499 1595 thro·

1381 1639 1406 1658 „
1438 1611 1474 1647 ui
1491 1639 1502 1657 ,
1533 1609 1565 1645 δε
1587 1608 1678 1647 libri
1699 1611 1819 1660 aperti
1849 1619 1934 1648 suut
1956 1637 2011 1650 ....
2042 1612 2076 1648 &
2105 1611 2263 1661 judicati
2285 1620 2368 1648 sunt
2393 1623 2498 1648 mor-

1381 1692 1406 1711 „
1436 1664 1491 1702 tui
1522 1661 1592 1700 &c.
1614 1688 1669 1700 ...0
1692 1662 1801 1701 Missi
1830 1672 1916 1700 sunt
1940 1665 1978 1701 in
2008 1674 2180 1715 stagnum
2203 1665 2324 1714 ignis.
2354 1663 2403 1700 Et
2430 1662 2499 1715 qui

1382 1746 1407 1764 „
1437 1729 1511 1753 non
1543 1724 1594 1753 est
1624 1717 1798 1754 inventus
1830 1717 1867 1753 in
1897 1716 1997 1754 libro
2026 1719 2114 1755 vitae
2144 1717 2330 1768 scriptus,
2362 1717 2499 1755 missus

1381 1798 1408 1818 ,,
1438 1778 1488 1806 est
1519 1770 1557 1807 iu
1587 1776 1758 1819 stagnum
1788 1770 1883 1819 ignis
1904 1783 1912 1806 z
1937 1799 1968 1817 .‚‚
1991 1770 2058 1807 ubi
2089 1770 2239 1807 nomine
2267 1768 2500 1821 pusillorum

1380 1823 1533 1860 nonnisi
1562 1822 1724 1860 infantes
1765 1822 1928 1874 intelligi
1973 1832 2147 1874 possunt.
2197 1823 2297 1861 Hinc
2327 1821 2501 1861 Ecclesia

1382 1876 1421 1913 in
1450 1874 1639 1927 Symbolo
1673 1875 1918 1926 Quicumque
1961 1877 2014 1914 ita
2059 1876 2275 1928 profitetur:
2310 1878 2336 1897 ‘⁶
2359 1877 2499 1914 Omnes

1382 1959 1408 1978 ,,
1438 1928 1613 1966 homines
1639 1942 1836 1980 ⁴resurgere
1867 1928 2005 1967 habent
2035 1944 2123 1968 cum
2144 1929 2369 1982 corporibus
2397 1932 2499 1980 suis,

1383 2011 1410 2031 „
1441 1980 1474 2017 8<
1504 1981 1688 2020 reddituri
1730 1991 1816 2019 suut
1843 1982 1890 2019 de
1921 1982 2026 2020 factis
2070 1985 2234 2035 propriis
2282 1985 2498 2030 rationem3

1383 2065 1408 2084 ‚,
1439 2035 1471 2071 8<
1501 2036 1568 2086 qui
1598 2034 1697 2072 bona
1727 2044 1907 2085 egerunt,
1938 2036 2048 2074 ibunt
2079 2037 2116 2074 in
2148 2038 2265 2075 vitam
2289 2047 2498 2081 aeternam;

1383 2118 1408 2136 ‚‚
1439 2089 1506 2139 qui
1537 2101 1625 2126 vero
1655 2087 1755 2126 mala
1775 2117 1786 2135 ,
1829 2089 1869 2126 in
1899 2089 2025 2140 iguem
2055 2098 2268 2137 aeternum3
2291 2094 2316 2113 ‘⁶
2346 2100 2384 2128 ut
2412 2089 2498 2127 nul-

1381 2141 1442 2179 lus
1469 2141 1515 2178 sit
1540 2139 1649 2179 locus
1679 2141 1853 2180 medius.
1924 2179 1933 2187 ,

1440 2193 1529 2244 294.
1561 2193 1697 2246 Resp.,
1741 2196 1888 2234 etiamsi
1917 2196 2176 2246 coi-icedatur,
2220 2197 2382 2235 infantes
2415 2195 2501 2234 solo

1383 2256 1538 2299 peccato
1579 2248 1755 2300 originali
1797 2248 1991 2287 obstrictos
2033 2260 2117 2289 aute
2145 2250 2286 2290 Christi
2329 2249 2500 2290 tribunal

1386 2309 1554 2339 extrema
1582 2301 1644 2339 die
1673 2316 1752 2340 esse
1780 2303 1983 2350 sistendos,
2015 2304 2094 2341 imo
2123 2304 2397 2355 &judicandos
2419 2303 2499 2354 (ὣς

1385 2367 1461 2392 non
1491 2362 1614 2393 tamen
1644 2355 1731 2394 inde
1755 2357 1895 2407 sequi,
1933 2359 2157 2395 sententiam
2185 2357 2322 2396 Christi
2353 2357 2502 2395 Judicis

1387 2421 1497 2459 aeque
1526 2408 1571 2445 ad
1602 2407 1687 2446 illos
1716 2410 1906 2460 pertinere
1937 2410 1975 2446 iu
2004 2411 2210 2459 omnibus,
2239 2425 2283 2449 ac
2303 2411 2349 2449 ad
2372 2424 2500 2462 repro-

1390 2461 1457 2498 bos
1479 2460 1632 2499 adultos
1654 2487 1664 2500 .
1693 2462 1736 2499 ld
1752 2462 2058 2501 manifestissime
2083 2473 2185 2516 ‘patet
2214 2477 2260 2501 ex
2284 2463 2499 2514 -adjunctis;

1391 2528 1513 2565 neque
1543 2515 1645 2552 enim
1675 2515 1722 2552 ad
1764 2529 1823 2553 eos
1852 2515 1965 2567 dirigi
1997 2526 2111 2568 potest
2139 2531 2184 2556 ea
2209 2517 2352 2556 Christi
2367 2517 2501 2569 objur-

1391 2569 1519 2619 gat-io:
1550 2572 1687 2606 esurivi
1712 2572 1824 2605 enim
1855 2568 1951 2615 δια,
1982 2584 2069 2620 quae
2099 2581 2228 2620 apert-e
2248 2573 2414 2617 indicat,
2443 2583 2502 2607 re-

1392 2620 1529 2673 prebos
1559 2621 1782 2672 judicandos
1808 2634 1887 2662 esse
1904 2649 1914 2666 ‚
1958 2621 1992 2656 8(
2020 2624 2321 2661 condemnandos
2350 2629 2502 2673 propter

1392 2674 1555 2712 actualia
1586 2675 1755 2724 ipsorum
1786 2681 1965 2724 peccata,
2008 2687 2096 2724 quae
2128 2676 2166 2713 in
2196 2674 2365 2726 parvulis
2394 2673 2502 2712 nulla

1392 2734 1504 2764 sunt.
1548 2725 1663 2763 Poena
1693 2726 1807 2776 igitur
1835 2726 1966 2763 damni
1995 2727 2110 2765 etiam
2138 2728 2185 2768 ad
2213 2727 2390 2780 parvulos
2419 2741 2502 2781 spe-

1393 2778 1510 2818 orabit
1532 2807 1544 2827 ,
1575 2790 1646 2817 non
1675 2787 1802 2817 autem
1831 2792 1946 2834 poena
1975 2779 2069 2834 ignis
2086 2805 2097 2819 ο

2354 2837 2448 2891 295.

1388 2954 1501 2980 sentes
1526 2945 1659 2992 judicio
1684 2944 1872 2981 universali
1899 2947 2060 2987 futuros,
2094 2957 2162 2982 non
2196 2956 2311 2980 tamen
2338 2955 2375 2979 ut
2401 2943 2499 2989 judi-

1388 2993 1539 3033 candos,
1575 2992 1747 3038 siquidem
1773 2994 1859 3027 nihil
1885 2994 1966 3027 boni
1986 3015 1997 3033 ,
2036 2992 2091 3026 vel
2116 2994 2199 3027 mali
2226 3000 2395 3037 egerunt,
2438 2987 2499 3024 sed

1386 3036 1629 3073 tantummodo
1655 3048 1692 3072 u‘t
1718 3039 1856 3073 videant
1893 3042 2037 3085 gloriam
2073 3042 2235 3089 judicis,
2272 3035 2501 3084 quemadmo-

1386 3085 1471 3119 dum
1495 3085 1652 3130 loquitur
1678 3087 1712 3117 S.
1736 3086 1893 3119 'Thomas
1919 3087 1953 3119 in
1981 3085 2041 3119 1V.
2068 3087 2149 3120 dist.
2170 3086 2227 3130 47.
2254 3096 2288 3130 q.
2320 3097 2348 3118 1.
2377 3092 2442 3117 art.
2460 3083 2496 3115 3.

1387 3144 1421 3177 q.
1447 3132 1540 3165 unic.
1573 3144 1602 3165 1.
1629 3128 1671 3164 at]
1698 3133 1730 3163 3.
1757 3130 1823 3166 Sed
1847 3133 1880 3165 S.
1907 3131 2040 3166 Doctor
2073 3145 2193 3167 veram
2219 3142 2319 3165 suam
2342 3137 2498 3164 mentem

1387 3179 1454 3211 hac
1488 3174 1529 3210 de
1571 3190 1606 3210 re
1649 3180 1806 3222 exposuit
1844 3179 1878 3210 in
1908 3179 2003 3212 Lect.
2032 3191 2061 3210 2.
2090 3180 2125 3212 in
2151 3191 2180 3212 c.
2210 3177 2241 3211 5.
2267 3179 2367 3223 epist.
2396 3186 2427 3207 2.
2453 3171 2498 3205 ad

1389 3226 1491 3264 Cor-3
1525 3223 1585 3256 ubi
1611 3225 1787 3268 explicans
1814 3223 1922 3257 illud.-
1961 3226 2083 3259 Omnes
2117 3232 2185 3258 nos'
2211 3223 2432 3268 manifestari
2458 3232 2497 3251 0-

1386 3279 1499 3315 portet
1522 3278 1603 3303 ante
1617 3269 1781 3304 Tribzmal
1801 3271 1962 3311 Christi,
1987 3271 2085 3305 docet
2111 3273 2226 3317 primo
2246 3293 2257 3311 ‚
2282 3268 2416 3302 nullum
2443 3275 2498 3298 es·

1387 3329 1422 3352 se
1447 3315 1691 3361 excipiendum
1715 3317 1758 3352 ab
1795 3318 1857 3352 illo
1877 3317 2012 3364 judicio
2025 3340 2037 3360 ,
2078 3319 2162 3364 quia
2183 3315 2372 3362 Apostolus
2412 3308 2500 3345 dicit
