2583 3685
790 88 870 132 DE
904 87 1302 134 EUTYCHETIS
1335 85 1600 131 ERRORE.

61 175 168 216 siam
194 168 394 218 accusari,
421 167 524 221 quod
550 166 716 217 dixerit,
745 166 920 208 Verbum
949 183 1119 209 curnem
1149 184 1171 209 e

61 231 163 268 coelo
190 226 398 265 detulisse:
427 234 516 274 ergo
545 221 616 260 ἃς.

118 281 208 326 354.
240 277 377 329 Resp.‚
424 275 572 315 nullam
602 273 818 314 habendam
860 290 937 313 esse
965 277 1044 314 istis
1080 289 1172 314 ana-

60 330 331 378 thematismis,
361 329 395 366 ἃ
423 329 753 381 protoetationibus
781 328 1004 382 Eutychetis
1033 327 1172 373 fidem3

62 386 114 426 ut*
142 386 267 435 reipsa
306 382 454 421 nullam
492 384 584 434 ipsis
620 380 836 420 habuerunt
880 392 956 419 tam
987 381 1168 432 Episcopi

56 436 221 477 concilii
248 435 680 486 constantinopolitani,
723 450 838 488 quam
869 434 993 472 Patres
1021 434 1170 485 Synodi

53 489 404 537 Chalcedonensis,
451 490 542 541 quia
571 487 780 527 damnabat
807 502 872 525 ore
902 487 1063 525 haereses
1094 485 1168 522 Va-

56 543 223 591 lentini,
254 541 287 578 ἃ
317 542 573 595 Apollinaris:
620 543 763 579 interea
793 550 917 578 tamen
947 536 1076 576 volens
1103 549 1167 575 no-

54 595 138 636 lens
168 598 206 634 in
236 597 338 648 ipsas
365 595 585 644 recidebat,
626 595 719 632 dum
749 603 924 632 naturam
953 590 1166 629 humanam

54 650 96 689 in
125 649 275 688 Christo
304 648 557 701 permansisse
583 646 745 699 negabat
760 659 772 692 ;
818 643 854 680 ἃ
881 644 973 682 dum
1013 646 1167 696 insuper

53 702 328 750 inficiabatur,
355 702 484 740 Jesum
504 701 696 739 Christum
725 712 803 736 esse
830 710 910 735 suae
937 694 1169 735 beatissima:

52 759 169 796 matri
199 753 587 794 consubstantialem.
616 752 698 790 Hac
725 749 967 789 simulatione
997 751 1053 788 usi
1083 762 1169 791 sunt

53 811 170 848 etiam
213 821 286 848 non
314 808 429 863 pauci
466 807 535 846 alii
563 805 774 852 Haeretici,
822 813 934 856 atque
975 804 1167 854 imprimis

51 863 272 911 Nestorius,
301 873 466 914 quornm
492 867 620 898 tamen
641 856 894 895 fraudulentis
922 858 1166 895 confessioni-

53 916 126 955 bus
154 916 247 955 fides
275 915 446 953 adhibita
473 924 547 950 non
577 910 671 948 fuit.
713 910 815 949 Sane
842 909 1038 962 Eutyches
1065 923 1164 948 nun-

50 983 169 1023 quam
198 968 336 1007 adduci
365 965 512 1018 potuit,
560 973 600 1002 ut
630 964 834 1011 fateretur,
862 962 1057 1001 Christum
1086 977 1165 1001 esse

48 1022 259 1061 secundum
287 1030 444 1057 carnem
470 1015 703 1056 beatissima:
727 1016 875 1068 Virgini
905 1015 1164 1054 consubstan-

47 1075 217 1112 tialem.
258 1071 391 1120 Quare
419 1069 520 1109 hoc?
548 1071 619 1108 nisi
648 1071 741 1122 quia
768 1077 844 1107 non
875 1069 1052 1108 credebat
1078 1083 1163 1107 cor-

47 1140 118 1179 pus
144 1126 286 1165 Christi
311 1125 432 1164 ‘fuisse
459 1136 505 1161 ex
537 1122 727 1173 Virgiuali
759 1120 900 1161 Maria>
938 1136 1056 1161 carne
1085 1124 1161 1162 sor-

47 1178 227 1218 matum?
255 1177 350 1229 (a).
394 1175 577 1215 Addenda
605 1184 733 1213 autem
763 1174 826 1214 hic
856 1185 907 1214 est
935 1174 1162 1229 Eutychetis

45 1246 201 1273 summa
228 1230 438 1278 stoliditas,
466 1236 581 1281 atque
610 1230 834 1280 imperitia,
870 1244 949 1282 qua
977 1229 1090 1268 facile
1118 1232 1160 1270 in

45 1287 223 1337 dogmata
250 1282 415 1322 absurda
443 1295 554 1321 ruere
597 1291 767 1333 poterat,
814 1284 910 1335 quin
939 1284 1070 1322 omnia
1099 1295 1160 1321 eo·

44 1350 133 1376 rum
163 1338 421 1385 consectaria,
468 1334 529 1376 vel
557 1337 809 1374 connexiones
836 1334 953 1375 homo
987 1335 1160 1389 stupidus

46 1391 289 1443 pervideret·

100 1444 192 1482 355.
215 1441 316 1494 ·'Obj.
344 1443 509 1481 secundo
537 1439 771 1495 Vasquezius
797 1439 915 1482 verba
941 1443 984 1483 S·
1014 1442 1162 1482 Gelasii

42 1494 186 1548 Papae,
213 1497 282 1549 qui
310 1497 351 1533 in
382 1495 470 1534 Lib.
499 1494 546 1534 de·
573 1495 724 1534 duabus
754 1500 794 1534 in
827 1495 979 1535 Christo
1006 1500 1162 1535 naturis

49 1578 76 1600 ,‚
107 1550 158 1587 ita
185 1547 519 1602 Eutychianorum
548 1560 694 1587 errores
723 1551 898 1602 exponit:
931 1548 1066 1589 Adhuc
1093 1561 1160 1588 au-

43 1629 73 1653 „
100 1608 178 1641 tem
202 1600 305 1640 'illud
334 1601 548 1653 adjiciunt,
591 1612 632 1641 ut
659 1604 756 1641 sicut
786 1616 830 1640 ex
859 1600 1008 1641 duabus
1049 1601 1162 1641 rebus

44 1684 72 1705 „
100 1652 392 1703 coustat'homo,
423 1654 517 1694 idest
532 1668 576 1694 ex
592 1656 745 1704 anima,
767 1653 994 1709 &corpore,
1023 1669 1162 1709 quam·

46 1736 77 1758 „
105 1709 164 1746 vis
193 1707 390 1761 utriusque
411 1709 465 1746 rei
488 1709 540 1747 sit
559 1708 710 1749 diversa
738 1719 898 1755 natura;
930 1722 1018 1747 usus
1033 1720 1159 1749 tamen

43 1787 72 1811 „
101 1760 283 1813 loquendi
311 1759 555 1813 singulariter
612 1762 827 1810 renuntiet,
862 1762 980 1800 simul
1009 1770 1159 1802 utrum-

44 1843 72 1864 „
101 1827 177 1865 que
196 1813 453 1866 complectens
469 1843 481 1861 ‚
510 1822 552 1851 ut
596 1825 797 1853 umanum
813 1813 920 1853 dicat
940 1824 1158 1864 naturam,

43 1896 71 1918 „
101 1878 183 1904 non
212 1864 415 1905 humanas
442 1875 642 1905 naturas:
672 1869 725 1905 sic
751 1869 961 1920 potentiam
991 1871 1030 1906 in
1047 1868 1160 1906 Chri·

43 1949 72 1971 ,‚
99 1919 147 1958 sti
168 1922 370 1973 mysterio,
400 1918 662 1960 &unitionem
677 1921 915 1969 divinitatis,
943 1930 1058 1973 atque
1087 1919 1158 1958 hu·

42 2001 71 2023 „
100 1974 294 2013 munitatis
322 1985 451 2011 unam
479 1971 643 2012 dici’vel
670 1971 836 2022 debere,
867 1974 926 2011 vet
951 1982 1066 2023 posse
1079 1982 1156 2012 na·

40 2054 68 2075 „
97 2034 234 2064 turam
253 2030 303 2064 “z
331 2025 656 2080 quemadmodum
677 2038 776 2077 ergo·
795 2034 896 2064 recte
910 2026 1052 2064 dicitur
1070 2039 1155 2065 una

38 2077 209 2117 hominis
225 2088 377 2118 natura
390 2107 403 2127 ,
430 2078 521 2118 licet
529 2090 575 2117 ex
594 2077 745 2117 duabus
764 2080 936 2132 partibus
956 2088 1153 2118 constans:

36 2133 91 2172 ita
117 2130 380 2186 Eutychiani,
427 2144 547 2171 unam
574 2130 742 2171 dicentes
768 2133 907 2171 Christi
944 2141 1118 2170 naturam
1140 2157 1153 2180 -,

35 2197 111 2224 non
140 2192 339 2238 propterea
372 2197 526 2224 carnem
556 2184 838 2224 excludebant.
885 2184 1032 2221 Eadem
1073 2185 1154 2221 fere

36 2238 84 2276 de
99 2237 352 2290 Eutychianis
378 2245 508 2277 narrat
525 2236 732 2274 Facundus
754 2235 1041 2273 Hermianensis
1059 2235 1152 2274 Lib.

37 2290 70 2329 I.
99 2286 314 2343 capsula,
342 2289 486 2328 scilicet
515 2301 576 2326 eos
603 2287 762 2326 dixisse:
792 2318 818 2336 „
848 2288 956 2327 Sicut
983 2301 1029 2325 ex
1058 2288 1153 2327 dua-

38 2370 68 2394 „
96 2341 168 2380 bus
195 2344 367 2390 naturis,
397 2342 490 2379 idest
504 2354 549 2378 ex
578 2344 709 2380 anima
737 2338 770 2377 8t
787 2353 929 2389 carne,
960 2354 1033 2380 una
1047 2353 1152 2381 com-

39 2424 68 2446 „
123 2396 220 2434 osita
246 2403 300 2433 est
327 2394 499 2433 humana
526 2402 688 2440 natura;
734 2394 788 2431 sic
831 2407 877 2432 ex
902 2394 1041 2433 deitate
1059 2425 1069 2443 ,
1117 2394 1151 2433 δε

38 2477 66 2499 „
96 2410 330 2487 humanitate
359 2461 434 2486 una
458 2447 669 2498 composita
697 2456 749 2484 est
767 2447 909 2485 Christi
939 2456 1096 2486 natura.
1123 2451 1150 2471 “

93 2500 186 2541 556.
217 2499 358 2555 Resp.,
413 2499 673 2553 Eutychianos
714 2499 933 2551 hujusmodi
977 2500 1154 2553 exemplo

35 2555 154 2594 fuisse
182 2567 266 2594 usos
292 2555 341 2594 ad
371 2556 570 2607 proprium
613 2565 779 2592 errorem
809 2554 1011 2605 tegendum
1029 2584 1040 2602 ,
1087 2554 1152 2592 sed

35 2608 197 2647 frustra:
226 2608 382 2661 quando
408 2609 512 2646 enim
542 2607 699 2646 ulterius
727 2607 1079 2660 interrogabantur,
1107 2621 1155 2645 an

34 2663 148 2712 sicuti
178 2662 217 2700 in
248 2661 404 2700 homine
431 2662 547 2700 etiam
590 2670 673 2713 post
700 2662 880 2699 unionem
911 2662 1154 2713 reperiuntur

36 2715 120 2754 istae
148 2714 236 2754 duae
265 2724 442 2765 naturae,
470 2714 531 2754 vel
560 2715 778 2754 substantiae
808 2716 937 2753 anima
954 2744 964 2763 ,
1007 2712 1042 2751 δι’
1070 2726 1154 2752 cor-

37 2779 138 2818 pus,
183 2770 234 2808 ita
263 2770 377 2808 etiam
408 2770 449 2808 in
476 2768 566 2807 Jesu
593 2767 742 2807 Christo
771 2769 1034 2807 invenirentur
1061 2768 1150 2805 dnae

39 2828 186 2859 naturas
215 2822 344 2862 divina
361 2852 373 2871 ,
415 2821 451 2859 ἃ
479 2816 674 2870 hnmana,
718 2831 809 2861 tunc
837 2836 938 2874 aqua
967 2819 1044 2859 illis
1071 2820 1152 2859 hae-

40 2870 174 2923 tebit}
201 2873 236 2911 ἃ
262 2888 354 2916 cum
380 2875 517 2915 erroris
545 2875 604 2914 sui
632 2876 812 2927 magistro
840 2874 1117 2927 respondebant
1142 2903 1153 2924 ,

93 3037 140 3072 (α)
164 3034 294 3070 Omnes
318 3047 405 3082 pene
430 3036 578 3074 aliorum
602 3036 858 3074 Horeticorum
884 3049 1018 3074 errores
1043 3031 1149 3072 fnisse

40 3079 86 3114 ab
114 3082 268 3124 insulso,
304 3085 338 3115 ἄ
364 3085 409 3116 im
437 3087 525 3119 erito
549 3098 626 3119 sene
651 3095 860 3126 renovatos,
900 3086 1001 3120 solita
1028 3097 1088 3118 sua
1115 3096 1152 3117 e·

41 3126 222 3161 nudirione
246 3127 398 3162 ostendit
443 3132 576 3163 etavins
603 3132 678 3166 Lib.
700 3134 724 3165 l.
753 3132 807 3166 De
827 3131 958 3167 lucarn-
985 3145 1015 3165 c·
1040 3131 1092 3164 15·
1119 3134 1151 3163 &

39 3172 184 3218 quidem
213 3173 451 3209 Theodoretns
473 3177 510 3209 L.
527 3176 585 3209 lV.
609 3177 935 3222 Haeret.suhularum
954 3189 983 3212 c·
1000 3179 1052 3211 13·
1079 3177 1150 3210 Ett-

36 3219 217 3264 tychetem
245 3223 292 3255 ait
313 3243 323 3262 ,
357 3223 566 3269 jampridem
588 3226 755 3257 exoletum
779 3225 956 3260 Valentini
997 3225 1150 3256 haresim

39 3268 278 3301 instaurasse.
321 3270 527 3302 Anastasius
551 3269 686 3302 Sinaita
712 3271 746 3302 in
773 3275 901 3314 o'yeiom
926 3284 955 3305 e.
974 3271 1008 3304 6.
1035 3269 1120 3303 dicit
1138 3290 1151 3310 ,

37 3320 62 3347 ι
84 3311 341 3349 Valentinianis
357 3336 370 3356 ,
394 3314 614 3350 Marcionitis
633 3334 646 3355 ,
670 3315 702 3347 v&
726 3316 932 3351 Manichaeis
956 3324 1037 3352 eur‘n
1061 3313 1152 3350 didi-

2212 101 2287 142 151

1237 168 1431 205 Christum
1462 181 1538 205 esse
1567 179 1621 204 ex
1649 167 1798 208 duabus
1827 172 1994 220 naturis,
2031 185 2105 211 non
2135 177 2176 212 in
2205 174 2353 218 duabus

1235 224 1411 265 naturis3
1439 222 1531 271 quia
1559 235 1699 271 nempe
1730 225 1768 260 in
1797 223 2024 264 adunatione
2053 238 2187 266 natura
2216 229 2354 270 huma-

1237 285 1289 310 na
1319 275 1441 310 fuerat
1462 273 1637 323 absorpta
1665 273 1856 325 adivina,
1889 288 2042 330 utgutta
2073 281 2200 321 meilis
2229 298 2250 321 a
2271 299 2352 324 ma·

1239 326 1271 362 ri
1289 351 1300 362 .
1330 325 1437 363 Hanc
1465 324 1623 362 illorum
1653 327 1827 367 fraudem
1856 332 1991 383 detegit
2021 334 2196 374 Gelasius
2223 339 2265 376 in
2290 352 2352 376 eo-

1238 376 1326 415 dem
1355 377 1437 415 loco
1467 377 1519 413 ita
1544 377 1731 416 subdens:
1786 382 1902 420 Aliud
1942 395 2026 433 est,
2074 388 2176 436 quod
2205 395 2352 431 usitato

1238 429 1420 479 loquendi
1461 430 1694 480 compendio
1735 444 1841 482 saepe
1870 435 1917 474 de
1945 437 2115 486 qualibet
2151 447 2210 479 ret
2235 454 2352 491 purte

1237 481 1405 521 dicimus
1422 513 1432 531 ,
1461 482 1510 522 <9⁶
1536 491 1664 520 ‘totum
1692 486 1792 534 quoii
1821 498 1877 524 est
1894 519 1904 536 ‚
1940 495 2025 528 sine
2053 488 2164 530 dubio
2190 497 2352 548 projice-

1237 546 1355 574 mur.
1394 534 1511 574 Aliud
1539 548 1629 572 cum
1657 544 1875 590 prorumpit
1904 541 2085 583 humana
2113 552 2352 589 temeritatis

1235 588 1440 637 audacia,
1486 601 1578 638 quoe
1620 595 1676 627 stc
1706 592 1883 642 aliquam
1925 607 2083 646 purtem
2119 612 2351 652 nuncupare

1233 642 1464 689 contendit,
1495 651 1535 678 ut
1564 641 1666 692 quod
1694 653 1818 682 totum
1848 656 1932 695 est,
1963 662 2111 701 negare
2140 655 2351 698 moliatur.

1292 696 1385 747 557.
1415 696 1567 733 Clarius
1609 696 1808 736 subdolam
1839 699 2168 752 Eutychi-snorum
2207 711 2350 748 evasio-

1236 762 1325 786 nem
1354 747 1515 787 ostendit
1533 747 1737 787 Facundus
1769 752 1871 791 laud.
1903 753 1986 793 loco
2014 757 2350 802 subdensnomine

1235 801 1603 853 Eutychianorumz.
1623 800 1676 839 Et
1705 803 1791 841 ideo
1811 819 1862 843 ex
1892 804 2042 848 ‹luabus
2069 811 2249 862 quidem,
2279 815 2351 855 sed

1234 866 1314 892 non
1343 860 1384 892 in
1400 851 1551 892 duabus
1578 859 1733 894 naturis
1752 857 1948 898 Christum
1976 864 2244 916 confitemur:
2271 879 2346 908 un-

1232 908 1280 945 de
1307 920 1457 960 semper
1499 907 1547 945 ad
1575 909 1737 960 capitale
1766 910 1988 964 Eutychetis
2026 918 2262 971 principium
2291 932 2350 959 re-

1230 961 1461 1008 currebant,
1509 960 1604 999 duas
1635 963 1751 1002 fuisse
1780 965 1821 1001 in
1850 965 1999 1005 Christo
2027 979 2113 1008 ante
2150 972 2347 1013 adunatio-

1229 1026 1320 1053 nem
1349 1024 1501 1053 naturas
1518 1043 1528 1061 ,
1561 1026 1673 1052 unam
1694 1026 1822 1055 antem
1842 1028 1924 1070 post
1939 1020 2209 1064 adunationem
2226 1052 2237 1064 .
2267 1028 2348 1067 Au-

1229 1076 1287 1106 tea
1329 1081 1419 1106 vero
1461 1069 1563 1106 idem
1594 1068 1798 1108 Facundus
1839 1085 1926 1124 cap.
1949 1074 1987 1112 5.
2035 1074 2206 1127 ejusdem
2235 1078 2349 1121 Libri

1228 1120 1484 1160 confitendum
1501 1133 1578 1158 esse
1593 1120 1760 1172 dixerat,
1792 1124 2004 1166 Dominum
2032 1139 2200 1169 nostrum
2215 1132 2348 1173 Jesum

1228 1174 1422 1213 Christum
1452 1178 1494 1212 in
1523 1170 1674 1212 duabus
1703 1180 1857 1215 naturis
1874 1207 1885 1225 ,
1913 1179 2011 1217 idest
2039 1185 2081 1218 in
2110 1184 2315 1224 divinitate
2335 1215 2348 1236 ,

1229 1237 1348 1279 atque
1378 1226 1632 1266 humanitate
1660 1228 1879 1281 perfectum
1897 1256 1908 1270 .
1950 1233 2084 1285 Neque
2115 1247 2348 1286 praetereuu-

1227 1280 1320 1319 dum
1351 1283 1552 1328 existimo,
1582 1283 1683 1334 quod
1715 1282 1817 1321 idem
1833 1281 2039 1324 Facundus
2060 1286 2149 1326 Lib.
2166 1289 2194 1327 l.
2224 1304 2260 1330 c.
2288 1291 2348 1338 14.

1227 1344 1356 1386 aperte
1384 1333 1640 1387 Eutychianis
1657 1335 1916 1389 improperat,
1946 1339 2044 1390 ipsos
2073 1353 2239 1394 nempe,
2271 1357 2347 1383 nou

1227 1389 1357 1426 minus
1399 1401 1517 1441 quam
1548 1384 1813 1437 Nestoriauos,
1860 1403 2037 1442 negasse,
2086 1393 2130 1432 Β.
2173 1394 2347 1437 Mariam

1229 1440 1431 1492 Virginem
1459 1452 1539 1479 esse
1567 1450 1745 1479 matrem
1773 1437 1882 1488 Ηώς
1930 1472 1955 1493 ,,
1980 1458 2075 1484 vcum
2100 1450 2238 1497 enim,
2287 1451 2346 1489 in-

1231 1521 1258 1543 „
1286 1496 1395 1547 quit,
1424 1502 1624 1548 propterea
1653 1496 1863 1534 secundum
1895 1499 2092 1537 veritatem
2121 1510 2257 1540 mater
2282 1503 2343 1543 di-

1230 1576 1256 1596 „
1286 1557 1347 1585 cta
1373 1549 1449 1595 sit,
1492 1549 1589 1600 ‘quia
1628 1561 1786 1587 ‘carnem
1827 1563 1872 1588 ex
1901 1564 1940 1588 se
1974 1552 2147 1591 omnium
2178 1553 2345 1595 Domino

1231 1630 1258 1649 „
1288 1601 1544 1648 ministravit,
1591 1597 1694 1651 quod
1721 1600 1928 1656 Eutyches
1948 1615 2080 1658 negat
2098 1626 2139 1645 a.
2173 1617 2251 1648 nou
2276 1620 2349 1661 po-

1230 1683 1255 1703 „
1286 1663 1351 1692 test
1379 1653 1423 1691 B.
1455 1654 1656 1706 Virginem
1688 1669 1775 1693 vere
1796 1684 1807 1704 ,
1853 1656 1888 1693 δε
1917 1660 2072 1710 proprie
2098 1654 2226 1699 dicere
2252 1669 2347 1700 ma-

1229 1737 1256 1756 „
1285 1717 1389 1746 trem
1419 1706 1522 1755 Det,
1551 1707 1615 1745 sed
1644 1709 1905 1757 nuncupative
1934 1710 2084 1759 potius,
2113 1723 2159 1749 ac
2181 1714 2346 1763 -perl’un-

1228 1790 1255 1810 „
1284 1763 1422 1807 ctorie,
1454 1772 1576 1811 quam
1591 1759 1827 1807 noncredtc,
1852 1772 2028 1800 carnem
2040 1769 2346 1804 exseomnium

1285 1813 1463 1851 Domino
1486 1815 1746 1850 ministrasse
1761 1835 1774 1850 ι

1226 1914 1229 1915 ⁷
1282 1863 1375 1904 558.
1406 1866 1518 1903 Instat
1537 1863 1772 1918 Vasquezius
1788 1891 1798 1903 .
1829 1865 1927 1906 Tota
1953 1878 2043 1921 ergo
2061 1871 2193 1920 ratis,
2215 1884 2346 1926 ‘quare

1224 1917 1461 1971 Eutychiani
1490 1917 1636 1956 fuerint
1678 1918 1719 1957 in
1747 1918 1921 1960 Concilio
1942 1920 2247 1966 Chalcedoueusi
2277 1924 2345 1965 da-

1223 1973 1375 2020 mnati,
1404 1979 1484 2010 erat
1499 1970 1567 2009 illa
1584 1971 1775 2022 particula
1789 1976 1853 2020 in,
1885 1973 2202 2025 volcmarum,
2231 1979 2344 2018 Chri-

1221 2033 1322 2064 stum
1339 2025 1454 2064 fuisse
1469 2023 1628 2076 quidem
1645 2033 1699 2061 ex
1715 2053 1726 2072 ,
1755 2038 1827 2063 non
1844 2036 1932 2064 vero
1942 2030 1988 2064 'in
1996 2023 2152 2066 ‘duabus
2169 2035 2312 2071 naturis
2328 2059 2341 2072 .

1222 2107 1251 2128 „
1271 2079 1377 2116 Cum
1403 2083 1536 2115 autem
1564 2075 1744 2114 dicebant
1763 2106 1774 2125 ‚
1798 2075 1998 2117 Christum
2018 2094 2094 2117 esse
2113 2092 2167 2120 ea:
2191 2083 2345 2125 duabus

1215 2156 1248 2178 .„
1277 2134 1432 2166 naturis
1448 2158 1459 2177 ,
1488 2139 1653 2167 asserere
1671 2142 1747 2168 non
1769 2137 1937 2181 poteraut
1954 2159 1965 2180 ,
1994 2133 2154 2173 alteram
2178 2138 2216 2176 iu
2246 2139 2339 2177 alte-

1216 2208 1247 2231 -„
1277 2195 1359 2219 ram
1375 2193 1451 2218 esse
1467 2193 1707 2230 conversam,
1738 2181 1945 2224 &omniuo
1960 2197 2245 2240 consumptam,
2276 2193 2342 2231 sed

1216 2260 1250 2284 ἱ,
1280 2242 1484 2285 utramque
1511 2247 1691 2284 manere,
1722 2237 1773 2274 ita
1802 2245 1927 2276 tamen
1958 2249 1997 2278 ut
2021 2242 2063 2278 'in
2082 2239 2232 2281 Christo
2260 2259 2340 2285 nou

1219 2315 1248 2337 2„
1278 2286 1435 2326 haberet
1464 2299 1708 2341 unaquaeque
1749 2289 1906 2329 illarum
1937 2292 2091 2344 vicem,
2138 2294 2173 2332 ἃ
2210 2296 2342 2338 locum

1222 2371 1248 2391 „
1278 2350 1425 2380 naturae
1444 2370 1455 2389 ,
1502 2343 1566 2380 sed
1595 2350 1687 2380 esset
1715 2356 1802 2395 pars
1830 2344 2004 2398 ejusdem
2046 2356 2195 2389 naturae
2218 2362 2270 2391 ex
2297 2365 2342 2390 u-

1220 2422 1249 2444 „
1279 2403 1413 2447 traque
1442 2403 1627 2433 concretae
1650 2398 1675 2418 “
1693 2419 1705 2434 .
1802 2442 1805 2444 ,

1276 2449 1368 2500 559.
1399 2447 1539 2499 Βρεμι,
1569 2447 1749 2488 subtilem
1780 2449 1857 2490 Vas
1889 2453 1983 2492 uezii
2009 2456 2339 2497 ⁴ratiocinsitionem

1221 2502 1384 2539 minime
1411 2501 1587 2540 sufficere
1629 2502 1678 2540 ad
1704 2465 1948 2555 purgandam
1975 2506 2026 2544 ab
2064 2520 2189 2547 errore
2216 2510 2340 2562 Euty·

1221 2554 1447 2592 chianorum
1475 2555 1725 2593 sententiam.
1755 2554 1886 2595 Primo
1912 2558 2017 2596 enim
2047 2573 2122 2598 non
2154 2571 2231 2600 erat
2258 2565 2341 2602 exi-

1221 2621 1295 2659 gua
1326 2602 1414 2655 illa,
1443 2618 1561 2659 quam
1590 2607 1683 2645 dicit
1706 2606 1965 2660 vasquezius,
1995 2610 2041 2648 de
2071 2613 2219 2652 duabus
2249 2629 2337 2667 par·

1222 2660 1349 2699 ticulis
1370 2672 1443 2707 ex,
1475 2659 1534 2698 vel
1562 2662 1604 2697 ιή
1633 2663 1913 2710 controversia,
1938 2663 2004 2702 'sed
2027 2663 2072 2702 de
2099 2676 2237 2706 natura
2266 2667 2338 2707 hu·

1219 2727 1335 2752 mana
1352 2740 1363 2761 ,
1404 2728 1454 2752 an
1481 2713 1607 2765 reipsa
1631 2721 1726 2752 ‘esset
1754 2714 1795 2753 in
1824 2715 1974 2754 Christo
2001 2718 2116 2756 simul
2148 2731 2238 2760 cum
2266 2735 2336 2761 na-

1220 2775 1306 2806 tura
1334 2768 1465 2805 divina
1494 2765 1729 2819 hypostatice
1755 2767 1986 2820 conjuncta,
2028 2774 2130 2824 quod
2160 2781 2336 2825 proterve

1218 2819 1381 2872 negabat
1409 2819 1631 2872 Eutyches.
1659 2819 1834 2859 Secundo
1862 2835 1908 2861 ex
1936 2836 1980 2860 eo
2007 2824 2108 2876 quod
2138 2826 2204 2866 ille
2232 2829 2335 2868 dice-

1219 2884 1302 2923 ret,
1331 2873 1525 2913 Christum
1552 2887 1631 2913 esse
1657 2887 1713 2912 ez
1733 2874 1881 2914 duabus
1908 2880 2077 2928 naturis,
2105 2887 2182 2920 'non
2209 2884 2336 2935 sequi-

2190 2937 2254 2974 tur
2269 2961 2282 2985 ,

1215 3037 1304 3071 cisse
1328 3031 1608 3080 phantasticum,
1635 3037 1677 3068 (y
1703 3038 1823 3080 specie
1849 3044 1946 3070 tenus
1970 3049 2184 3083 apparentem
2199 3041 2335 3077 Christi

1218 3096 1375 3121 carnem;
1410 3080 1502 3126 quod
1526 3081 1591 3126 ipsi
1617 3093 1754 3126 qnoque
1779 3082 1969 3127 exprobrat
1994 3086 2029 3118 S·
2057 3086 2128 3120 Leo
2154 3089 2331 3131 Magnus:

1217 3138 1255 3163 ut
1283 3127 1425 3174 proinde
1453 3128 1655 3161 Docerurum
1681 3128 1823 3161 furniliae
1851 3127 2002 3164 adscribi
2026 3134 2158 3176 possit.
2199 3134 2335 3168 Facun-

1217 3176 1282 3209 dus
1313 3176 1349 3207 l1.
1369 3175 1432 3207 tx.
1460 3186 1488 3207 c.
1511 3175 1542 3207 5.
1569 3182 1669 3207 vocat
1696 3174 1936 3218 Eutychianos
1964 3181 2208 3214 stultissimam
2227 3182 2331 3223 Apol-

1218 3224 1451 3256 Imm-istarum
1474 3224 1669 3265 progeniem
1684 3243 1692 3251 .
1742 3223 1787 3256 Et
1813 3222 1924 3256 multa
1948 3224 2021 3259 alia
2044 3225 2089 3260 ad
2113 3225 2149 3260 id
2174 3234 2322 3269 compro

1218 3268 1372 3303 bandum
1397 3274 1650 3312 suppeterent,
1675 3267 1704 3300 si
1728 3276 1815 3313 opus
1839 3277 1954 3304 esset·-
