2583 3685
202 131 280 169 170

135 192 368 232 efficiendum
399 189 479 226 Deo
508 198 574 238 pro
602 185 766 236 peccatis
793 188 953 235 nostris,
995 202 1082 227 cnm
1115 192 1237 241 potius

136 247 292 285 inclinet
311 250 358 279 ad
372 240 605 277 contrarium
634 238 904 277 satisfactioni.
933 240 1023 279 Vid.
1054 251 1151 282 totus
1172 244 1237 281 ille

135 295 341 340 articulus,
372 301 451 328 tum
482 291 596 327 etiam
624 304 810 342 sequens,
849 292 913 330 ubi
944 292 1146 345 Angelicus
1175 298 1238 337 de-

134 353 337 392 monstrat,
355 345 392 382 in
409 343 557 381 Christo
571 356 647 380 non
665 345 778 381 fuisse
795 346 1047 396 ignorantiam
1062 361 1074 394 ς
1103 362 1237 400 quam-

134 404 188 440 vjs
217 399 250 435 8<
279 399 360 450 ipsa
389 397 502 449 possit
543 409 819 449 nonnunquam
849 412 926 436 esse
953 401 1032 438 sine
1060 412 1239 452 peccato,

248 502 421 542 FALSA
450 502 633 541 ALBER
642 501 697 541 TI
720 502 811 541 PJG
820 502 923 549 HJJ,
954 503 1126 545 AMBR.

335 555 820 650 CATARJAgfflVLIJOoa
828 555 955 608 UMQ
963 556 1039 596 (JE

185 718 249 758 58.
280 717 337 756 Ex
366 717 457 756 Lib.
486 716 527 756 S.
557 717 727 757 Anselmi
757 717 1037 757 cantuariensis
1056 716 1240 772 Episcopi

129 772 177 811 de
207 781 398 823 conceptu
427 772 609 823 virginali
638 772 686 812 <9⁶
716 775 816 824 orig.
845 777 1008 822 peccato
1036 785 1070 810 c.
1094 773 1157 812 26.
1187 774 1239 812 al.

131 828 196 866 25.
225 826 429 871 discimus,
471 827 587 862 fuisse
615 825 761 876 aliquos
798 825 1001 873 docentes,
1043 837 1240 876 peccatum

127 878 312 931 originale
341 876 435 916 nibil
469 891 544 916 esse
573 878 679 916 aliud
697 908 707 925 ‚
736 891 853 930 quam
884 882 1155 930 protoparentis
1175 893 1241 919 no-

127 935 192 972 stri
221 931 517 970 inobedientiam
562 932 743 969 omnibus
772 931 854 982 ejus
882 933 1038 982 posteris
1073 934 1241 985 imputa-

125 996 202 1024 tam
222 1013 231 1024 .
262 985 372 1023 Hanc
401 985 575 1023 eamdem
605 985 738 1023 falsam
767 985 986 1037 opinione-m
1009 1015 1020 1033 ,
1050 987 1126 1025 as.
1149 987 1241 1038 Epi-

124 1052 237 1091 scopo
266 1039 344 1085 iam
377 1038 570 1091 explosam
588 1069 599 1087 ‚
646 1039 772 1077 denuo
800 1039 991 1076 suscitavit
1020 1052 1108 1078 saec.
1130 1039 1239 1078 XVI.

123 1092 215 1133 Alb.
245 1091 426 1145 Pighius,
463 1093 615 1131 natione
642 1092 785 1144 Belga,
815 1092 849 1128 δι
880 1091 1010 1129 multis
1039 1094 1148 1131 editis
1176 1094 1241 1132 Li-

124 1146 206 1184 bris
233 1147 372 1197 partim
401 1146 449 1182 ad
478 1143 685 1184 Mathesim
705 1176 715 1193 ,
754 1145 896 1198 partim
925 1146 973 1184 ad
1002 1144 1241 1198 Religionem

125 1199 383 1252 spectantibus
411 1198 616 1237 admodum
646 1200 773 1237 clarus
803 1199 866 1249 (a)
885 1224 896 1236 .

180 1253 245 1305 59.
275 1252 386 1290 Hunc
425 1261 575 1290 secutus
615 1262 667 1290 est
710 1251 845 1291 Ambr.
874 1250 1127 1299 Catharinus,
1169 1252 1238 1303 qui

124 1319 200 1344 non
229 1305 352 1344 solum
380 1317 447 1342 ore
476 1307 513 1343 in
542 1304 711 1343 Concilio
732 1304 903 1341 Trident.
921 1333 932 1351 ,
962 1305 1026 1342 sed
1056 1306 1168 1342 etiam
1198 1319 1239 1342 a·

123 1359 295 1410 liquibus
324 1359 498 1409 scriptis,
529 1358 726 1411 praecipue
755 1365 881 1394 autem
911 1357 949 1393 in
978 1357 1162 1409 opusculo
1191 1357 1238 1395 de

121 1413 235 1463 lapsu
264 1410 432 1448 hominis
453 1440 464 1458 ‚
493 1411 542 1451 ΕΘ·
569 1419 733 1462 peccato
761 1409 949 1461 originali
977 1412 1152 1449 evincere
1174 1423 1236 1448 co-

123 1475 232 1503 natus
261 1473 337 1512 est,
367 1464 528 1502 actuale
545 1474 755 1515 peccatum
776 1463 873 1501 Adae
893 1464 1022 1501 solum
1051 1477 1136 1502 esse
1156 1467 1236 1502 sin-

121 1519 303 1571 gulorum
332 1517 555 1570 originale,
583 1519 672 1558 licet
689 1517 857 1570 fomes,
886 1516 937 1558 <J
956 1522 1233 1567 concupiscen-

122 1576 181 1610 tia
199 1602 209 1620 ,
242 1571 292 1612 (θ’
319 1572 499 1609 similiter
528 1573 623 1610 alioe
650 1583 782 1623 poenoe
810 1574 889 1608 sint
917 1575 959 1609 in
987 1570 1148 1608 diversis
1176 1570 1234 1607 di·

124 1637 248 1667 versae
277 1624 332 1676 (b)
350 1650 361 1663 .
401 1624 524 1678 Atque
552 1625 692 1663 horum
720 1624 944 1662 sententiam
973 1624 1090 1660 tuitus
1117 1631 1168 1660 est
1197 1637 1235 1659 e·

122 1680 214 1718 tiam
237 1677 355 1731 Alph.
371 1676 570 1715 Salmeron
597 1679 637 1715 in
665 1691 700 1715 c.
715 1676 766 1713 V.
797 1675 919 1727 Epist.
948 1675 997 1713 ad
1014 1674 1123 1713 Rom.
1139 1675 1237 1728 disp.

122 1732 190 1778 45.
212 1761 223 1779 ,
252 1730 287 1766 8<
315 1744 395 1782 seq.
423 1742 512 1767 cum
542 1731 673 1782 paucis
702 1728 815 1767 aliis.

178 1783 245 1822 60.
274 1781 349 1821 Sed
391 1796 476 1821 eam
521 1781 626 1821 laud.
655 1781 696 1821 S.
727 1780 930 1820 Auselmus
974 1780 1028 1818 ita
1074 1780 1240 1820 refellit:

123 1866 156 1889 ,ι
179 1836 503 1875 Considerandum
532 1835 761 1887 diligenter,
790 1836 883 1887 quia
912 1847 985 1871 non
1007 1843 1155 1885 portant
1185 1836 1240 1872 in-

123 1913 154 1941 „
182 1891 302 1929 fantes
321 1897 518 1942 peccatum
537 1889 629 1928 Adae
643 1919 654 1936 ,
675 1889 738 1927 sed
758 1901 870 1929 suum
889 1914 900 1925 .
929 1886 1030 1925 Nam
1046 1887 1150 1925 aliud
1167 1887 1241 1925 fuit

124 1974 153 1994 9,
181 1950 380 1995 peccatum
412 1943 531 1991 Adae,
560 1941 667 1980 aliud
696 1950 748 1980 est
775 1949 975 1994 peccatum
1004 1941 1238 1988 infantium3

125 2026 152 2047 3,
181 1996 278 2034 illud
308 1997 413 2034 enim
434 1995 504 2034 fuit
534 2008 675 2044 causa,
703 1995 803 2033 istud
823 1993 1001 2032 effectus.
1033 1994 1156 2032 Adam
1176 2009 1239 2033 ea-

125 2076 154 2101 „
181 2050 257 2089 ruit
285 2048 412 2087 debita
438 2047 609 2100 justitia,
652 2060 729 2086 non
765 2048 859 2100 quia
886 2046 984 2084 alius
1001 2077 1013 2095 ‚
1054 2048 1118 2085 sed
1146 2049 1240 2099 quia

126 2133 154 2154 „
181 2105 263 2155 ipse
290 2102 481 2148 deseruit3
510 2102 676 2141 infantes
704 2109 833 2139 carent
848 2114 919 2148 ea,
948 2111 1024 2138 non
1054 2104 1239 2152 quoniam

128 2186 156 2206 „
183 2157 279 2208 ipsi,
308 2156 371 2194 sed
399 2155 583 2207 quoniam
612 2155 710 2193 alius
738 2153 971 2206 dereliquit.
1001 2152 1085 2191 Non
1115 2163 1166 2191 est
1180 2169 1238 2192 er-

128 2239 156 2258 „
183 2222 228 2261 go
256 2209 359 2246 idem
389 2217 587 2261 peccatum
617 2209 709 2246 Adae
726 2238 738 2255 ‚
768 2207 802 2244 8:
830 2208 1034 2245 infantium
1056 2233 1111 2245 ....
1132 2208 1239 2255 Qua-

131 2291 161 2311 „
188 2270 340 2313 propter
367 2274 456 2299 cum
485 2262 690 2300 damnatur
718 2262 843 2299 infans
871 2273 940 2311 pro
982 2269 1136 2311 peccato
1163 2263 1240 2299 ori-

131 2343 161 2366 „
185 2313 328 2365 ginali,
375 2314 575 2352 damnatur
613 2327 689 2352 non
717 2327 786 2366 pro
828 2323 981 2365 peccato
1011 2314 1132 2361 Adae,
1174 2315 1239 2353 sed

130 2396 159 2420 υ
186 2379 260 2419 pro
284 2380 353 2405 suo
372 2392 384 2405 .
419 2367 520 2406 Nam
549 2369 580 2406 si
608 2368 688 2418 ipse
719 2380 791 2405 non
819 2366 977 2404 haberet
1006 2380 1116 2404 suum
1152 2381 1240 2419 pec-

130 2449 157 2470 „
185 2428 312 2458 catum
329 2449 340 2469 ,
368 2432 445 2459 non
474 2420 719 2459 damnaretur
739 2446 750 2459 .
788 2419 874 2459 Jam
903 2432 991 2470 ergo
1021 2434 1090 2457 non
1121 2428 1242 2471 portat

129 2502 158 2524 ‚,
184 2474 427 2526 iniquitatem
456 2474 578 2524 Adae,
607 2474 670 2512 sed
699 2487 835 2522 suam,
863 2474 1041 2524 quamvis
1069 2472 1154 2510 ideo
1182 2474 1240 2512 di-

153 2661 155 2664 .
174 2639 221 2675 (a)
244 2634 324 2670 Alb.
339 2633 479 2681 Pighius
494 2657 505 2677 ‚
520 2633 736 2671 Coloniensis
755 2634 950 2671 Academiae
977 2636 1112 2670 illustre
1130 2647 1242 2672 mem·

129 2679 256 2723 hrum,
289 2683 402 2716 multa
426 2681 534 2716 edidit
572 2695 676 2728 opera
719 2694 840 2717 contra
865 2684 1057 2717 Novatores
1084 2695 1147 2728 pro
1173 2686 1236 2719 Ca—

135 2726 398 2772 dioneae-fidei,
424 2741 464 2762 ac
491 2730 677 2763 Pontificiae
706 2730 935 2763 Auctoritatis
960 2729 1183 2769 defensione,
1208 2734 1240 2764 &

134 2773 275 2815 quidem
297 2775 390 2820 stylo
415 2776 530 2809 minus
555 2776 732 2816 barbaro,
768 2787 874 2819 quam
900 2775 1105 2808 Scholastici
1146 2776 1240 2808 illius

138 2819 202 2849 aevi
227 2821 373 2855 solerent
393 2844 401 2853 .
435 2822 554 2855 Romae
582 2820 786 2866 aliquandiu
810 2822 902 2853 vixit
928 2821 971 2854 ab
998 2820 1152 2855 Adriano
1177 2821 1239 2854 Vt.

135 2872 319 2906 evocatus,
344 2866 403 2901 sed
422 2877 539 2912 postea
564 2869 601 2901 in
624 2868 781 2913 Belgium
804 2864 915 2900 redux
942 2866 1127 2910 Ultrajecti
1152 2867 1240 2900 obiit

137 2918 229 2959 anno
256 2910 352 2953 1543.
379 2913 574 2948 Dolendum
597 2924 675 2956 est,
708 2925 788 2947 eum
814 2926 834 2946 a
860 2913 1037 2946 tutissima
1062 2913 1096 2945 S.
1123 2914 1242 2957 Augu-

137 2954 221 2986 attni
246 2954 402 2992 doctrina
426 2959 624 2994 discessisse
641 2983 652 3002 ,
691 2973 759 2994 non
792 2960 906 2993 solum
932 2959 968 2991 in
993 2959 1058 2992 liae
1094 2960 1242 2992 materia

138 3002 272 3044 peccati
298 3004 474 3046 originalis
490 3029 499 3047 ‚
524 3006 582 3039 sed
608 3009 714 3041 etiam
735 3029 745 3048 ,
769 3006 831 3040 ubi
858 3004 899 3038 de
925 3006 1062 3050 gratia,
1099 3007 1245 3039 Sancto—

138 3056 287 3089 rumque
315 3048 610 3090 praedestinatione
637 3055 776 3098 agitur-

183 3093 232 3130 (ὂ)
263 3091 366 3125 Card-
394 3091 620 3132 pallavicinus
658 3100 691 3132 in
718 3099 817 3133 Hist.
844 3100 997 3132 Cone-ilii
1034 3096 1131 3131 Trici.
1170 3098 1247 3131 Lib·

145 3136 247 3171 Xlll·
273 3150 302 3171 c·
320 3139 364 3171 ⁷8-
390 3151 422 3170 n·
449 3140 480 3171 8.
507 3145 588 3175 scite
614 3144 836 3186 observavit,
868 3145 1094 3180 Ambrosium
1122 3144 1249 3187 Politi,

149 3195 211 3217 seu
236 3183 468 3217 Catharinum
493 3197 616 3230 magna
642 3192 747 3224 fuisse
773 3193 808 3224 in
835 3192 1015 3225 bominum
1047 3190 1253 3223 aestimatio-

139 3239 184 3282 ,ἓ
201 3251 212 3271 ²
237 3228 321 3263 dnm
349 3230 482 3262 Vivent
502 3253 512 3271 2
539 3233 594 3265 sed
621 3235 694 3278 ejus
719 3249 823 3282 opera
849 3249 916 3270 non
944 3238 1030 3270 tanti
1059 3237 1163 3269 fuisse
1190 3235 1250 3267 ha-

142 3275 219 3309 hita
246 3285 320 3321 post
349 3285 522 3317 mortem,
555 3280 636 3321 quia
663 3283 697 3313 in
723 3284 771 3314 eis
798 3295 816 3315 a
843 3283 1087 3315 communibus
1105 3303 1115 3321 ‚
1157 3292 1252 3314 rece-

142 3322 283 3368 ptisque
307 3322 458 3361 aliorum
482 3325 661 3359 sententiis
687 3327 788 3361 facile
805 3329 969 3363 recessit.
997 3331 1036 3361 ln
1062 3327 1174 3361 indice
1192 3337 1255 3360 ex·-

775 106 1175 154 DrssER'rATlo
1207 109 1284 155 111,
1337 108 1507 154 SECT.
1538 109 1615 154 III.
1650 112 1777 156 CAP.
1809 115 1843 158 t.

1304 221 1330 240 „
1358 197 1466 229 catur
1496 199 1646 242 portare
1663 221 1674 239 ,
1703 195 1796 244 quia
1823 192 2007 244 iniquitas
2034 191 2139 233 illius
2167 194 2310 245 peccati
2340 194 2411 234 fuit

1305 274 1331 294 υ
1359 256 1471 282 causa
1500 244 1607 282 istius
1629 247 1655 265 ‘⁶
1673 269 1684 281 .

1358 295 1422 335 61.
1454 296 1547 335 Haee
1577 297 1615 334 in
1634 298 1829 336 victaratio
1855 298 2052 352 desumpta
2081 309 2132 338 est
2161 313 2205 338 ex
2227 300 2267 338 S.
2287 300 2415 352 singu<

1305 350 1421 399 stino,
1451 352 1516 402 qui
1547 351 1710 401 saepius,
1740 350 1773 386 8:
1802 352 1936 389 diserte
1965 353 2090 400 docet,
2134 364 2331 404 peccatum
2365 356 2415 391 A-

1305 404 1365 442 dae
1396 416 1471 440 esse
1499 416 1651 441 causam
1681 405 1796 441 nostri
1826 406 1969 454 peccati
1998 405 2220 456 originalis.
2258 407 2344 445 Lib.
2366 407 2413 444 ll.

1307 456 1356 495 de
1384 460 1526 507 nuptiis
1547 487 1558 505 ,
1587 456 1636 496 (θ’
1665 460 1886 507 concupisc.
1900 470 1935 494 c.
1958 456 2020 495 26.
2050 459 2312 497 voluntarium
2327 473 2415 511 pec-

1307 520 1446 549 catum
1460 510 1627 548 hominis
1655 513 1774 562 primi
1794 538 1805 558 ,
1835 510 1959 561 inquit
1975 539 1986 558 ,
2015 512 2222 562 originalis
2241 522 2300 550 est
2320 526 2414 551 carm

1308 577 1357 602 sa
1385 568 1561 613 peccati.

1359 616 1426 656 62.
1455 617 1539 656 Non
1569 616 1716 657 videtur
1744 625 1926 668 praeterea
1953 613 2039 654 haec
2081 617 2261 656 sententia
2288 620 2417 658 conci-

1305 668 1394 709 liari
1438 684 1542 719 posse
1587 684 1678 709 cum
1707 669 1855 708 Sacros.
1884 667 2054 706 Trident.
2082 669 2225 721 Synodi
2259 670 2418 711 decretis

1306 723 1404 762 Sess.
1433 723 1484 762 V.
1514 725 1558 762 de
1588 732 1741 776 peccato
1768 721 1967 774 originali.
1998 721 2116 760 Docet
2146 723 2246 761 enirn
2276 722 2317 761 S.
2345 725 2417 776 Sy-

1308 777 1445 824 nodus,
1462 779 1609 828 primo,
1631 784 1827 829 peccatum
1852 775 1986 814 Adami
2003 779 2290 827 propagatione
2305 785 2418 813 tran-

1307 828 1460 880 {fundit
1490 843 1562 868 non
1583 843 1670 880 ergo
1699 843 1765 882 per
1794 828 1912 867 solam
1931 829 2247 879 imputationem.
2276 828 2435 867 Secum.

1309 883 1358 920 do
1384 894 1470 920 esse
1507 887 1712 933 unicuique
1754 886 1951 933 proprium
1972 896 1988 926 ,·
2030 879 2063 916 8<
2090 881 2190 920 Sess.
2219 881 2288 920 Vl.
2318 896 2353 920 c.
2383 882 2422 922 5.

1309 934 1474 987 singulos
1501 935 1674 974 homines
1701 940 1903 986 propriam
1932 935 2171 986 injustitiam
2211 935 2420 974 contrahe-

1309 1001 1354 1025 re
1375 1003 1390 1032 ,-
1433 1000 1499 1038 per
1527 988 1644 1026 solam
1674 998 1800 1026 autem
1831 989 2120 1040 imputationem
2151 997 2348 1038 peccatum
2378 1002 2424 1026 n-

1310 1041 1494 1092 nicuique
1523 1043 1722 1093 proprium
1753 1055 1839 1079 vere
1867 1054 1942 1079 non
1972 1050 2089 1080 esset.
2132 1041 2263 1079 Tertio
2293 1054 2353 1079 eos
2381 1056 2422 1080 a·

1310 1092 1526 1132 mathemate
1556 1094 1662 1140 ferit,
1692 1096 1758 1146 qni
1788 1095 1946 1142 dicunt,
1975 1093 2153 1146 parvulos
2181 1094 2277 1132 nihil
2299 1108 2352 1132 ex
2368 1095 2423 1132 A·

1310 1147 1408 1184 dam
1437 1145 1599 1183 trabere
1624 1148 1830 1197 originalis
1858 1152 2009 1196 peccati
2027 1178 2037 1194 .‚
2066 1147 2167 1199 quod
2195 1161 2357 1186 necesse
2372 1152 2422 1186 sit

1310 1202 1466 1248 expiari
1482 1198 1536 1236 all
1556 1202 1679 1236 vitam
1698 1207 1899 1236 aeternam
1914 1201 2236 1250 consequendam
2253 1227 2264 1239 .
2295 1201 2435 1248 Quar-.

1307 1262 1345 1292 to
1375 1251 1556 1304 parvulos
1584 1251 1670 1289 ideo
1698 1255 1739 1289 in
1768 1255 2042 1289 remissionem
2077 1263 2329 1300 peccatorum
2360 1268 2422 1292 ve-

1306 1310 1460 1344 raciter
1486 1304 1704 1356 baptizari,
1734 1313 1775 1341 ut
1817 1308 1858 1342 in
1886 1307 1942 1342 eis
1962 1309 2268 1355 regeneratione
2305 1321 2421 1345 mun·

1308 1360 1421 1398 detur
1443 1389 1454 1408 ‚
1483 1359 1587 1410 quod·
1613 1360 1873 1412 generatione
1901 1365 2217 1396 contraxerunt.
2238 1380 2241 1381 ν
2264 1358 2305 1395 Si
2335 1373 2425 1410 ergo

1311 1412 1463 1452 trahunt
1494 1412 1669 1452 homines
1698 1420 1895 1464 peccatum
1925 1424 1969 1449 ex
1989 1411 2137 1457 Adam,
2163 1411 2263 1462 quod
2292 1413 2426 1464 expia-

1305 1469 1340 1505 ri
1370 1480 1520 1505 necesse
1548 1475 1626 1510 est3
1656 1465 1690 1501 &
1710 1466 1740 1503 si
1771 1463 1923 1516 parvuli
1953 1463 2193 1515 baptizantur
2221 1465 2263 1502 in
2289 1466 2422 1503 remis-

1307 1521 1452 1557 sionem
1475 1519 1645 1565 eiusdem
1665 1518 1812 1570 peccati
1829 1548 1841 1565 ,
1869 1516 1903 1553 δε
1924 1530 2011 1556 vere
2028 1526 2295 1568 regenerantur
2310 1547 2321 1566 ,
2350 1530 2425 1556 non

1306 1574 1559 1622 imputatione
1587 1570 1734 1619 solum,
1761 1570 1825 1609 sed
1853 1584 1940 1608 vere
1968 1580 2051 1609 sunt
2080 1580 2315 1620 peccatores.
2345 1570 2426 1609 De-

1307 1639 1418 1662 mum
1448 1627 1477 1663 si
1507 1638 1583 1662 non
1614 1624 1725 1662 aliter
1754 1623 1928 1662 homines
1955 1624 2180 1662 contrahunt
2224 1632 2423 1675 peccatum

1306 1677 1491 1728 originale
1508 1709 1517 1719 ,
1548 1692 1664 1730 quam
1695 1691 1762 1728 per
1782 1680 2085 1726 imputationem
2102 1706 2112 1723 ,
2143 1688 2202 1713 eos
2218 1677 2423 1715 dicendum

1308 1733 1379 1768 erit
1407 1731 1457 1768 ab
1486 1731 1556 1768 bac
1587 1731 1806 1781 contagione
1847 1730 2004 1767 liberari
2036 1743 2102 1781 per
2132 1742 2212 1766 non
2248 1732 2424 1780 imputa-1

1308 1788 1456 1822 tionem
1477 1810 1488 1822 .
1532 1784 1572 1821 Id
1602 1797 1691 1820 vero
1728 1791 1838 1834 negat
1867 1783 2053 1820 Sanctum
2081 1782 2327 1828 Concilium,
2357 1795 2422 1821 eos

1308 1837 1546 1875 anathemate
1575 1837 1780 1881 damnans,
1810 1836 1878 1887 qui
1907 1836 2062 1882 dicunt,
2092 1849 2159 1886 per
2187 1835 2276 1872 Jesu
2306 1835 2418 1874 Chri-

1307 1892 1351 1928 sti
1375 1890 1533 1928 Domini
1561 1890 1679 1927 nostri
1709 1889 1870 1940 gratiam
1888 1918 1898 1935 ,
1927 1902 2014 1940 qua:
2033 1888 2070 1926 in
2091 1887 2316 1940 baptismate
2331 1902 2423 1927 con-

1307 1945 1451 1991 fertur,
1481 1952 1628 1982 reatum
1659 1943 1803 1994 peccati
1833 1941 2032 1993 originalis
2060 1950 2207 1980 tantum
2236 1954 2316 1979 non
2346 1945 2422 1979 im-

1305 2000 1466 2048 putari.
1494 1995 1542 2034 Et
1570 1996 1617 2033 de
1645 1994 1716 2033 hac
1745 1995 1926 2046 opinione
1943 2024 1953 2039 ,
1982 2007 2071 2047 quae
2090 2006 2166 2034 non
2195 1994 2334 2034 multos
2361 1995 2424 2035 in·-

1307 2052 1407 2091 venit
1435 2048 1723 2101 adstipulatores
1740 2077 1751 2096 ,
1781 2047 1867 2085 satis
1896 2045 1983 2097 (c).

1744 2153 1916 2193 CAPUT
1944 2154 1993 2192 ΙΙ.

1369 2261 1599 2315 Exponicur
1625 2262 1882 2301 verosimilior
1907 2265 2108 2300 sententia
2137 2261 2186 2301 de
2213 2265 2370 2314 peccati

1655 2316 1864 2368 originalis
1905 2325 2083 2354 natura.

1363 2421 1428 2462 65.
1444 2401 1652 2472 Explosis
1681 2420 1760 2459 illis
1787 2421 1834 2459 de
1864 2423 2012 2471 peccati
2052 2421 2249 2473 originalis
2289 2429 2425 2460 natura

1310 2475 1586 2528 opinionibus,
1629 2488 1718 2527 qnae
1748 2482 1814 2513 aut
1851 2473 2045 2514 haereticae
2087 2483 2201 2524 sunt,
2242 2483 2307 2514 aut
2348 2474 2422 2513 sal·

2290 2537 2370 2568 tem

1307 2639 1513 2685 purgatorio
1552 2638 1587 2672 in
1613 2637 1781 2682 Hispania
1818 2634 1912 2671 edito
1953 2637 1997 2670 ab
2022 2636 2106 2669 Ant.
2142 2634 2184 2667 de
2210 2633 2426 2675 Soto-major

1307 2687 1416 2720 verbo
1443 2686 1492 2718 ita
1515 2683 1681 2728 jubetur:
1711 2683 1871 2716 Delenda
1897 2685 2070 2715 sententia
2089 2702 2100 2720 ‚
2125 2693 2218 2724 (stiam.
2243 2691 2315 2712 cnm.
2344 2681 2422 2713 Alb.

1308 2731 1434 2775 Pighio
1458 2732 1584 2769 docet,
1611 2728 1774 2762 videlicet
1790 2750 1800 2767 ,
1833 2742 1897 2761 non
1925 2732 2040 2761 inesse
2066 2730 2183 2770 cuique
2211 2738 2302 2758 suum
2325 2738 2427 2770 pecu-

1309 2780 1399 2811 liare
1424 2778 1597 2819 originale
1620 2783 1792 2817 peccaram
1811 2796 1819 2804 .

1353 2828 1399 2861 (οἳ
1431 2821 1498 2863 Qui
1538 2822 1638 2866 plura
1676 2818 1881 2860 desiderat,
1922 2818 2022 2853 adeat
2055 2817 2160 2853 Card.
2197 2818 2427 2852 vincentium

1309 2868 1407 2902 Cotti
1436 2867 1537 2900 Tom.
1563 2867 1624 2900 Vl.
1653 2868 1688 2899 in
1716 2867 1739 2898 Ι.
1770 2866 1804 2898 Ρ.
1830 2877 1889 2909 qu.
1916 2867 1950 2900 8.
1975 2864 2058 2898 duh.
2087 2866 2120 2898 3.
2147 2865 2206 2897 nbi
2232 2864 2296 2899 hac
2321 2863 2362 2897 de
2388 2876 2426 2897 re

1311 2915 1445 2959 copiose
1473 2914 1544 2958 agit
1580 2921 1699 2946 contra
1726 2911 1917 2944 Scotistas.
1954 2910 2057 2957 Apud
2093 2909 2253 2944 eumdem
2290 2912 2366 2943 aliae
2390 2922 2427 2943 e-

1311 2962 1397 2994 tiam
1425 2961 1572 2993 aliorum
1601 2959 1858 3002 'Theologornm
1882 2955 1924 2989 de
1961 2966 2086 2991 natura
2111 2958 2246 3002 peccati
2272 2957 2428 3000 origina-

1314 3007 1357 3040 lis
1381 3007 1495 3039 minus
1521 3004 1640 3039 solidas
1655 3005 1833 3049 opiniones
1860 3005 2019 3037 rel'utatae
2047 3005 2291 3037 invenientur.
2317 3003 2428 3036 Nobis

1316 3059 1459 3098 praestat
1475 3051 1738 3085 Tliomistarum
1765 3051 1972 3083 sententiam
1996 3050 2151 3084 breviter
2168 3061 2337 3096 exponere
2352 3071 2363 3089 ,
2388 3059 2429 3082 ao

1316 3097 1545 3139 confirmare,
1569 3097 1658 3130 utin
1685 3096 1762 3129 aliis
1790 3096 1988 3130 utilioribus
2017 3097 2196 3130 immorari
2233 3097 2439 3142 possimus„

1320 3147 1482 3178 Ceterum
1507 3144 1612 3176 variae
1638 3141 1679 3176 de
1705 3143 1836 3187 peccati
1863 3143 2043 3186 originalis
2083 3152 2207 3176 natura
2237 3142 2429 3182 Theologu-

1320 3202 1399 3223 rum
1425 3189 1603 3234 opiniones
1630 3189 1695 3234 legi
1724 3197 1865 3233 possunt
1892 3190 1998 3222 etiam
2025 3188 2116 3233 apud
2143 3187 2286 3223 Cardin-
2313 3186 2426 3219 Paua—

1319 3237 1426 3269 vicini
1463 3239 1497 3270 in
1521 3234 1658 3272 Histor-
1685 3235 1839 3271 Concilii
1867 3233 2063 3272 Tridentini
2093 3236 2169 3272 Lib.
2191 3236 2266 3273 Vll.
2291 3241 2365 3275 cap·
2391 3229 2424 3264 8.

1320 3285 1352 3316 &
1378 3293 1449 3327 seq·
