<?xml version="1.0" encoding="UTF-8"?>
<!DOCTYPE html PUBLIC "-//W3C//DTD XHTML 1.0 Transitional//EN"
    "http://www.w3.org/TR/xhtml1/DTD/xhtml1-transitional.dtd">
<html xmlns="http://www.w3.org/1999/xhtml" xml:lang="en" lang="en">
 <head>
  <title>
</title>
<meta http-equiv="Content-Type" content="text/html;charset=utf-8" />
  <meta name='ocr-system' content='tesseract 3.04.00' />
  <meta name='ocr-capabilities' content='ocr_page ocr_carea ocr_par ocr_line ocrx_word'/>
</head>
<body>
  <div class='ocr_page' id='page_1' title='image "./fratrispetrimari04gazzuoft/fratrispetrimari04gazzuoft_0041.png"; bbox 0 0 2583 3685; ppageno 0'>
   <div class='ocr_carea' id='block_1_1' title="bbox 844 118 2262 173">
    <p class='ocr_par' dir='ltr' id='par_1_1' title="bbox 844 118 2262 173">
     <span class='ocr_line' id='line_1_1' title="bbox 844 118 2262 173; baseline -0.005 -7"><span class='ocrx_word' id='word_1_1' title='bbox 844 121 924 166; x_wconf 80' lang='lat' dir='ltr'>DE</span> <span class='ocrx_word' id='word_1_2' title='bbox 958 120 1189 168; x_wconf 77' lang='lat' dir='ltr'>ANGEL.</span> <span class='ocrx_word' id='word_1_3' title='bbox 1227 118 1480 165; x_wconf 77' lang='lat' dir='ltr'>cusTon.</span> <span class='ocrx_word' id='word_1_4' title='bbox 2217 133 2262 173; x_wconf 76' lang='lat'>3.</span> 
     </span>
    </p>
   </div>
   <div class='ocr_carea' id='block_1_2' title="bbox 20 199 1152 2700">
    <p class='ocr_par' dir='ltr' id='par_1_2' title="bbox 34 199 1146 415">
     <span class='ocr_line' id='line_1_2' title="bbox 35 199 1146 258; baseline -0.005 -11"><span class='ocrx_word' id='word_1_5' title='bbox 35 204 282 258; x_wconf 61' lang='lat' dir='ltr'>mala‚,quae</span> <span class='ocrx_word' id='word_1_6' title='bbox 311 199 534 240; x_wconf 82' lang='lat' dir='ltr'>hominibus</span> <span class='ocrx_word' id='word_1_7' title='bbox 563 200 765 250; x_wconf 82' lang='lat' dir='ltr'>accidunt,</span> <span class='ocrx_word' id='word_1_8' title='bbox 795 199 827 237; x_wconf 84' lang='lat'>&amp;</span> <span class='ocrx_word' id='word_1_9' title='bbox 857 216 945 254; x_wconf 80' lang='lat' dir='ltr'>qnoe</span> <span class='ocrx_word' id='word_1_10' title='bbox 976 204 1047 255; x_wconf 84' lang='lat' dir='ltr'>ipsi</span> <span class='ocrx_word' id='word_1_11' title='bbox 1078 217 1146 242; x_wconf 81' lang='lat' dir='ltr'>sna</span> 
     </span>
     <span class='ocr_line' id='line_1_3' title="bbox 34 254 1144 308; baseline -0.004 -9"><span class='ocrx_word' id='word_1_12' title='bbox 34 262 172 301; x_wconf 78' lang='lat' dir='ltr'>virtute</span> <span class='ocrx_word' id='word_1_13' title='bbox 197 255 387 308; x_wconf 85' lang='lat' dir='ltr'>impedire</span> <span class='ocrx_word' id='word_1_14' title='bbox 416 263 585 307; x_wconf 86' lang='lat' dir='ltr'>possent,</span> <span class='ocrx_word' id='word_1_15' title='bbox 615 254 720 306; x_wconf 83' lang='lat' dir='ltr'>juxta</span> <span class='ocrx_word' id='word_1_16' title='bbox 751 255 847 293; x_wconf 87' lang='lat' dir='ltr'>illud</span> <span class='ocrx_word' id='word_1_17' title='bbox 870 256 907 294; x_wconf 85' lang='lat'>3.</span> <span class='ocrx_word' id='word_1_18' title='bbox 939 256 1029 308; x_wconf 66' lang='lat' dir='ltr'>lieg.</span> <span class='ocrx_word' id='word_1_19' title='bbox 1051 257 1144 295; x_wconf 87' lang='lat' dir='ltr'>XX.</span> 
     </span>
     <span class='ocr_line' id='line_1_4' title="bbox 37 307 1144 368; baseline -0.001 -20"><span class='ocrx_word' id='word_1_20' title='bbox 37 314 103 368; x_wconf 81' lang='lat'>59.</span> <span class='ocrx_word' id='word_1_21' title='bbox 151 307 311 348; x_wconf 82' lang='lat' dir='ltr'><em>Custodi</em></span> <span class='ocrx_word' id='word_1_22' title='bbox 338 311 463 346; x_wconf 76' lang='lat' dir='ltr'>virum</span> <span class='ocrx_word' id='word_1_23' title='bbox 492 312 635 356; x_wconf 86' lang='lat' dir='ltr'>istum,</span> <span class='ocrx_word' id='word_1_24' title='bbox 676 312 740 359; x_wconf 80' lang='lat' dir='ltr'>qui</span> <span class='ocrx_word' id='word_1_25' title='bbox 768 313 801 346; x_wconf 86' lang='lat' dir='ltr'>si</span> <span class='ocrx_word' id='word_1_26' title='bbox 832 310 966 362; x_wconf 71' lang='lat' dir='ltr'>lapsus</span> <span class='ocrx_word' id='word_1_27' title='bbox 981 309 1144 362; x_wconf 75' lang='lat' dir='ltr'>suerit,</span> 
     </span>
     <span class='ocr_line' id='line_1_5' title="bbox 34 364 790 415; baseline 0 -14"><span class='ocrx_word' id='word_1_28' title='bbox 34 368 108 410; x_wconf 68' lang='lat' dir='ltr'>erit</span> <span class='ocrx_word' id='word_1_29' title='bbox 132 366 280 401; x_wconf 81' lang='lat' dir='ltr'>anima</span> <span class='ocrx_word' id='word_1_30' title='bbox 309 371 380 400; x_wconf 83' lang='lat' dir='ltr'>tua.</span> <span class='ocrx_word' id='word_1_31' title='bbox 407 375 477 413; x_wconf 84' lang='lat' dir='ltr'>pro</span> <span class='ocrx_word' id='word_1_32' title='bbox 504 365 649 400; x_wconf 81' lang='lat' dir='ltr'>anima</span> <span class='ocrx_word' id='word_1_33' title='bbox 676 364 790 415; x_wconf 76' lang='lat' dir='ltr'>ejus.</span> 
     </span>
    </p>

    <p class='ocr_par' dir='ltr' id='par_1_3' title="bbox 29 414 1144 843">
     <span class='ocr_line' id='line_1_6' title="bbox 59 414 1144 468; baseline -0.004 -12"><span class='ocrx_word' id='word_1_34' title='bbox 59 416 179 463; x_wconf 63' lang='lat'><strong>„24¹0</strong></span> <span class='ocrx_word' id='word_1_35' title='bbox 210 415 321 468; x_wconf 86' lang='lat' dir='ltr'>Resp.</span> <span class='ocrx_word' id='word_1_36' title='bbox 351 415 392 454; x_wconf 90' lang='lat' dir='ltr'>S.</span> <span class='ocrx_word' id='word_1_37' title='bbox 409 414 579 454; x_wconf 77' lang='lat' dir='ltr'>Thomas</span> <span class='ocrx_word' id='word_1_38' title='bbox 595 415 657 453; x_wconf 81' lang='lat' dir='ltr'>hic</span> <span class='ocrx_word' id='word_1_39' title='bbox 677 426 746 453; x_wconf 78' lang='lat' dir='ltr'>art.</span> <span class='ocrx_word' id='word_1_40' title='bbox 769 430 801 454; x_wconf 83' lang='lat'>1.</span> <span class='ocrx_word' id='word_1_41' title='bbox 819 416 864 454; x_wconf 80' lang='lat' dir='ltr'>ad</span> <span class='ocrx_word' id='word_1_42' title='bbox 883 414 945 455; x_wconf 69' lang='lat'>30:</span> <span class='ocrx_word' id='word_1_43' title='bbox 975 445 1002 464; x_wconf 93' lang='lat'><strong>„</strong></span> <span class='ocrx_word' id='word_1_44' title='bbox 1031 415 1144 462; x_wconf 84' lang='lat' dir='ltr'>Quod</span> 
     </span>
     <span class='ocr_line' id='line_1_7' title="bbox 32 468 1142 522; baseline -0.004 -13"><span class='ocrx_word' id='word_1_45' title='bbox 32 501 60 522; x_wconf 89' lang='lat'>„</span> <span class='ocrx_word' id='word_1_46' title='bbox 87 473 184 509; x_wconf 84' lang='lat' dir='ltr'>sicut</span> <span class='ocrx_word' id='word_1_47' title='bbox 214 468 387 508; x_wconf 88' lang='lat' dir='ltr'>homines</span> <span class='ocrx_word' id='word_1_48' title='bbox 415 483 437 506; x_wconf 87' lang='lat' dir='ltr'>a</span> <span class='ocrx_word' id='word_1_49' title='bbox 477 469 644 507; x_wconf 76' lang='lat' dir='ltr'>naturali</span> <span class='ocrx_word' id='word_1_50' title='bbox 682 471 862 508; x_wconf 83' lang='lat' dir='ltr'>instinctu</span> <span class='ocrx_word' id='word_1_51' title='bbox 900 468 990 507; x_wconf 91' lang='lat' dir='ltr'>boni</span> <span class='ocrx_word' id='word_1_52' title='bbox 1021 470 1142 506; x_wconf 86' lang='lat' dir='ltr'>disce-</span> 
     </span>
     <span class='ocr_line' id='line_1_8' title="bbox 33 522 1143 576; baseline -0.003 -14"><span class='ocrx_word' id='word_1_53' title='bbox 33 555 62 575; x_wconf 85' lang='lat'>„</span> <span class='ocrx_word' id='word_1_54' title='bbox 88 523 184 563; x_wconf 87' lang='lat' dir='ltr'>dunt</span> <span class='ocrx_word' id='word_1_55' title='bbox 213 531 366 576; x_wconf 86' lang='lat' dir='ltr'>propter</span> <span class='ocrx_word' id='word_1_56' title='bbox 408 524 620 575; x_wconf 77' lang='lat' dir='ltr'><strong>passionem</strong></span> <span class='ocrx_word' id='word_1_57' title='bbox 679 526 793 562; x_wconf 80' lang='lat' dir='ltr'>eccati</span> <span class='ocrx_word' id='word_1_58' title='bbox 811 552 822 571; x_wconf 91' lang='lat'>,</span> <span class='ocrx_word' id='word_1_59' title='bbox 859 522 913 559; x_wconf 75' lang='lat' dir='ltr'>ita</span> <span class='ocrx_word' id='word_1_60' title='bbox 941 523 1056 559; x_wconf 77' lang='lat' dir='ltr'>etiam</span> <span class='ocrx_word' id='word_1_61' title='bbox 1083 522 1143 559; x_wconf 88' lang='lat' dir='ltr'>di-</span> 
     </span>
     <span class='ocr_line' id='line_1_9' title="bbox 33 538 1142 629; baseline -0.005 -13"><span class='ocrx_word' id='word_1_62' title='bbox 33 608 60 628; x_wconf 91' lang='lat'>,‚</span> <span class='ocrx_word' id='word_1_63' title='bbox 82 577 244 616; x_wconf 55' lang='lat' dir='ltr'>*scedunt</span> <span class='ocrx_word' id='word_1_64' title='bbox 285 576 335 614; x_wconf 85' lang='lat' dir='ltr'>ab</span> <span class='ocrx_word' id='word_1_65' title='bbox 374 575 615 629; x_wconf 71' lang='lat' dir='ltr'>instigatione</span> <span class='ocrx_word' id='word_1_66' title='bbox 652 538 841 615; x_wconf 48' lang='lat' dir='ltr'>geniorum</span> <span class='ocrx_word' id='word_1_67' title='bbox 879 575 1142 626; x_wconf 79' lang='lat' dir='ltr'><strong>Angelorum,</strong></span> 
     </span>
     <span class='ocr_line' id='line_1_10' title="bbox 30 627 1144 720; baseline -0.003 -52"><span class='ocrx_word' id='word_1_68' title='bbox 30 662 59 682; x_wconf 86' lang='lat'>„</span> <span class='ocrx_word' id='word_1_69' title='bbox 88 644 175 684; x_wconf 82' lang='lat' dir='ltr'>quae</span> <span class='ocrx_word' id='word_1_70' title='bbox 205 630 246 668; x_wconf 84' lang='lat' dir='ltr'>fit</span> <span class='ocrx_word' id='word_1_71' title='bbox 275 629 521 669; x_wconf 78' lang='lat' dir='ltr'>invisibiliter</span> <span class='ocrx_word' id='word_1_72' title='bbox 551 644 618 682; x_wconf 90' lang='lat' dir='ltr'>per</span> <span class='ocrx_word' id='word_1_73' title='bbox 647 629 867 720; x_wconf 67' lang='lat' dir='ltr'>hoc‚[quod</span> <span class='ocrx_word' id='word_1_74' title='bbox 895 627 1068 666; x_wconf 83' lang='lat' dir='ltr'>homines</span> <span class='ocrx_word' id='word_1_75' title='bbox 1098 627 1144 666; x_wconf 91' lang='lat' dir='ltr'>il·</span> 
     </span>
     <span class='ocr_line' id='line_1_11' title="bbox 29 681 1144 736; baseline -0.004 -13"><span class='ocrx_word' id='word_1_76' title='bbox 29 715 60 736; x_wconf 84' lang='lat'><strong>„</strong></span> <span class='ocrx_word' id='word_1_77' title='bbox 88 684 282 723; x_wconf 87' lang='lat' dir='ltr'>luminant</span> <span class='ocrx_word' id='word_1_78' title='bbox 307 683 358 722; x_wconf 84' lang='lat' dir='ltr'>ad</span> <span class='ocrx_word' id='word_1_79' title='bbox 384 682 481 722; x_wconf 84' lang='lat' dir='ltr'>bene</span> <span class='ocrx_word' id='word_1_80' title='bbox 509 683 722 736; x_wconf 82' lang='lat' dir='ltr'>agendum.</span> <span class='ocrx_word' id='word_1_81' title='bbox 791 681 862 719; x_wconf 87' lang='lat' dir='ltr'>nde</span> <span class='ocrx_word' id='word_1_82' title='bbox 889 682 990 733; x_wconf 89' lang='lat' dir='ltr'>quod</span> <span class='ocrx_word' id='word_1_83' title='bbox 1020 681 1144 719; x_wconf 79' lang='lat' dir='ltr'>homi-</span> 
     </span>
     <span class='ocr_line' id='line_1_12' title="bbox 30 735 1142 789; baseline -0.004 -13"><span class='ocrx_word' id='word_1_84' title='bbox 30 768 59 788; x_wconf 88' lang='lat'>„</span> <span class='ocrx_word' id='word_1_85' title='bbox 89 752 152 777; x_wconf 87' lang='lat' dir='ltr'>nes</span> <span class='ocrx_word' id='word_1_86' title='bbox 182 745 364 789; x_wconf 72' lang='lat' dir='ltr'>pereant,</span> <span class='ocrx_word' id='word_1_87' title='bbox 407 749 484 776; x_wconf 86' lang='lat' dir='ltr'>uon</span> <span class='ocrx_word' id='word_1_88' title='bbox 511 745 564 774; x_wconf 81' lang='lat' dir='ltr'>est</span> <span class='ocrx_word' id='word_1_89' title='bbox 592 735 861 788; x_wconf 82' lang='lat' dir='ltr'>imputandum</span> <span class='ocrx_word' id='word_1_90' title='bbox 902 735 1142 787; x_wconf 70' lang='lat' dir='ltr'>negligentias</span> 
     </span>
     <span class='ocr_line' id='line_1_13' title="bbox 35 789 953 843; baseline -0.002 -14"><span class='ocrx_word' id='word_1_91' title='bbox 35 822 62 842; x_wconf 90' lang='lat'><strong>„</strong></span> <span class='ocrx_word' id='word_1_92' title='bbox 93 791 325 843; x_wconf 81' lang='lat' dir='ltr'>Angelorum</span> <span class='ocrx_word' id='word_1_93' title='bbox 343 819 354 838; x_wconf 93' lang='lat'>,</span> <span class='ocrx_word' id='word_1_94' title='bbox 384 790 446 828; x_wconf 87' lang='lat' dir='ltr'>sed</span> <span class='ocrx_word' id='word_1_95' title='bbox 477 789 636 828; x_wconf 81' lang='lat' dir='ltr'>malitiae</span> <span class='ocrx_word' id='word_1_96' title='bbox 666 789 868 827; x_wconf 86' lang='lat' dir='ltr'>hominum</span> <span class='ocrx_word' id='word_1_97' title='bbox 898 791 953 827; x_wconf 74' lang='lat'>“0</span> 
     </span>
    </p>

    <p class='ocr_par' dir='ltr' id='par_1_4' title="bbox 22 840 1145 1376">
     <span class='ocr_line' id='line_1_14' title="bbox 85 840 1143 894; baseline -0.005 -11"><span class='ocrx_word' id='word_1_98' title='bbox 85 845 178 891; x_wconf 72' lang='lat'>242.</span> <span class='ocrx_word' id='word_1_99' title='bbox 206 842 300 894; x_wconf 85' lang='lat' dir='ltr'><strong>Obj.</strong></span> <span class='ocrx_word' id='word_1_100' title='bbox 328 843 492 882; x_wconf 79' lang='lat' dir='ltr'>secundo</span> <span class='ocrx_word' id='word_1_101' title='bbox 511 870 523 882; x_wconf 84' lang='grc'><strong>.</strong></span> <span class='ocrx_word' id='word_1_102' title='bbox 567 844 666 881; x_wconf 78' lang='lat' dir='ltr'>flaee</span> <span class='ocrx_word' id='word_1_103' title='bbox 696 840 930 894; x_wconf 81' lang='lat' dir='ltr'>Angelorum</span> <span class='ocrx_word' id='word_1_104' title='bbox 973 840 1143 880; x_wconf 82' lang='lat' dir='ltr'>custodia</span> 
     </span>
     <span class='ocr_line' id='line_1_15' title="bbox 32 895 1144 950; baseline -0.004 -14"><span class='ocrx_word' id='word_1_105' title='bbox 32 909 318 950; x_wconf 74' lang='lat' dir='ltr'>supervacanea</span> <span class='ocrx_word' id='word_1_106' title='bbox 343 905 422 934; x_wconf 83' lang='lat' dir='ltr'>est:</span> <span class='ocrx_word' id='word_1_107' title='bbox 446 910 542 934; x_wconf 66' lang='lat' dir='ltr'>&gt;nam</span> <span class='ocrx_word' id='word_1_108' title='bbox 573 898 700 949; x_wconf 80' lang='lat' dir='ltr'>primo</span> <span class='ocrx_word' id='word_1_109' title='bbox 729 895 834 933; x_wconf 88' lang='lat' dir='ltr'>Deus</span> <span class='ocrx_word' id='word_1_110' title='bbox 862 908 929 932; x_wconf 84' lang='lat' dir='ltr'>nos</span> <span class='ocrx_word' id='word_1_111' title='bbox 957 895 1144 940; x_wconf 85' lang='lat' dir='ltr'>custodit;</span> 
     </span>
     <span class='ocr_line' id='line_1_16' title="bbox 28 947 1143 997; baseline -0.004 -8"><span class='ocrx_word' id='word_1_112' title='bbox 28 951 130 989; x_wconf 86' lang='lat' dir='ltr'>unde</span> <span class='ocrx_word' id='word_1_113' title='bbox 156 950 298 989; x_wconf 82' lang='lat' dir='ltr'>dicitur</span> <span class='ocrx_word' id='word_1_114' title='bbox 324 947 384 988; x_wconf 81' lang='lat' dir='ltr'>Ps.</span> <span class='ocrx_word' id='word_1_115' title='bbox 406 948 538 988; x_wconf 87' lang='lat' dir='ltr'>CXX.</span> <span class='ocrx_word' id='word_1_116' title='bbox 587 948 682 988; x_wconf 89' lang='lat' dir='ltr'>Non</span> <span class='ocrx_word' id='word_1_117' title='bbox 719 947 975 997; x_wconf 79' lang='lat' dir='ltr'>dormitabit,</span> <span class='ocrx_word' id='word_1_118' title='bbox 1017 961 1143 997; x_wconf 82' lang='lat' dir='ltr'>neque</span> 
     </span>
     <span class='ocr_line' id='line_1_17' title="bbox 28 1001 1143 1055; baseline -0.004 -12"><span class='ocrx_word' id='word_1_119' title='bbox 28 1004 222 1052; x_wconf 80' lang='lat' dir='ltr'>dormiet,</span> <span class='ocrx_word' id='word_1_120' title='bbox 258 1005 323 1055; x_wconf 83' lang='lat' dir='ltr'>qui</span> <span class='ocrx_word' id='word_1_121' title='bbox 351 1002 517 1041; x_wconf 80' lang='lat' dir='ltr'>custodit</span> <span class='ocrx_word' id='word_1_122' title='bbox 547 1001 673 1042; x_wconf 82' lang='lat' dir='ltr'>Israel</span> <span class='ocrx_word' id='word_1_123' title='bbox 690 1029 701 1041; x_wconf 89' lang='lat'><strong>.</strong></span> <span class='ocrx_word' id='word_1_124' title='bbox 746 1002 938 1040; x_wconf 72' lang='lat' dir='ltr'>-Praeterea</span> <span class='ocrx_word' id='word_1_125' title='bbox 961 1014 1043 1040; x_wconf 83' lang='lat' dir='ltr'>non</span> <span class='ocrx_word' id='word_1_126' title='bbox 1072 1001 1143 1039; x_wconf 88' lang='lat' dir='ltr'>ob-</span> 
     </span>
     <span class='ocr_line' id='line_1_18' title="bbox 26 1055 1143 1109; baseline -0.004 -13"><span class='ocrx_word' id='word_1_127' title='bbox 26 1066 145 1097; x_wconf 82' lang='lat' dir='ltr'>stante</span> <span class='ocrx_word' id='word_1_128' title='bbox 167 1055 245 1095; x_wconf 73' lang='lat' dir='ltr'>liae</span> <span class='ocrx_word' id='word_1_129' title='bbox 273 1055 509 1109; x_wconf 80' lang='lat' dir='ltr'>Angelorum</span> <span class='ocrx_word' id='word_1_130' title='bbox 537 1057 707 1095; x_wconf 86' lang='lat' dir='ltr'>custodia</span> <span class='ocrx_word' id='word_1_131' title='bbox 725 1086 735 1103; x_wconf 90' lang='lat'>‚</span> <span class='ocrx_word' id='word_1_132' title='bbox 766 1055 936 1094; x_wconf 82' lang='lat' dir='ltr'>homines</span> <span class='ocrx_word' id='word_1_133' title='bbox 966 1056 1143 1093; x_wconf 89' lang='lat' dir='ltr'>innume-</span> 
     </span>
     <span class='ocr_line' id='line_1_19' title="bbox 22 1108 1144 1163; baseline -0.004 -13"><span class='ocrx_word' id='word_1_134' title='bbox 22 1112 79 1150; x_wconf 74' lang='lat' dir='ltr'>ris</span> <span class='ocrx_word' id='word_1_135' title='bbox 107 1117 332 1163; x_wconf 85' lang='lat' dir='ltr'>premuntur</span> <span class='ocrx_word' id='word_1_136' title='bbox 357 1108 472 1148; x_wconf 87' lang='lat' dir='ltr'>malis</span> <span class='ocrx_word' id='word_1_137' title='bbox 489 1135 500 1148; x_wconf 88' lang='grc'><strong>.</strong></span> <span class='ocrx_word' id='word_1_138' title='bbox 529 1109 699 1150; x_wconf 89' lang='lat' dir='ltr'>Demum</span> <span class='ocrx_word' id='word_1_139' title='bbox 731 1109 865 1161; x_wconf 86' lang='lat' dir='ltr'>Angeli</span> <span class='ocrx_word' id='word_1_140' title='bbox 894 1110 1056 1147; x_wconf 86' lang='lat' dir='ltr'>internos</span> <span class='ocrx_word' id='word_1_141' title='bbox 1076 1120 1144 1146; x_wconf 89' lang='lat' dir='ltr'>no-</span> 
     </span>
     <span class='ocr_line' id='line_1_20' title="bbox 26 1163 1144 1217; baseline -0.004 -14"><span class='ocrx_word' id='word_1_142' title='bbox 26 1174 190 1203; x_wconf 79' lang='lat' dir='ltr'>strorum</span> <span class='ocrx_word' id='word_1_143' title='bbox 220 1163 393 1202; x_wconf 88' lang='lat' dir='ltr'>cordium</span> <span class='ocrx_word' id='word_1_144' title='bbox 420 1172 549 1209; x_wconf 64' lang='lat' dir='ltr'>&gt;motus</span> <span class='ocrx_word' id='word_1_145' title='bbox 575 1176 652 1202; x_wconf 87' lang='lat' dir='ltr'>non</span> <span class='ocrx_word' id='word_1_146' title='bbox 682 1171 932 1215; x_wconf 78' lang='lat' dir='ltr'>cognoscunt,</span> <span class='ocrx_word' id='word_1_147' title='bbox 964 1170 1004 1217; x_wconf 78' lang='lat' dir='ltr'>ut</span> <span class='ocrx_word' id='word_1_148' title='bbox 1028 1175 1144 1213; x_wconf 82' lang='lat' dir='ltr'>supe-</span> 
     </span>
     <span class='ocr_line' id='line_1_21' title="bbox 29 1215 1144 1269; baseline -0.002 -13"><span class='ocrx_word' id='word_1_149' title='bbox 29 1218 111 1257; x_wconf 82' lang='lat' dir='ltr'>rius</span> <span class='ocrx_word' id='word_1_150' title='bbox 137 1230 174 1255; x_wconf 83' lang='lat' dir='ltr'>c.</span> <span class='ocrx_word' id='word_1_151' title='bbox 204 1215 272 1255; x_wconf 88' lang='lat' dir='ltr'>lX.</span> <span class='ocrx_word' id='word_1_152' title='bbox 303 1216 505 1269; x_wconf 85' lang='lat' dir='ltr'>probatum</span> <span class='ocrx_word' id='word_1_153' title='bbox 534 1226 610 1254; x_wconf 85' lang='lat' dir='ltr'>est:</span> <span class='ocrx_word' id='word_1_154' title='bbox 639 1230 714 1255; x_wconf 89' lang='lat' dir='ltr'>non</span> <span class='ocrx_word' id='word_1_155' title='bbox 743 1229 830 1266; x_wconf 78' lang='lat' dir='ltr'>ergo</span> <span class='ocrx_word' id='word_1_156' title='bbox 859 1217 899 1253; x_wconf 90' lang='lat' dir='ltr'>in</span> <span class='ocrx_word' id='word_1_157' title='bbox 930 1215 1144 1265; x_wconf 75' lang='lat' dir='ltr'>majoribus</span> 
     </span>
     <span class='ocr_line' id='line_1_22' title="bbox 27 1267 1145 1321; baseline -0.004 -12"><span class='ocrx_word' id='word_1_158' title='bbox 27 1272 161 1310; x_wconf 81' lang='lat' dir='ltr'>nostris</span> <span class='ocrx_word' id='word_1_159' title='bbox 189 1268 492 1316; x_wconf 75' lang='lat' dir='ltr'>afflictionibus,</span> <span class='ocrx_word' id='word_1_160' title='bbox 522 1268 555 1305; x_wconf 75' lang='grc' dir='ltr'><strong>ἃ</strong></span> <span class='ocrx_word' id='word_1_161' title='bbox 583 1270 898 1316; x_wconf 62' lang='lat' dir='ltr'>necessitatibus,</span> <span class='ocrx_word' id='word_1_162' title='bbox 945 1281 1033 1320; x_wconf 81' lang='lat' dir='ltr'>quae</span> <span class='ocrx_word' id='word_1_163' title='bbox 1064 1267 1145 1321; x_wconf 86' lang='lat' dir='ltr'>ple·</span> 
     </span>
     <span class='ocr_line' id='line_1_23' title="bbox 26 1321 1144 1376; baseline -0.004 -13"><span class='ocrx_word' id='word_1_164' title='bbox 26 1335 193 1376; x_wconf 81' lang='lat' dir='ltr'>rumque</span> <span class='ocrx_word' id='word_1_165' title='bbox 220 1324 382 1360; x_wconf 79' lang='lat' dir='ltr'>internae</span> <span class='ocrx_word' id='word_1_166' title='bbox 404 1330 524 1370; x_wconf 79' lang='lat' dir='ltr'>sunt,</span> <span class='ocrx_word' id='word_1_167' title='bbox 554 1321 666 1360; x_wconf 86' lang='lat' dir='ltr'>nobis</span> <span class='ocrx_word' id='word_1_168' title='bbox 695 1330 830 1374; x_wconf 81' lang='lat' dir='ltr'>praesto</span> <span class='ocrx_word' id='word_1_169' title='bbox 860 1335 935 1359; x_wconf 84' lang='lat' dir='ltr'>esse</span> <span class='ocrx_word' id='word_1_170' title='bbox 965 1331 1117 1373; x_wconf 81' lang='lat' dir='ltr'>possunt</span> <span class='ocrx_word' id='word_1_171' title='bbox 1134 1347 1144 1358; x_wconf 89' lang='lat'><strong>.</strong></span> 
     </span>
    </p>

    <p class='ocr_par' dir='ltr' id='par_1_5' title="bbox 20 1373 1149 2012">
     <span class='ocr_line' id='line_1_24' title="bbox 76 1373 1146 1430; baseline -0.001 -18"><span class='ocrx_word' id='word_1_172' title='bbox 76 1377 178 1421; x_wconf 71' lang='lat'>245.</span> <span class='ocrx_word' id='word_1_173' title='bbox 207 1374 319 1427; x_wconf 84' lang='lat' dir='ltr'>Resp.</span> <span class='ocrx_word' id='word_1_174' title='bbox 350 1375 488 1430; x_wconf 83' lang='lat' dir='ltr'>primae</span> <span class='ocrx_word' id='word_1_175' title='bbox 515 1373 730 1412; x_wconf 79' lang='lat' dir='ltr'>difficultati</span> <span class='ocrx_word' id='word_1_176' title='bbox 748 1405 761 1423; x_wconf 91' lang='lat'>,</span> <span class='ocrx_word' id='word_1_177' title='bbox 799 1374 929 1413; x_wconf 82' lang='lat' dir='ltr'>Deum</span> <span class='ocrx_word' id='word_1_178' title='bbox 960 1374 1146 1412; x_wconf 85' lang='lat' dir='ltr'>custodire</span> 
     </span>
     <span class='ocr_line' id='line_1_25' title="bbox 27 1426 1147 1478; baseline -0.003 -10"><span class='ocrx_word' id='word_1_179' title='bbox 27 1428 226 1475; x_wconf 70' lang='lat' dir='ltr'>homines,</span> <span class='ocrx_word' id='word_1_180' title='bbox 249 1428 453 1478; x_wconf 84' lang='lat' dir='ltr'>praecipue</span> <span class='ocrx_word' id='word_1_181' title='bbox 481 1435 608 1464; x_wconf 85' lang='lat' dir='ltr'>autem</span> <span class='ocrx_word' id='word_1_182' title='bbox 638 1426 773 1464; x_wconf 86' lang='lat' dir='ltr'>electos</span> <span class='ocrx_word' id='word_1_183' title='bbox 802 1437 882 1464; x_wconf 90' lang='lat' dir='ltr'>tum</span> <span class='ocrx_word' id='word_1_184' title='bbox 913 1426 1147 1465; x_wconf 79' lang='lat' dir='ltr'>immediate</span> 
     </span>
     <span class='ocr_line' id='line_1_26' title="bbox 30 1478 1147 1532; baseline -0.003 -13"><span class='ocrx_word' id='word_1_185' title='bbox 30 1495 99 1519; x_wconf 82' lang='lat' dir='ltr'>sua</span> <span class='ocrx_word' id='word_1_186' title='bbox 126 1481 272 1532; x_wconf 82' lang='lat' dir='ltr'>gratia,</span> <span class='ocrx_word' id='word_1_187' title='bbox 300 1492 376 1530; x_wconf 83' lang='lat' dir='ltr'>qua</span> <span class='ocrx_word' id='word_1_188' title='bbox 405 1490 465 1516; x_wconf 90' lang='lat' dir='ltr'>eos</span> <span class='ocrx_word' id='word_1_189' title='bbox 494 1478 718 1526; x_wconf 82' lang='lat' dir='ltr'>illuminat,</span> <span class='ocrx_word' id='word_1_190' title='bbox 749 1479 782 1514; x_wconf 75' lang='grc' dir='ltr'>ἃ</span> <span class='ocrx_word' id='word_1_191' title='bbox 812 1488 963 1526; x_wconf 89' lang='lat' dir='ltr'>movet,</span> <span class='ocrx_word' id='word_1_192' title='bbox 993 1488 1072 1515; x_wconf 89' lang='lat' dir='ltr'>tum</span> <span class='ocrx_word' id='word_1_193' title='bbox 1094 1488 1147 1516; x_wconf 91' lang='lat' dir='ltr'>et-</span> 
     </span>
     <span class='ocr_line' id='line_1_27' title="bbox 26 1530 1146 1584; baseline -0.005 -11"><span class='ocrx_word' id='word_1_194' title='bbox 26 1535 106 1573; x_wconf 84' lang='lat' dir='ltr'>iam</span> <span class='ocrx_word' id='word_1_195' title='bbox 137 1530 311 1570; x_wconf 79' lang='lat' dir='ltr'>mediate</span> <span class='ocrx_word' id='word_1_196' title='bbox 339 1544 408 1583; x_wconf 89' lang='lat' dir='ltr'>per</span> <span class='ocrx_word' id='word_1_197' title='bbox 436 1530 627 1584; x_wconf 80' lang='lat' dir='ltr'>Angelos,</span> <span class='ocrx_word' id='word_1_198' title='bbox 676 1544 772 1583; x_wconf 88' lang='lat' dir='ltr'>quos</span> <span class='ocrx_word' id='word_1_199' title='bbox 801 1543 957 1569; x_wconf 89' lang='lat' dir='ltr'>suorum</span> <span class='ocrx_word' id='word_1_200' title='bbox 1000 1530 1146 1568; x_wconf 81' lang='lat' dir='ltr'>benefi-</span> 
     </span>
     <span class='ocr_line' id='line_1_28' title="bbox 27 1583 1147 1626; baseline -0.005 0"><span class='ocrx_word' id='word_1_201' title='bbox 27 1589 178 1626; x_wconf 83' lang='lat' dir='ltr'>ciorum</span> <span class='ocrx_word' id='word_1_202' title='bbox 207 1585 396 1624; x_wconf 80' lang='lat' dir='ltr'>ministros</span> <span class='ocrx_word' id='word_1_203' title='bbox 411 1597 488 1623; x_wconf 88' lang='lat' dir='ltr'>esse</span> <span class='ocrx_word' id='word_1_204' title='bbox 508 1585 654 1623; x_wconf 83' lang='lat' dir='ltr'>voluit.</span> <span class='ocrx_word' id='word_1_205' title='bbox 684 1585 791 1622; x_wconf 85' lang='lat' dir='ltr'>Sicut</span> <span class='ocrx_word' id='word_1_206' title='bbox 806 1583 1147 1622; x_wconf 80' lang='lat' dir='ltr'>Ecclesiamsuam</span> 
     </span>
     <span class='ocr_line' id='line_1_29' title="bbox 28 1637 1147 1693; baseline -0.004 -14"><span class='ocrx_word' id='word_1_207' title='bbox 28 1641 151 1692; x_wconf 83' lang='lat' dir='ltr'>regit,</span> <span class='ocrx_word' id='word_1_208' title='bbox 198 1647 279 1677; x_wconf 89' lang='lat' dir='ltr'>tum</span> <span class='ocrx_word' id='word_1_209' title='bbox 309 1637 543 1677; x_wconf 84' lang='lat' dir='ltr'>immediate</span> <span class='ocrx_word' id='word_1_210' title='bbox 571 1637 737 1691; x_wconf 80' lang='lat' dir='ltr'>Spiritus</span> <span class='ocrx_word' id='word_1_211' title='bbox 765 1638 882 1676; x_wconf 82' lang='lat' dir='ltr'>sancti</span> <span class='ocrx_word' id='word_1_212' title='bbox 912 1637 1147 1693; x_wconf 34' lang='lat' dir='ltr'>assis-tentia3</span> 
     </span>
     <span class='ocr_line' id='line_1_30' title="bbox 25 1689 1147 1745; baseline -0.004 -13"><span class='ocrx_word' id='word_1_213' title='bbox 25 1701 113 1732; x_wconf 80' lang='lat' dir='ltr'>tuin</span> <span class='ocrx_word' id='word_1_214' title='bbox 141 1691 317 1730; x_wconf 75' lang='lat' dir='ltr'>mediate</span> <span class='ocrx_word' id='word_1_215' title='bbox 345 1705 414 1744; x_wconf 89' lang='lat' dir='ltr'>per</span> <span class='ocrx_word' id='word_1_216' title='bbox 440 1689 608 1731; x_wconf 79' lang='lat' dir='ltr'>Pastores</span> <span class='ocrx_word' id='word_1_217' title='bbox 630 1722 641 1740; x_wconf 91' lang='lat'>,</span> <span class='ocrx_word' id='word_1_218' title='bbox 687 1703 782 1745; x_wconf 85' lang='lat' dir='ltr'>quos</span> <span class='ocrx_word' id='word_1_219' title='bbox 811 1693 933 1743; x_wconf 84' lang='lat' dir='ltr'>posuit</span> <span class='ocrx_word' id='word_1_220' title='bbox 975 1689 1147 1740; x_wconf 63' lang='lat' dir='ltr'>ejusdem</span> 
     </span>
     <span class='ocr_line' id='line_1_31' title="bbox 26 1743 1149 1797; baseline -0.004 -11"><span class='ocrx_word' id='word_1_221' title='bbox 26 1746 211 1787; x_wconf 75' lang='lat' dir='ltr'>Ecclesiae</span> <span class='ocrx_word' id='word_1_222' title='bbox 238 1758 321 1784; x_wconf 80' lang='lat' dir='ltr'>suae</span> <span class='ocrx_word' id='word_1_223' title='bbox 350 1753 566 1794; x_wconf 70' lang='lat' dir='ltr'>curatores,</span> <span class='ocrx_word' id='word_1_224' title='bbox 596 1744 631 1782; x_wconf 84' lang='lat'>&amp;</span> <span class='ocrx_word' id='word_1_225' title='bbox 661 1745 840 1797; x_wconf 74' lang='lat' dir='ltr'>praesides</span> <span class='ocrx_word' id='word_1_226' title='bbox 870 1744 934 1796; x_wconf 83' lang='lat' dir='ltr'>(a)</span> <span class='ocrx_word' id='word_1_227' title='bbox 952 1770 962 1782; x_wconf 90' lang='lat'><strong><em>.</em></strong></span> <span class='ocrx_word' id='word_1_228' title='bbox 994 1743 1088 1781; x_wconf 87' lang='lat' dir='ltr'>Rem</span> <span class='ocrx_word' id='word_1_229' title='bbox 1118 1745 1149 1781; x_wconf 91' lang='lat' dir='ltr'>i-</span> 
     </span>
     <span class='ocr_line' id='line_1_32' title="bbox 22 1798 1149 1852; baseline -0.004 -14"><span class='ocrx_word' id='word_1_230' title='bbox 22 1809 67 1838; x_wconf 78' lang='lat' dir='ltr'>·ta</span> <span class='ocrx_word' id='word_1_231' title='bbox 95 1813 171 1839; x_wconf 86' lang='lat' dir='ltr'>esse</span> <span class='ocrx_word' id='word_1_232' title='bbox 197 1799 410 1852; x_wconf 84' lang='lat' dir='ltr'>perspicuis</span> <span class='ocrx_word' id='word_1_233' title='bbox 429 1812 624 1838; x_wconf 79' lang='lat' dir='ltr'>sacrarum</span> <span class='ocrx_word' id='word_1_234' title='bbox 647 1798 857 1837; x_wconf 82' lang='lat' dir='ltr'>litterarum</span> <span class='ocrx_word' id='word_1_235' title='bbox 875 1829 885 1846; x_wconf 93' lang='lat'>,</span> <span class='ocrx_word' id='word_1_236' title='bbox 915 1807 1149 1836; x_wconf 76' lang='lat' dir='ltr'>sanctornm-</span> 
     </span>
     <span class='ocr_line' id='line_1_33' title="bbox 20 1851 1149 1906; baseline -0.002 -15"><span class='ocrx_word' id='word_1_237' title='bbox 20 1866 104 1906; x_wconf 77' lang='lat' dir='ltr'>que</span> <span class='ocrx_word' id='word_1_238' title='bbox 132 1852 287 1891; x_wconf 84' lang='lat' dir='ltr'>Patrum</span> <span class='ocrx_word' id='word_1_239' title='bbox 315 1853 540 1891; x_wconf 78' lang='lat' dir='ltr'>testimoniis</span> <span class='ocrx_word' id='word_1_240' title='bbox 569 1853 796 1891; x_wconf 84' lang='lat' dir='ltr'>edocemur.</span> <span class='ocrx_word' id='word_1_241' title='bbox 826 1851 906 1890; x_wconf 86' lang='lat' dir='ltr'>Nec</span> <span class='ocrx_word' id='word_1_242' title='bbox 935 1852 1068 1889; x_wconf 86' lang='lat' dir='ltr'>desunt</span> <span class='ocrx_word' id='word_1_243' title='bbox 1097 1860 1149 1889; x_wconf 87' lang='lat' dir='ltr'>et-</span> 
     </span>
     <span class='ocr_line' id='line_1_34' title="bbox 29 1904 1148 1958; baseline -0.003 -13"><span class='ocrx_word' id='word_1_244' title='bbox 29 1908 109 1946; x_wconf 86' lang='lat' dir='ltr'>iam</span> <span class='ocrx_word' id='word_1_245' title='bbox 138 1904 382 1958; x_wconf 78' lang='lat' dir='ltr'>Tlieologicae</span> <span class='ocrx_word' id='word_1_246' title='bbox 410 1907 575 1944; x_wconf 89' lang='lat' dir='ltr'>rationes</span> <span class='ocrx_word' id='word_1_247' title='bbox 592 1936 602 1955; x_wconf 91' lang='lat'>,</span> <span class='ocrx_word' id='word_1_248' title='bbox 645 1907 702 1944; x_wconf 88' lang='lat' dir='ltr'>sin</span> <span class='ocrx_word' id='word_1_249' title='bbox 732 1906 860 1944; x_wconf 86' lang='lat' dir='ltr'>minus</span> <span class='ocrx_word' id='word_1_250' title='bbox 887 1905 1148 1943; x_wconf 84' lang='lat' dir='ltr'>demonstrati-</span> 
     </span>
     <span class='ocr_line' id='line_1_35' title="bbox 32 1957 878 2012; baseline -0.002 -13"><span class='ocrx_word' id='word_1_251' title='bbox 32 1973 93 1999; x_wconf 83' lang='lat' dir='ltr'>vae</span> <span class='ocrx_word' id='word_1_252' title='bbox 109 1989 121 2009; x_wconf 91' lang='lat'>,</span> <span class='ocrx_word' id='word_1_253' title='bbox 149 1957 280 1997; x_wconf 86' lang='lat' dir='ltr'>saltem</span> <span class='ocrx_word' id='word_1_254' title='bbox 310 1958 517 1998; x_wconf 81' lang='lat' dir='ltr'>admodum</span> <span class='ocrx_word' id='word_1_255' title='bbox 546 1957 765 2012; x_wconf 83' lang='lat' dir='ltr'>probabiles</span> <span class='ocrx_word' id='word_1_256' title='bbox 795 1957 878 2010; x_wconf 79' lang='lat' dir='ltr'><strong>(b).</strong></span> 
     </span>
    </p>

    <p class='ocr_par' dir='ltr' id='par_1_6' title="bbox 27 2011 1152 2700">
     <span class='ocr_line' id='line_1_36' title="bbox 87 2011 1148 2065; baseline -0.004 -12"><span class='ocrx_word' id='word_1_257' title='bbox 87 2011 179 2059; x_wconf 70' lang='lat'>244.</span> <span class='ocrx_word' id='word_1_258' title='bbox 207 2011 268 2051; x_wconf 89' lang='lat' dir='ltr'>Ad</span> <span class='ocrx_word' id='word_1_259' title='bbox 296 2011 506 2052; x_wconf 87' lang='lat' dir='ltr'>secundum</span> <span class='ocrx_word' id='word_1_260' title='bbox 526 2025 652 2065; x_wconf 87' lang='lat' dir='ltr'>resp.:</span> <span class='ocrx_word' id='word_1_261' title='bbox 681 2012 1005 2064; x_wconf 85' lang='lat' dir='ltr'>quemadmodum</span> <span class='ocrx_word' id='word_1_262' title='bbox 1020 2011 1148 2060; x_wconf 87' lang='lat' dir='ltr'>Deus,</span> 
     </span>
     <span class='ocr_line' id='line_1_37' title="bbox 31 2064 1150 2120; baseline -0.002 -16"><span class='ocrx_word' id='word_1_263' title='bbox 31 2079 252 2120; x_wconf 86' lang='lat' dir='ltr'>quanquam</span> <span class='ocrx_word' id='word_1_264' title='bbox 282 2065 362 2104; x_wconf 81' lang='lat' dir='ltr'>sine</span> <span class='ocrx_word' id='word_1_265' title='bbox 389 2064 510 2104; x_wconf 85' lang='lat' dir='ltr'>dubio</span> <span class='ocrx_word' id='word_1_266' title='bbox 549 2067 723 2105; x_wconf 88' lang='lat' dir='ltr'>omnium</span> <span class='ocrx_word' id='word_1_267' title='bbox 752 2079 881 2104; x_wconf 89' lang='lat' dir='ltr'>rerum</span> <span class='ocrx_word' id='word_1_268' title='bbox 923 2078 1057 2103; x_wconf 84' lang='lat' dir='ltr'>curam</span> <span class='ocrx_word' id='word_1_269' title='bbox 1087 2079 1150 2117; x_wconf 88' lang='lat' dir='ltr'>ge-</span> 
     </span>
     <span class='ocr_line' id='line_1_38' title="bbox 27 2118 1149 2172; baseline -0.001 -14"><span class='ocrx_word' id='word_1_270' title='bbox 27 2122 108 2170; x_wconf 73' lang='lat' dir='ltr'>rit,</span> <span class='ocrx_word' id='word_1_271' title='bbox 137 2120 335 2172; x_wconf 86' lang='lat' dir='ltr'>praecipue</span> <span class='ocrx_word' id='word_1_272' title='bbox 362 2127 489 2158; x_wconf 87' lang='lat' dir='ltr'>autem</span> <span class='ocrx_word' id='word_1_273' title='bbox 513 2118 751 2168; x_wconf 69' lang='lat' dir='ltr'>hominum,</span> <span class='ocrx_word' id='word_1_274' title='bbox 781 2118 902 2157; x_wconf 81' lang='lat' dir='ltr'>multa</span> <span class='ocrx_word' id='word_1_275' title='bbox 920 2128 1046 2156; x_wconf 88' lang='lat' dir='ltr'>tamen</span> <span class='ocrx_word' id='word_1_276' title='bbox 1068 2132 1149 2157; x_wconf 85' lang='lat' dir='ltr'>ma-</span> 
     </span>
     <span class='ocr_line' id='line_1_39' title="bbox 29 2172 1150 2227; baseline -0.001 -16"><span class='ocrx_word' id='word_1_277' title='bbox 29 2172 68 2212; x_wconf 86' lang='lat' dir='ltr'>la</span> <span class='ocrx_word' id='word_1_278' title='bbox 95 2173 306 2226; x_wconf 86' lang='lat' dir='ltr'>permittit,</span> <span class='ocrx_word' id='word_1_279' title='bbox 335 2185 424 2227; x_wconf 84' lang='lat' dir='ltr'>quae</span> <span class='ocrx_word' id='word_1_280' title='bbox 453 2173 642 2226; x_wconf 86' lang='lat' dir='ltr'>impedire</span> <span class='ocrx_word' id='word_1_281' title='bbox 670 2174 802 2226; x_wconf 84' lang='lat' dir='ltr'>utique</span> <span class='ocrx_word' id='word_1_282' title='bbox 831 2181 979 2225; x_wconf 84' lang='lat' dir='ltr'>posset,</span> <span class='ocrx_word' id='word_1_283' title='bbox 1011 2174 1068 2210; x_wconf 71' lang='lat' dir='ltr'>ita</span> <span class='ocrx_word' id='word_1_284' title='bbox 1097 2181 1150 2210; x_wconf 83' lang='lat' dir='ltr'>et·</span> 
     </span>
     <span class='ocr_line' id='line_1_40' title="bbox 29 2222 1149 2280; baseline -0.002 -14"><span class='ocrx_word' id='word_1_285' title='bbox 29 2222 107 2266; x_wconf 66' lang='lat' dir='ltr'>iam</span> <span class='ocrx_word' id='word_1_286' title='bbox 137 2226 298 2280; x_wconf 79' lang='lat' dir='ltr'>Angelos</span> <span class='ocrx_word' id='word_1_287' title='bbox 326 2239 401 2264; x_wconf 90' lang='lat' dir='ltr'>non</span> <span class='ocrx_word' id='word_1_288' title='bbox 432 2225 482 2264; x_wconf 86' lang='lat' dir='ltr'>ab</span> <span class='ocrx_word' id='word_1_289' title='bbox 511 2226 690 2266; x_wconf 86' lang='lat' dir='ltr'>omnibus</span> <span class='ocrx_word' id='word_1_290' title='bbox 711 2239 777 2265; x_wconf 89' lang='lat' dir='ltr'>nos</span> <span class='ocrx_word' id='word_1_291' title='bbox 798 2225 910 2264; x_wconf 88' lang='lat' dir='ltr'>malis</span> <span class='ocrx_word' id='word_1_292' title='bbox 938 2239 1149 2278; x_wconf 69' lang='lat' dir='ltr'>praeserva-</span> 
     </span>
     <span class='ocr_line' id='line_1_41' title="bbox 28 2280 1151 2332; baseline -0.003 -13"><span class='ocrx_word' id='word_1_293' title='bbox 28 2292 98 2329; x_wconf 78' lang='lat' dir='ltr'>re,</span> <span class='ocrx_word' id='word_1_294' title='bbox 145 2293 168 2318; x_wconf 83' lang='lat' dir='ltr'>a</span> <span class='ocrx_word' id='word_1_295' title='bbox 195 2280 337 2332; x_wconf 77' lang='lat' dir='ltr'>quibus</span> <span class='ocrx_word' id='word_1_296' title='bbox 365 2288 465 2318; x_wconf 86' lang='lat' dir='ltr'>certe</span> <span class='ocrx_word' id='word_1_297' title='bbox 494 2281 631 2318; x_wconf 89' lang='lat' dir='ltr'>virtute</span> <span class='ocrx_word' id='word_1_298' title='bbox 660 2280 735 2318; x_wconf 85' lang='lat' dir='ltr'>sibi</span> <span class='ocrx_word' id='word_1_299' title='bbox 765 2280 888 2318; x_wconf 84' lang='lat' dir='ltr'>indita</span> <span class='ocrx_word' id='word_1_300' title='bbox 916 2293 1151 2331; x_wconf 61' lang='lat' dir='ltr'>praeservare</span> 
     </span>
     <span class='ocr_line' id='line_1_42' title="bbox 31 2332 1152 2386; baseline -0.001 -14"><span class='ocrx_word' id='word_1_301' title='bbox 31 2345 106 2372; x_wconf 90' lang='lat' dir='ltr'>non</span> <span class='ocrx_word' id='word_1_302' title='bbox 134 2341 279 2386; x_wconf 85' lang='lat' dir='ltr'>possent</span> <span class='ocrx_word' id='word_1_303' title='bbox 295 2359 306 2371; x_wconf 88' lang='lat'><strong>.</strong></span> <span class='ocrx_word' id='word_1_304' title='bbox 327 2332 465 2381; x_wconf 81' lang='lat' dir='ltr'>Quare</span> <span class='ocrx_word' id='word_1_305' title='bbox 489 2333 533 2371; x_wconf 68' lang='lat' dir='ltr'>‘id</span> <span class='ocrx_word' id='word_1_306' title='bbox 562 2334 779 2385; x_wconf 82' lang='lat' dir='ltr'>contingat,</span> <span class='ocrx_word' id='word_1_307' title='bbox 810 2342 976 2371; x_wconf 87' lang='lat' dir='ltr'>nostrum</span> <span class='ocrx_word' id='word_1_308' title='bbox 1002 2346 1079 2370; x_wconf 87' lang='lat' dir='ltr'>-non</span> <span class='ocrx_word' id='word_1_309' title='bbox 1099 2341 1152 2371; x_wconf 88' lang='lat' dir='ltr'>est</span> 
     </span>
     <span class='ocr_line' id='line_1_43' title="bbox 28 2385 1151 2438; baseline -0.001 -14"><span class='ocrx_word' id='word_1_310' title='bbox 28 2387 256 2438; x_wconf 84' lang='lat' dir='ltr'>perscrutari</span> <span class='ocrx_word' id='word_1_311' title='bbox 274 2415 286 2435; x_wconf 88' lang='lat'>,</span> <span class='ocrx_word' id='word_1_312' title='bbox 320 2386 384 2424; x_wconf 84' lang='lat' dir='ltr'>sed</span> <span class='ocrx_word' id='word_1_313' title='bbox 413 2386 611 2425; x_wconf 84' lang='lat' dir='ltr'>humiliter</span> <span class='ocrx_word' id='word_1_314' title='bbox 639 2385 1061 2438; x_wconf 83' lang='lat' dir='ltr'>incomprehensibilem</span> <span class='ocrx_word' id='word_1_315' title='bbox 1092 2386 1151 2423; x_wconf 88' lang='lat' dir='ltr'>di-</span> 
     </span>
     <span class='ocr_line' id='line_1_44' title="bbox 28 2438 1152 2490; baseline 0 -14"><span class='ocrx_word' id='word_1_316' title='bbox 28 2439 211 2484; x_wconf 75' lang='lat' dir='ltr'>vinorum</span> <span class='ocrx_word' id='word_1_317' title='bbox 239 2438 474 2490; x_wconf 83' lang='lat' dir='ltr'>judiciorum</span> <span class='ocrx_word' id='word_1_318' title='bbox 505 2440 802 2490; x_wconf 80' lang='lat' dir='ltr'>profunditatem</span> <span class='ocrx_word' id='word_1_319' title='bbox 840 2441 996 2478; x_wconf 81' lang='lat' dir='ltr'>adorare</span> <span class='ocrx_word' id='word_1_320' title='bbox 1037 2439 1152 2478; x_wconf 89' lang='lat' dir='ltr'>debe-</span> 
     </span>
     <span class='ocr_line' id='line_1_45' title="bbox 28 2489 1151 2543; baseline 0 -14"><span class='ocrx_word' id='word_1_321' title='bbox 28 2503 148 2529; x_wconf 76' lang='lat' dir='ltr'>mus.</span> <span class='ocrx_word' id='word_1_322' title='bbox 178 2489 378 2528; x_wconf 82' lang='lat' dir='ltr'>Con-fidere</span> <span class='ocrx_word' id='word_1_323' title='bbox 406 2499 531 2528; x_wconf 84' lang='lat' dir='ltr'>tamen</span> <span class='ocrx_word' id='word_1_324' title='bbox 562 2504 760 2542; x_wconf 88' lang='lat' dir='ltr'>possumus</span> <span class='ocrx_word' id='word_1_325' title='bbox 779 2521 789 2538; x_wconf 90' lang='lat'>,</span> <span class='ocrx_word' id='word_1_326' title='bbox 820 2492 1054 2543; x_wconf 84' lang='lat' dir='ltr'>Angelorum</span> <span class='ocrx_word' id='word_1_327' title='bbox 1084 2492 1151 2530; x_wconf 87' lang='lat' dir='ltr'>be-</span> 
     </span>
     <span class='ocr_line' id='line_1_46' title="bbox 32 2541 1152 2594; baseline 0.001 -13"><span class='ocrx_word' id='word_1_328' title='bbox 32 2542 200 2590; x_wconf 88' lang='lat' dir='ltr'>neficio,</span> <span class='ocrx_word' id='word_1_329' title='bbox 224 2542 286 2580; x_wconf 81' lang='lat' dir='ltr'>sin</span> <span class='ocrx_word' id='word_1_330' title='bbox 314 2543 441 2581; x_wconf 87' lang='lat' dir='ltr'>minus</span> <span class='ocrx_word' id='word_1_331' title='bbox 469 2541 518 2579; x_wconf 87' lang='lat' dir='ltr'>ab</span> <span class='ocrx_word' id='word_1_332' title='bbox 547 2541 726 2579; x_wconf 86' lang='lat' dir='ltr'>omnibus</span> <span class='ocrx_word' id='word_1_333' title='bbox 742 2571 754 2589; x_wconf 85' lang='lat'>,</span> <span class='ocrx_word' id='word_1_334' title='bbox 784 2541 915 2580; x_wconf 81' lang='lat' dir='ltr'>saltem</span> <span class='ocrx_word' id='word_1_335' title='bbox 936 2558 957 2580; x_wconf 86' lang='lat' dir='ltr'>a</span> <span class='ocrx_word' id='word_1_336' title='bbox 973 2543 1152 2594; x_wconf 86' lang='lat' dir='ltr'>plurimis</span> 
     </span>
     <span class='ocr_line' id='line_1_47' title="bbox 34 2593 1151 2646; baseline -0.002 -13"><span class='ocrx_word' id='word_1_337' title='bbox 34 2608 101 2633; x_wconf 87' lang='lat' dir='ltr'>nos</span> <span class='ocrx_word' id='word_1_338' title='bbox 129 2594 241 2633; x_wconf 83' lang='lat' dir='ltr'>malis</span> <span class='ocrx_word' id='word_1_339' title='bbox 269 2595 416 2642; x_wconf 87' lang='lat' dir='ltr'>eximi,</span> <span class='ocrx_word' id='word_1_340' title='bbox 443 2597 643 2646; x_wconf 72' lang='lat' dir='ltr'>praecipue</span> <span class='ocrx_word' id='word_1_341' title='bbox 673 2607 761 2632; x_wconf 85' lang='lat' dir='ltr'>vero</span> <span class='ocrx_word' id='word_1_342' title='bbox 776 2595 825 2633; x_wconf 84' lang='lat' dir='ltr'>ab</span> <span class='ocrx_word' id='word_1_343' title='bbox 855 2593 952 2642; x_wconf 84' lang='lat' dir='ltr'>illis,</span> <span class='ocrx_word' id='word_1_344' title='bbox 982 2608 1069 2646; x_wconf 83' lang='lat' dir='ltr'>quae</span> <span class='ocrx_word' id='word_1_345' title='bbox 1091 2597 1151 2632; x_wconf 84' lang='lat' dir='ltr'>in-</span> 
     </span>
     <span class='ocr_line' id='line_1_48' title="bbox 30 2646 1151 2700; baseline -0.002 -11"><span class='ocrx_word' id='word_1_346' title='bbox 30 2648 168 2698; x_wconf 69' lang='lat' dir='ltr'>vidia,</span> <span class='ocrx_word' id='word_1_347' title='bbox 215 2647 251 2684; x_wconf 80' lang='lat' dir='ltr'>8t</span> <span class='ocrx_word' id='word_1_348' title='bbox 279 2646 546 2688; x_wconf 79' lang='lat' dir='ltr'>malevolentia</span> <span class='ocrx_word' id='word_1_349' title='bbox 572 2647 810 2687; x_wconf 79' lang='lat' dir='ltr'>Daemonum</span> <span class='ocrx_word' id='word_1_350' title='bbox 852 2648 964 2687; x_wconf 86' lang='lat' dir='ltr'>nobis</span> <span class='ocrx_word' id='word_1_351' title='bbox 1000 2650 1151 2700; x_wconf 85' lang='lat' dir='ltr'>impen-</span> 
     </span>
    </p>
   </div>
   <div class='ocr_carea' id='block_1_3' title="bbox 553 2758 569 2774">
    <p class='ocr_par' dir='ltr' id='par_1_7' title="bbox 553 2758 569 2774">
     <span class='ocr_line' id='line_1_49' title="bbox 553 2758 569 2774; baseline 0 0"><span class='ocrx_word' id='word_1_352' title='bbox 553 2758 569 2774; x_wconf 65' lang='grc' dir='ltr'><em>Ο</em></span> 
     </span>
    </p>
   </div>
   <div class='ocr_carea' id='block_1_4' title="bbox 30 2834 1154 3393">
    <p class='ocr_par' dir='ltr' id='par_1_8' title="bbox 30 2834 1154 3297">
     <span class='ocr_line' id='line_1_50' title="bbox 30 2834 1154 2884; baseline -0.002 -14"><span class='ocrx_word' id='word_1_353' title='bbox 30 2847 103 2870; x_wconf 80' lang='lat' dir='ltr'>rum</span> <span class='ocrx_word' id='word_1_354' title='bbox 128 2836 219 2871; x_wconf 70' lang='lat' dir='ltr'>illud</span> <span class='ocrx_word' id='word_1_355' title='bbox 243 2848 345 2880; x_wconf 85' lang='lat' dir='ltr'>posse</span> <span class='ocrx_word' id='word_1_356' title='bbox 372 2837 531 2881; x_wconf 76' lang='lat' dir='ltr'>intelligi</span> <span class='ocrx_word' id='word_1_357' title='bbox 557 2837 601 2870; x_wconf 86' lang='lat' dir='ltr'>de</span> <span class='ocrx_word' id='word_1_358' title='bbox 620 2837 771 2884; x_wconf 81' lang='lat' dir='ltr'>Angelis</span> <span class='ocrx_word' id='word_1_359' title='bbox 787 2857 798 2877; x_wconf 90' lang='lat'>‚</span> <span class='ocrx_word' id='word_1_360' title='bbox 824 2836 918 2869; x_wconf 74' lang='lat' dir='ltr'>idest</span> <span class='ocrx_word' id='word_1_361' title='bbox 945 2838 1081 2869; x_wconf 80' lang='lat' dir='ltr'>nunciis</span> <span class='ocrx_word' id='word_1_362' title='bbox 1100 2834 1154 2869; x_wconf 79' lang='lat' dir='ltr'>E-</span> 
     </span>
     <span class='ocr_line' id='line_1_51' title="bbox 32 2878 1153 2928; baseline -0.002 -11"><span class='ocrx_word' id='word_1_363' title='bbox 32 2883 158 2917; x_wconf 69' lang='lat' dir='ltr'>sechia</span> <span class='ocrx_word' id='word_1_364' title='bbox 174 2905 186 2924; x_wconf 88' lang='lat'>,</span> <span class='ocrx_word' id='word_1_365' title='bbox 218 2887 273 2928; x_wconf 80' lang='lat' dir='ltr'>qui</span> <span class='ocrx_word' id='word_1_366' title='bbox 290 2878 467 2925; x_wconf 66' lang='lat' dir='ltr'>fleuerunt</span> <span class='ocrx_word' id='word_1_367' title='bbox 489 2892 629 2927; x_wconf 82' lang='lat' dir='ltr'>propter</span> <span class='ocrx_word' id='word_1_368' title='bbox 655 2886 754 2918; x_wconf 75' lang='lat' dir='ltr'>verba</span> <span class='ocrx_word' id='word_1_369' title='bbox 780 2883 975 2926; x_wconf 76' lang='lat' dir='ltr'>Rapsacis,</span> <span class='ocrx_word' id='word_1_370' title='bbox 1009 2884 1053 2915; x_wconf 84' lang='lat' dir='ltr'>de</span> <span class='ocrx_word' id='word_1_371' title='bbox 1079 2886 1153 2926; x_wconf 80' lang='lat' dir='ltr'>qui-</span> 
     </span>
     <span class='ocr_line' id='line_1_52' title="bbox 35 2928 1153 2969; baseline 0.001 -7"><span class='ocrx_word' id='word_1_372' title='bbox 35 2930 93 2963; x_wconf 75' lang='lat' dir='ltr'>bus</span> <span class='ocrx_word' id='word_1_373' title='bbox 117 2930 257 2963; x_wconf 79' lang='lat' dir='ltr'>habetur</span> <span class='ocrx_word' id='word_1_374' title='bbox 281 2929 380 2964; x_wconf 83' lang='lat' dir='ltr'>Isaiae</span> <span class='ocrx_word' id='word_1_375' title='bbox 405 2928 590 2962; x_wconf 78' lang='lat' dir='ltr'><em>XXXVII.</em></span> <span class='ocrx_word' id='word_1_376' title='bbox 607 2945 620 2969; x_wconf 90' lang='lat'><em>;</em></span> <span class='ocrx_word' id='word_1_377' title='bbox 647 2934 689 2964; x_wconf 68' lang='grc' dir='ltr'>Θ·</span> <span class='ocrx_word' id='word_1_378' title='bbox 716 2931 779 2963; x_wconf 85' lang='lat' dir='ltr'>hoc</span> <span class='ocrx_word' id='word_1_379' title='bbox 808 2931 985 2962; x_wconf 79' lang='lat' dir='ltr'>secundnm</span> <span class='ocrx_word' id='word_1_380' title='bbox 1013 2931 1153 2963; x_wconf 83' lang='lat' dir='ltr'>littera-</span> 
     </span>
     <span class='ocr_line' id='line_1_53' title="bbox 34 2976 1150 3022; baseline 0 -14"><span class='ocrx_word' id='word_1_381' title='bbox 34 2977 99 3009; x_wconf 87' lang='lat' dir='ltr'>lem</span> <span class='ocrx_word' id='word_1_382' title='bbox 122 2988 279 3010; x_wconf 76' lang='lat' dir='ltr'>sensum.</span> <span class='ocrx_word' id='word_1_383' title='bbox 306 2976 500 3011; x_wconf 81' lang='lat' dir='ltr'>Secundum</span> <span class='ocrx_word' id='word_1_384' title='bbox 525 2989 601 3010; x_wconf 72' lang='lat' dir='ltr'>uero</span> <span class='ocrx_word' id='word_1_385' title='bbox 628 2979 859 3022; x_wconf 73' lang='lat' dir='ltr'>allegoricum</span> <span class='ocrx_word' id='word_1_386' title='bbox 885 2976 1015 3020; x_wconf 75' lang='lat' dir='ltr'>Angeli</span> <span class='ocrx_word' id='word_1_387' title='bbox 1051 2980 1150 3017; x_wconf 80' lang='lat' dir='ltr'>pacis</span> 
     </span>
     <span class='ocr_line' id='line_1_54' title="bbox 38 3022 1150 3068; baseline 0.001 -15"><span class='ocrx_word' id='word_1_388' title='bbox 38 3029 116 3055; x_wconf 71' lang='lat' dir='ltr'>seint</span> <span class='ocrx_word' id='word_1_389' title='bbox 138 3023 328 3066; x_wconf 82' lang='lat' dir='ltr'>Apostoli,</span> <span class='ocrx_word' id='word_1_390' title='bbox 354 3027 395 3056; x_wconf 61' lang='grc' dir='ltr'>(θ’</span> <span class='ocrx_word' id='word_1_391' title='bbox 419 3025 662 3067; x_wconf 61' lang='lat' dir='ltr'>predicatores</span> <span class='ocrx_word' id='word_1_392' title='bbox 679 3046 689 3064; x_wconf 90' lang='lat'>,</span> <span class='ocrx_word' id='word_1_393' title='bbox 715 3027 769 3068; x_wconf 82' lang='lat' dir='ltr'>qui</span> <span class='ocrx_word' id='word_1_394' title='bbox 789 3022 883 3064; x_wconf 82' lang='lat' dir='ltr'>flent</span> <span class='ocrx_word' id='word_1_395' title='bbox 908 3034 970 3065; x_wconf 82' lang='lat' dir='ltr'>pro</span> <span class='ocrx_word' id='word_1_396' title='bbox 994 3026 1150 3065; x_wconf 81' lang='lat' dir='ltr'>peccatis</span> 
     </span>
     <span class='ocr_line' id='line_1_55' title="bbox 40 3066 1152 3112; baseline 0.002 -14"><span class='ocrx_word' id='word_1_397' title='bbox 40 3066 228 3100; x_wconf 83' lang='lat' dir='ltr'>hominum.</span> <span class='ocrx_word' id='word_1_398' title='bbox 253 3069 296 3102; x_wconf 84' lang='lat' dir='ltr'>Si</span> <span class='ocrx_word' id='word_1_399' title='bbox 323 3082 400 3104; x_wconf 77' lang='lat' dir='ltr'>vero</span> <span class='ocrx_word' id='word_1_400' title='bbox 427 3072 613 3104; x_wconf 74' lang='lat' dir='ltr'>secundum</span> <span class='ocrx_word' id='word_1_401' title='bbox 641 3082 776 3104; x_wconf 82' lang='lat' dir='ltr'>sensnm</span> <span class='ocrx_word' id='word_1_402' title='bbox 800 3072 1021 3112; x_wconf 76' lang='lat' dir='ltr'>anagogicum</span> <span class='ocrx_word' id='word_1_403' title='bbox 1047 3081 1152 3111; x_wconf 74' lang='lat' dir='ltr'>expo·</span> 
     </span>
     <span class='ocr_line' id='line_1_56' title="bbox 39 3114 1151 3159; baseline 0.002 -14"><span class='ocrx_word' id='word_1_404' title='bbox 39 3120 139 3146; x_wconf 79' lang='lat' dir='ltr'>natur</span> <span class='ocrx_word' id='word_1_405' title='bbox 156 3114 200 3146; x_wconf 78' lang='lat' dir='ltr'>de</span> <span class='ocrx_word' id='word_1_406' title='bbox 225 3115 371 3159; x_wconf 75' lang='lat' dir='ltr'>Angelis</span> <span class='ocrx_word' id='word_1_407' title='bbox 396 3117 494 3149; x_wconf 82' lang='lat' dir='ltr'>bonis</span> <span class='ocrx_word' id='word_1_408' title='bbox 513 3138 524 3157; x_wconf 87' lang='lat'>,</span> <span class='ocrx_word' id='word_1_409' title='bbox 568 3125 647 3150; x_wconf 85' lang='lat' dir='ltr'>tunc</span> <span class='ocrx_word' id='word_1_410' title='bbox 672 3116 905 3159; x_wconf 72' lang='lat' dir='ltr'>metaphorica</span> <span class='ocrx_word' id='word_1_411' title='bbox 929 3119 998 3148; x_wconf 85' lang='lat' dir='ltr'>erit</span> <span class='ocrx_word' id='word_1_412' title='bbox 1023 3118 1151 3148; x_wconf 86' lang='lat' dir='ltr'>locutio</span> 
     </span>
     <span class='ocr_line' id='line_1_57' title="bbox 41 3160 1152 3208; baseline 0.001 -16"><span class='ocrx_word' id='word_1_413' title='bbox 41 3160 88 3193; x_wconf 78' lang='lat' dir='ltr'>acl</span> <span class='ocrx_word' id='word_1_414' title='bbox 113 3161 384 3203; x_wconf 77' lang='lat' dir='ltr'>designandum,</span> <span class='ocrx_word' id='word_1_415' title='bbox 404 3164 496 3205; x_wconf 77' lang='lat' dir='ltr'>quod</span> <span class='ocrx_word' id='word_1_416' title='bbox 519 3164 651 3208; x_wconf 75' lang='lat' dir='ltr'>Angeli</span> <span class='ocrx_word' id='word_1_417' title='bbox 679 3167 791 3197; x_wconf 77' lang='lat' dir='ltr'>volunt</span> <span class='ocrx_word' id='word_1_418' title='bbox 818 3165 852 3195; x_wconf 84' lang='lat' dir='ltr'>in</span> <span class='ocrx_word' id='word_1_419' title='bbox 878 3164 1064 3195; x_wconf 77' lang='lat' dir='ltr'>universali</span> <span class='ocrx_word' id='word_1_420' title='bbox 1090 3161 1152 3193; x_wconf 79' lang='lat' dir='ltr'>lio—</span> 
     </span>
     <span class='ocr_line' id='line_1_58' title="bbox 38 3207 1150 3255; baseline 0.003 -17"><span class='ocrx_word' id='word_1_421' title='bbox 38 3209 162 3238; x_wconf 84' lang='lat' dir='ltr'>minum</span> <span class='ocrx_word' id='word_1_422' title='bbox 189 3207 349 3239; x_wconf 78' lang='lat' dir='ltr'>sulutem.</span> <span class='ocrx_word' id='word_1_423' title='bbox 380 3208 444 3242; x_wconf 88' lang='lat' dir='ltr'>Sic</span> <span class='ocrx_word' id='word_1_424' title='bbox 468 3213 556 3243; x_wconf 88' lang='lat' dir='ltr'>enim</span> <span class='ocrx_word' id='word_1_425' title='bbox 580 3209 656 3243; x_wconf 89' lang='lat' dir='ltr'>Deo</span> <span class='ocrx_word' id='word_1_426' title='bbox 676 3231 687 3250; x_wconf 81' lang='lat'><em>‚</em></span> <span class='ocrx_word' id='word_1_427' title='bbox 713 3215 755 3243; x_wconf 63' lang='grc' dir='ltr'>ω’</span> <span class='ocrx_word' id='word_1_428' title='bbox 779 3209 931 3254; x_wconf 81' lang='lat' dir='ltr'>Angelis</span> <span class='ocrx_word' id='word_1_429' title='bbox 958 3208 1150 3255; x_wconf 77' lang='lat' dir='ltr'>hujusmodi</span> 
     </span>
     <span class='ocr_line' id='line_1_59' title="bbox 36 3253 502 3297; baseline 0.009 -12"><span class='ocrx_word' id='word_1_430' title='bbox 36 3256 226 3297; x_wconf 83' lang='lat' dir='ltr'>passiones</span> <span class='ocrx_word' id='word_1_431' title='bbox 250 3253 474 3288; x_wconf 77' lang='lat' dir='ltr'>attribuuntur</span> <span class='ocrx_word' id='word_1_432' title='bbox 493 3278 502 3288; x_wconf 85' lang='lat'><strong>.</strong></span> 
     </span>
    </p>

    <p class='ocr_par' dir='ltr' id='par_1_9' title="bbox 41 3297 1150 3393">
     <span class='ocr_line' id='line_1_60' title="bbox 85 3297 1150 3347; baseline 0.001 -15"><span class='ocrx_word' id='word_1_433' title='bbox 85 3303 134 3338; x_wconf 84' lang='lat' dir='ltr'>(a)</span> <span class='ocrx_word' id='word_1_434' title='bbox 166 3299 201 3331; x_wconf 86' lang='lat' dir='ltr'>S.</span> <span class='ocrx_word' id='word_1_435' title='bbox 228 3297 382 3332; x_wconf 78' lang='lat' dir='ltr'>Thomas</span> <span class='ocrx_word' id='word_1_436' title='bbox 417 3300 466 3334; x_wconf 79' lang='lat' dir='ltr'>ita</span> <span class='ocrx_word' id='word_1_437' title='bbox 502 3301 586 3336; x_wconf 86' lang='lat' dir='ltr'>hnic</span> <span class='ocrx_word' id='word_1_438' title='bbox 621 3309 828 3347; x_wconf 78' lang='lat' dir='ltr'>argumento</span> <span class='ocrx_word' id='word_1_439' title='bbox 862 3298 1046 3345; x_wconf 84' lang='lat' dir='ltr'>respondet</span> <span class='ocrx_word' id='word_1_440' title='bbox 1083 3307 1150 3332; x_wconf 79' lang='lat' dir='ltr'>art-</span> 
     </span>
     <span class='ocr_line' id='line_1_61' title="bbox 41 3342 1150 3393; baseline 0.002 -16"><span class='ocrx_word' id='word_1_441' title='bbox 41 3353 74 3377; x_wconf 80' lang='lat'>1.</span> <span class='ocrx_word' id='word_1_442' title='bbox 99 3342 143 3379; x_wconf 78' lang='lat' dir='ltr'>ad</span> <span class='ocrx_word' id='word_1_443' title='bbox 166 3354 225 3377; x_wconf 77' lang='lat'>2.=</span> <span class='ocrx_word' id='word_1_444' title='bbox 254 3345 315 3378; x_wconf 78' lang='lat' dir='ltr'>Ad</span> <span class='ocrx_word' id='word_1_445' title='bbox 339 3345 453 3379; x_wconf 79' lang='lat' dir='ltr'>bonum</span> <span class='ocrx_word' id='word_1_446' title='bbox 478 3350 679 3390; x_wconf 62' lang='lat' dir='ltr'>operandum</span> <span class='ocrx_word' id='word_1_447' title='bbox 697 3350 763 3383; x_wconf 85' lang='lat' dir='ltr'>duo</span> <span class='ocrx_word' id='word_1_448' title='bbox 781 3352 993 3393; x_wconf 72' lang='lat' dir='ltr'>requiruntur</span> <span class='ocrx_word' id='word_1_449' title='bbox 1006 3360 1020 3385; x_wconf 83' lang='lat'>,·</span> <span class='ocrx_word' id='word_1_450' title='bbox 1036 3349 1150 3390; x_wconf 71' lang='lat' dir='ltr'>primo</span> 
     </span>
    </p>
   </div>
   <div class='ocr_carea' id='block_1_5' title="bbox 1206 200 2342 2697">
    <p class='ocr_par' dir='ltr' id='par_1_10' title="bbox 1206 200 2331 520">
     <span class='ocr_line' id='line_1_62' title="bbox 1210 200 2330 259; baseline 0.008 -21"><span class='ocrx_word' id='word_1_451' title='bbox 1210 200 1328 238; x_wconf 83' lang='lat' dir='ltr'>dent.</span> <span class='ocrx_word' id='word_1_452' title='bbox 1376 201 1510 252; x_wconf 63' lang='lat' dir='ltr'>Neque</span> <span class='ocrx_word' id='word_1_453' title='bbox 1540 200 1744 240; x_wconf 81' lang='lat' dir='ltr'>custodiam</span> <span class='ocrx_word' id='word_1_454' title='bbox 1764 234 1774 252; x_wconf 91' lang='lat'>,</span> <span class='ocrx_word' id='word_1_455' title='bbox 1817 204 1850 241; x_wconf 86' lang='lat'>&amp;</span> <span class='ocrx_word' id='word_1_456' title='bbox 1881 203 2070 245; x_wconf 81' lang='lat' dir='ltr'>beneficia</span> <span class='ocrx_word' id='word_1_457' title='bbox 2098 207 2330 259; x_wconf 75' lang='lat' dir='ltr'>Angelorum</span> 
     </span>
     <span class='ocr_line' id='line_1_63' title="bbox 1212 253 2328 311; baseline 0.009 -21"><span class='ocrx_word' id='word_1_458' title='bbox 1212 255 1348 305; x_wconf 77' lang='lat' dir='ltr'>ingrati</span> <span class='ocrx_word' id='word_1_459' title='bbox 1381 253 1546 291; x_wconf 85' lang='lat' dir='ltr'>inficiari</span> <span class='ocrx_word' id='word_1_460' title='bbox 1576 254 1784 305; x_wconf 72' lang='lat' dir='ltr'>debmnus,</span> <span class='ocrx_word' id='word_1_461' title='bbox 1814 260 1914 310; x_wconf 88' lang='lat' dir='ltr'>quod</span> <span class='ocrx_word' id='word_1_462' title='bbox 1946 272 2018 299; x_wconf 89' lang='lat' dir='ltr'>non</span> <span class='ocrx_word' id='word_1_463' title='bbox 2047 262 2177 299; x_wconf 81' lang='lat' dir='ltr'>omnia</span> <span class='ocrx_word' id='word_1_464' title='bbox 2206 262 2328 311; x_wconf 87' lang='lat' dir='ltr'>mala,</span> 
     </span>
     <span class='ocr_line' id='line_1_64' title="bbox 1213 306 2330 360; baseline 0.009 -17"><span class='ocrx_word' id='word_1_465' title='bbox 1213 307 1254 344; x_wconf 85' lang='lat' dir='ltr'>in</span> <span class='ocrx_word' id='word_1_466' title='bbox 1284 320 1372 358; x_wconf 81' lang='lat' dir='ltr'>quae</span> <span class='ocrx_word' id='word_1_467' title='bbox 1401 306 1516 357; x_wconf 86' lang='lat' dir='ltr'>culpa</span> <span class='ocrx_word' id='word_1_468' title='bbox 1547 317 1666 345; x_wconf 80' lang='lat' dir='ltr'>nostra</span> <span class='ocrx_word' id='word_1_469' title='bbox 1688 310 1919 360; x_wconf 76' lang='lat' dir='ltr'>incidimus,</span> <span class='ocrx_word' id='word_1_470' title='bbox 1950 326 1970 351; x_wconf 88' lang='lat' dir='ltr'>a</span> <span class='ocrx_word' id='word_1_471' title='bbox 2001 313 2108 351; x_wconf 86' lang='lat' dir='ltr'>nobis</span> <span class='ocrx_word' id='word_1_472' title='bbox 2137 325 2330 354; x_wconf 76' lang='lat' dir='ltr'>avertant.</span> 
     </span>
     <span class='ocr_line' id='line_1_65' title="bbox 1212 358 2329 413; baseline 0.008 -17"><span class='ocrx_word' id='word_1_473' title='bbox 1212 358 1493 397; x_wconf 85' lang='lat' dir='ltr'>Beneficiorum</span> <span class='ocrx_word' id='word_1_474' title='bbox 1523 370 1650 398; x_wconf 84' lang='lat' dir='ltr'>autem</span> <span class='ocrx_word' id='word_1_475' title='bbox 1679 361 1727 399; x_wconf 81' lang='lat' dir='ltr'>ab</span> <span class='ocrx_word' id='word_1_476' title='bbox 1759 364 1910 413; x_wconf 72' lang='lat' dir='ltr'>Angelis</span> <span class='ocrx_word' id='word_1_477' title='bbox 1940 367 1980 405; x_wconf 88' lang='lat' dir='ltr'>in</span> <span class='ocrx_word' id='word_1_478' title='bbox 2010 366 2184 406; x_wconf 80' lang='lat' dir='ltr'>homines</span> <span class='ocrx_word' id='word_1_479' title='bbox 2211 367 2329 406; x_wconf 78' lang='lat' dir='ltr'>colla-</span> 
     </span>
     <span class='ocr_line' id='line_1_66' title="bbox 1212 411 2331 466; baseline 0.011 -17"><span class='ocrx_word' id='word_1_480' title='bbox 1212 420 1336 450; x_wconf 84' lang='lat' dir='ltr'>torum</span> <span class='ocrx_word' id='word_1_481' title='bbox 1368 411 1479 464; x_wconf 82' lang='lat' dir='ltr'>plura</span> <span class='ocrx_word' id='word_1_482' title='bbox 1508 413 1618 452; x_wconf 77' lang='lat' dir='ltr'>nobis</span> <span class='ocrx_word' id='word_1_483' title='bbox 1647 428 1764 452; x_wconf 76' lang='lat' dir='ltr'>sacrae</span> <span class='ocrx_word' id='word_1_484' title='bbox 1794 416 1955 466; x_wconf 69' lang='lat' dir='ltr'>interm,</span> <span class='ocrx_word' id='word_1_485' title='bbox 1988 420 2020 456; x_wconf 78' lang='grc' dir='ltr'><strong>ἃ</strong></span> <span class='ocrx_word' id='word_1_486' title='bbox 2050 422 2165 459; x_wconf 77' lang='lat' dir='ltr'>etiam</span> <span class='ocrx_word' id='word_1_487' title='bbox 2196 421 2331 460; x_wconf 80' lang='lat' dir='ltr'>Eccle-</span> 
     </span>
     <span class='ocr_line' id='line_1_67' title="bbox 1206 466 1978 520; baseline 0.009 -18"><span class='ocrx_word' id='word_1_488' title='bbox 1206 466 1278 502; x_wconf 76' lang='lat' dir='ltr'>siae</span> <span class='ocrx_word' id='word_1_489' title='bbox 1311 466 1477 503; x_wconf 78' lang='lat' dir='ltr'>Historia</span> <span class='ocrx_word' id='word_1_490' title='bbox 1508 466 1684 519; x_wconf 80' lang='lat' dir='ltr'>exempla</span> <span class='ocrx_word' id='word_1_491' title='bbox 1712 471 1978 520; x_wconf 76' lang='lat' dir='ltr'>suppeditant.</span> 
     </span>
    </p>

    <p class='ocr_par' dir='ltr' id='par_1_11' title="bbox 1209 518 2334 771">
     <span class='ocr_line' id='line_1_68' title="bbox 1269 518 2331 576; baseline 0.008 -19"><span class='ocrx_word' id='word_1_492' title='bbox 1269 518 1360 564; x_wconf 73' lang='lat'>245.</span> <span class='ocrx_word' id='word_1_493' title='bbox 1392 519 1450 556; x_wconf 79' lang='lat' dir='ltr'>Ad</span> <span class='ocrx_word' id='word_1_494' title='bbox 1480 521 1634 558; x_wconf 86' lang='lat' dir='ltr'>tertium</span> <span class='ocrx_word' id='word_1_495' title='bbox 1652 546 1663 559; x_wconf 84' lang='lat'><strong>.</strong></span> <span class='ocrx_word' id='word_1_496' title='bbox 1693 522 1924 574; x_wconf 72' lang='lat' dir='ltr'>Quanquam</span> <span class='ocrx_word' id='word_1_497' title='bbox 1944 525 2076 576; x_wconf 72' lang='lat' dir='ltr'>Angeli</span> <span class='ocrx_word' id='word_1_498' title='bbox 2095 527 2231 565; x_wconf 87' lang='lat' dir='ltr'>virtute</span> <span class='ocrx_word' id='word_1_499' title='bbox 2251 542 2331 566; x_wconf 71' lang='lat' dir='ltr'>suae</span> 
     </span>
     <span class='ocr_line' id='line_1_69' title="bbox 1211 575 2333 632; baseline 0.01 -23"><span class='ocrx_word' id='word_1_500' title='bbox 1211 580 1360 609; x_wconf 75' lang='lat' dir='ltr'>naturae</span> <span class='ocrx_word' id='word_1_501' title='bbox 1390 585 1464 609; x_wconf 88' lang='lat' dir='ltr'>non</span> <span class='ocrx_word' id='word_1_502' title='bbox 1495 575 1639 624; x_wconf 70' lang='lat' dir='ltr'>possint</span> <span class='ocrx_word' id='word_1_503' title='bbox 1667 584 1810 613; x_wconf 80' lang='lat' dir='ltr'>secreta</span> <span class='ocrx_word' id='word_1_504' title='bbox 1842 580 1956 615; x_wconf 85' lang='lat' dir='ltr'>nostri</span> <span class='ocrx_word' id='word_1_505' title='bbox 2001 581 2122 618; x_wconf 88' lang='lat' dir='ltr'>cordis</span> <span class='ocrx_word' id='word_1_506' title='bbox 2159 590 2333 632; x_wconf 86' lang='lat' dir='ltr'>penetra-</span> 
     </span>
     <span class='ocr_line' id='line_1_70' title="bbox 1209 625 2331 685; baseline 0.011 -24"><span class='ocrx_word' id='word_1_507' title='bbox 1209 639 1279 673; x_wconf 73' lang='lat' dir='ltr'>re,</span> <span class='ocrx_word' id='word_1_508' title='bbox 1311 625 1350 662; x_wconf 91' lang='lat' dir='ltr'>id</span> <span class='ocrx_word' id='word_1_509' title='bbox 1379 635 1535 678; x_wconf 84' lang='lat' dir='ltr'>possunt</span> <span class='ocrx_word' id='word_1_510' title='bbox 1563 636 1691 665; x_wconf 88' lang='lat' dir='ltr'>tamen</span> <span class='ocrx_word' id='word_1_511' title='bbox 1721 641 1765 665; x_wconf 88' lang='lat' dir='ltr'>ex</span> <span class='ocrx_word' id='word_1_512' title='bbox 1796 630 2019 669; x_wconf 80' lang='lat' dir='ltr'>revelatione</span> <span class='ocrx_word' id='word_1_513' title='bbox 2038 633 2131 681; x_wconf 78' lang='lat' dir='ltr'>Dei,</span> <span class='ocrx_word' id='word_1_514' title='bbox 2161 637 2228 685; x_wconf 87' lang='lat' dir='ltr'>qui</span> <span class='ocrx_word' id='word_1_515' title='bbox 2249 649 2331 673; x_wconf 86' lang='lat' dir='ltr'>cer·</span> 
     </span>
     <span class='ocr_line' id='line_1_71' title="bbox 1212 679 2334 734; baseline 0.01 -18"><span class='ocrx_word' id='word_1_516' title='bbox 1212 688 1246 716; x_wconf 87' lang='lat' dir='ltr'>te</span> <span class='ocrx_word' id='word_1_517' title='bbox 1272 679 1328 716; x_wconf 87' lang='lat' dir='ltr'>eis</span> <span class='ocrx_word' id='word_1_518' title='bbox 1356 681 1485 716; x_wconf 80' lang='lat' dir='ltr'>omnia</span> <span class='ocrx_word' id='word_1_519' title='bbox 1515 681 1718 731; x_wconf 78' lang='lat' dir='ltr'>patefacit,</span> <span class='ocrx_word' id='word_1_520' title='bbox 1767 696 1856 734; x_wconf 85' lang='lat' dir='ltr'>quae</span> <span class='ocrx_word' id='word_1_521' title='bbox 1885 685 1932 722; x_wconf 83' lang='lat' dir='ltr'>ad</span> <span class='ocrx_word' id='word_1_522' title='bbox 1963 699 2028 723; x_wconf 90' lang='lat' dir='ltr'>nos</span> <span class='ocrx_word' id='word_1_523' title='bbox 2069 688 2334 727; x_wconf 77' lang='lat' dir='ltr'>custodiendos</span> 
     </span>
     <span class='ocr_line' id='line_1_72' title="bbox 1212 743 1565 771; baseline 0.006 -2"><span class='ocrx_word' id='word_1_524' title='bbox 1212 745 1422 770; x_wconf 80' lang='lat' dir='ltr'>necessaria</span> <span class='ocrx_word' id='word_1_525' title='bbox 1451 743 1565 771; x_wconf 75' lang='lat' dir='ltr'>sunt.</span> 
     </span>
    </p>

    <p class='ocr_par' dir='ltr' id='par_1_12' title="bbox 1208 785 2336 1633">
     <span class='ocr_line' id='line_1_73' title="bbox 1269 785 2331 842; baseline 0.008 -20"><span class='ocrx_word' id='word_1_526' title='bbox 1269 785 1359 830; x_wconf 68' lang='lat'>246.</span> <span class='ocrx_word' id='word_1_527' title='bbox 1389 785 1482 837; x_wconf 79' lang='lat' dir='ltr'><strong>Ohj.</strong></span> <span class='ocrx_word' id='word_1_528' title='bbox 1513 787 1647 824; x_wconf 86' lang='lat' dir='ltr'>tertio.</span> <span class='ocrx_word' id='word_1_529' title='bbox 1692 786 1834 826; x_wconf 71' lang='lat' dir='ltr'>Saltem</span> <span class='ocrx_word' id='word_1_530' title='bbox 1866 792 2153 842; x_wconf 80' lang='lat' dir='ltr'>peccatoribus,</span> <span class='ocrx_word' id='word_1_531' title='bbox 2194 793 2331 831; x_wconf 84' lang='lat' dir='ltr'>infide·-</span> 
     </span>
     <span class='ocr_line' id='line_1_74' title="bbox 1212 837 2332 893; baseline 0.009 -18"><span class='ocrx_word' id='word_1_532' title='bbox 1212 837 1340 886; x_wconf 87' lang='lat' dir='ltr'>libus,</span> <span class='ocrx_word' id='word_1_533' title='bbox 1389 837 1422 874; x_wconf 78' lang='grc' dir='ltr'>ἃ</span> <span class='ocrx_word' id='word_1_534' title='bbox 1454 839 1625 891; x_wconf 84' lang='lat' dir='ltr'>reprobis</span> <span class='ocrx_word' id='word_1_535' title='bbox 1664 841 1793 879; x_wconf 78' lang='lat' dir='ltr'>nullus</span> <span class='ocrx_word' id='word_1_536' title='bbox 1824 843 1986 893; x_wconf 73' lang='lat' dir='ltr'>Angelus</span> <span class='ocrx_word' id='word_1_537' title='bbox 2030 846 2077 883; x_wconf 87' lang='lat' dir='ltr'>ad</span> <span class='ocrx_word' id='word_1_538' title='bbox 2118 847 2332 885; x_wconf 76' lang='lat' dir='ltr'>custodiam</span> 
     </span>
     <span class='ocr_line' id='line_1_75' title="bbox 1213 892 2332 949; baseline 0.008 -21"><span class='ocrx_word' id='word_1_539' title='bbox 1213 892 1321 929; x_wconf 83' lang='lat' dir='ltr'>datus</span> <span class='ocrx_word' id='word_1_540' title='bbox 1351 892 1525 930; x_wconf 84' lang='lat' dir='ltr'>videtur.</span> <span class='ocrx_word' id='word_1_541' title='bbox 1575 893 1673 932; x_wconf 75' lang='lat' dir='ltr'>Nam</span> <span class='ocrx_word' id='word_1_542' title='bbox 1707 897 1830 946; x_wconf 87' lang='lat' dir='ltr'>primo</span> <span class='ocrx_word' id='word_1_543' title='bbox 1860 898 2062 949; x_wconf 74' lang='lat' dir='ltr'>exempla,</span> <span class='ocrx_word' id='word_1_544' title='bbox 2111 898 2145 934; x_wconf 84' lang='lat'>&amp;</span> <span class='ocrx_word' id='word_1_545' title='bbox 2173 899 2332 937; x_wconf 86' lang='lat' dir='ltr'>oracula.</span> 
     </span>
     <span class='ocr_line' id='line_1_76' title="bbox 1213 945 2333 1003; baseline 0.009 -22"><span class='ocrx_word' id='word_1_546' title='bbox 1213 957 1258 982; x_wconf 81' lang='lat' dir='ltr'>ex</span> <span class='ocrx_word' id='word_1_547' title='bbox 1282 946 1403 983; x_wconf 76' lang='lat' dir='ltr'>sacris</span> <span class='ocrx_word' id='word_1_548' title='bbox 1432 945 1565 984; x_wconf 89' lang='lat' dir='ltr'>litteris</span> <span class='ocrx_word' id='word_1_549' title='bbox 1593 948 1820 1001; x_wconf 82' lang='lat' dir='ltr'>deprompta</span> <span class='ocrx_word' id='word_1_550' title='bbox 1857 951 2030 989; x_wconf 86' lang='lat' dir='ltr'>videntur</span> <span class='ocrx_word' id='word_1_551' title='bbox 2071 952 2118 990; x_wconf 87' lang='lat' dir='ltr'>ad</span> <span class='ocrx_word' id='word_1_552' title='bbox 2146 953 2242 991; x_wconf 84' lang='lat' dir='ltr'>solos</span> <span class='ocrx_word' id='word_1_553' title='bbox 2271 952 2333 1003; x_wconf 81' lang='lat' dir='ltr'>ju·</span> 
     </span>
     <span class='ocr_line' id='line_1_77' title="bbox 1209 998 2334 1057; baseline 0.006 -20"><span class='ocrx_word' id='word_1_554' title='bbox 1209 1007 1309 1047; x_wconf 83' lang='lat' dir='ltr'>stos,</span> <span class='ocrx_word' id='word_1_555' title='bbox 1351 998 1385 1034; x_wconf 76' lang='grc' dir='ltr'>δε</span> <span class='ocrx_word' id='word_1_556' title='bbox 1415 999 1552 1037; x_wconf 85' lang='lat' dir='ltr'>electos</span> <span class='ocrx_word' id='word_1_557' title='bbox 1582 1002 1795 1053; x_wconf 77' lang='lat' dir='ltr'>pertinere,</span> <span class='ocrx_word' id='word_1_558' title='bbox 1842 1017 2006 1055; x_wconf 82' lang='lat' dir='ltr'>quorum</span> <span class='ocrx_word' id='word_1_559' title='bbox 2036 1005 2210 1057; x_wconf 86' lang='lat' dir='ltr'>specialis</span> <span class='ocrx_word' id='word_1_560' title='bbox 2238 1018 2334 1044; x_wconf 82' lang='lat' dir='ltr'>cura.</span> 
     </span>
     <span class='ocr_line' id='line_1_78' title="bbox 1211 1052 2334 1097; baseline 0.007 -7"><span class='ocrx_word' id='word_1_561' title='bbox 1211 1052 1294 1090; x_wconf 90' lang='lat' dir='ltr'>Deo</span> <span class='ocrx_word' id='word_1_562' title='bbox 1323 1061 1404 1089; x_wconf 84' lang='lat' dir='ltr'>est.</span> <span class='ocrx_word' id='word_1_563' title='bbox 1434 1053 1608 1091; x_wconf 86' lang='lat' dir='ltr'>Secundo</span> <span class='ocrx_word' id='word_1_564' title='bbox 1637 1054 1812 1093; x_wconf 85' lang='lat' dir='ltr'>similiter</span> <span class='ocrx_word' id='word_1_565' title='bbox 1841 1059 1874 1093; x_wconf 73' lang='grc' dir='ltr'>ἃ</span> <span class='ocrx_word' id='word_1_566' title='bbox 1905 1060 2024 1096; x_wconf 80' lang='lat' dir='ltr'>sancti</span> <span class='ocrx_word' id='word_1_567' title='bbox 2057 1059 2180 1097; x_wconf 78' lang='lat' dir='ltr'>Patres</span> <span class='ocrx_word' id='word_1_568' title='bbox 2208 1059 2253 1097; x_wconf 89' lang='lat' dir='ltr'>de</span> <span class='ocrx_word' id='word_1_569' title='bbox 2275 1073 2334 1097; x_wconf 86' lang='lat' dir='ltr'>so·</span> 
     </span>
     <span class='ocr_line' id='line_1_79' title="bbox 1208 1104 2333 1163; baseline 0.006 -21"><span class='ocrx_word' id='word_1_570' title='bbox 1208 1104 1260 1143; x_wconf 85' lang='lat' dir='ltr'>lis</span> <span class='ocrx_word' id='word_1_571' title='bbox 1289 1104 1424 1157; x_wconf 87' lang='lat' dir='ltr'>justis,</span> <span class='ocrx_word' id='word_1_572' title='bbox 1468 1116 1532 1145; x_wconf 89' lang='lat' dir='ltr'>aut</span> <span class='ocrx_word' id='word_1_573' title='bbox 1560 1108 1606 1145; x_wconf 85' lang='lat' dir='ltr'>de</span> <span class='ocrx_word' id='word_1_574' title='bbox 1634 1108 1722 1146; x_wconf 86' lang='lat' dir='ltr'>solis</span> <span class='ocrx_word' id='word_1_575' title='bbox 1753 1109 1930 1148; x_wconf 79' lang='lat' dir='ltr'>fidelibus</span> <span class='ocrx_word' id='word_1_576' title='bbox 1963 1120 2001 1148; x_wconf 90' lang='lat' dir='ltr'>ut</span> <span class='ocrx_word' id='word_1_577' title='bbox 2032 1111 2247 1163; x_wconf 86' lang='lat' dir='ltr'>plurimum</span> <span class='ocrx_word' id='word_1_578' title='bbox 2279 1112 2333 1149; x_wconf 82' lang='lat' dir='ltr'>lo·-</span> 
     </span>
     <span class='ocr_line' id='line_1_80' title="bbox 1211 1159 2335 1214; baseline 0.006 -18"><span class='ocrx_word' id='word_1_579' title='bbox 1211 1160 1281 1209; x_wconf 83' lang='lat' dir='ltr'>qui</span> <span class='ocrx_word' id='word_1_580' title='bbox 1312 1159 1516 1198; x_wconf 81' lang='lat' dir='ltr'>videntur.</span> <span class='ocrx_word' id='word_1_581' title='bbox 1547 1161 1679 1199; x_wconf 88' lang='lat' dir='ltr'>Tertio</span> <span class='ocrx_word' id='word_1_582' title='bbox 1708 1162 1874 1214; x_wconf 84' lang='lat' dir='ltr'>idipsum</span> <span class='ocrx_word' id='word_1_583' title='bbox 1906 1165 2019 1201; x_wconf 85' lang='lat' dir='ltr'>etiam</span> <span class='ocrx_word' id='word_1_584' title='bbox 2050 1164 2226 1203; x_wconf 80' lang='lat' dir='ltr'>Ecclesia</span> <span class='ocrx_word' id='word_1_585' title='bbox 2255 1179 2335 1203; x_wconf 84' lang='lat' dir='ltr'>seu-</span> 
     </span>
     <span class='ocr_line' id='line_1_81' title="bbox 1212 1212 2333 1269; baseline 0.005 -20"><span class='ocrx_word' id='word_1_586' title='bbox 1212 1215 1283 1250; x_wconf 89' lang='lat' dir='ltr'>tire</span> <span class='ocrx_word' id='word_1_587' title='bbox 1313 1212 1490 1264; x_wconf 75' lang='lat' dir='ltr'>videtur,</span> <span class='ocrx_word' id='word_1_588' title='bbox 1521 1215 1673 1266; x_wconf 74' lang='lat' dir='ltr'>quaudo</span> <span class='ocrx_word' id='word_1_589' title='bbox 1702 1229 1817 1267; x_wconf 83' lang='lat' dir='ltr'>supra</span> <span class='ocrx_word' id='word_1_590' title='bbox 1845 1217 2119 1269; x_wconf 83' lang='lat' dir='ltr'>baptizandum</span> <span class='ocrx_word' id='word_1_591' title='bbox 2148 1219 2201 1255; x_wconf 87' lang='lat' dir='ltr'>sic</span> <span class='ocrx_word' id='word_1_592' title='bbox 2232 1227 2333 1255; x_wconf 80' lang='lat' dir='ltr'>orat:</span> 
     </span>
     <span class='ocr_line' id='line_1_82' title="bbox 1217 1265 2335 1322; baseline 0.005 -20"><span class='ocrx_word' id='word_1_593' title='bbox 1217 1265 1459 1315; x_wconf 58' lang='lat' dir='ltr'>Quaesumus</span> <span class='ocrx_word' id='word_1_594' title='bbox 1477 1298 1487 1315; x_wconf 87' lang='lat'>,</span> <span class='ocrx_word' id='word_1_595' title='bbox 1527 1272 1681 1306; x_wconf 71' lang='lat' dir='ltr'>mittere</span> <span class='ocrx_word' id='word_1_596' title='bbox 1712 1268 1886 1322; x_wconf 74' lang='lat' dir='ltr'>digneris</span> <span class='ocrx_word' id='word_1_597' title='bbox 1916 1281 2104 1308; x_wconf 57' lang='lat' dir='ltr'>stinctum</span> <span class='ocrx_word' id='word_1_598' title='bbox 2135 1271 2335 1322; x_wconf 75' lang='lat' dir='ltr'>Angelum</span> 
     </span>
     <span class='ocr_line' id='line_1_83' title="bbox 1213 1320 2335 1374; baseline 0.007 -20"><span class='ocrx_word' id='word_1_599' title='bbox 1213 1327 1325 1355; x_wconf 84' lang='lat' dir='ltr'>tuum</span> <span class='ocrx_word' id='word_1_600' title='bbox 1343 1349 1353 1366; x_wconf 87' lang='lat'>,</span> <span class='ocrx_word' id='word_1_601' title='bbox 1383 1328 1424 1356; x_wconf 85' lang='lat' dir='ltr'>ut</span> <span class='ocrx_word' id='word_1_602' title='bbox 1452 1321 1648 1359; x_wconf 62' lang='lat' dir='ltr'>custodiat</span> <span class='ocrx_word' id='word_1_603' title='bbox 1678 1320 1780 1360; x_wconf 72' lang='lat' dir='ltr'>hunc</span> <span class='ocrx_word' id='word_1_604' title='bbox 1797 1323 2012 1374; x_wconf 76' lang='lat' dir='ltr'>famulum</span> <span class='ocrx_word' id='word_1_605' title='bbox 2035 1334 2150 1361; x_wconf 68' lang='lat' dir='ltr'>⁴tuum</span> <span class='ocrx_word' id='word_1_606' title='bbox 2167 1351 2178 1361; x_wconf 85' lang='lat'><strong>.</strong></span> <span class='ocrx_word' id='word_1_607' title='bbox 2209 1325 2335 1372; x_wconf 76' lang='lat' dir='ltr'>Quar-</span> 
     </span>
     <span class='ocr_line' id='line_1_84' title="bbox 1216 1370 2336 1430; baseline 0.007 -22"><span class='ocrx_word' id='word_1_608' title='bbox 1216 1379 1252 1408; x_wconf 88' lang='lat' dir='ltr'>to</span> <span class='ocrx_word' id='word_1_609' title='bbox 1279 1370 1412 1410; x_wconf 83' lang='lat' dir='ltr'>saltem</span> <span class='ocrx_word' id='word_1_610' title='bbox 1442 1374 1546 1410; x_wconf 84' lang='lat' dir='ltr'>credi</span> <span class='ocrx_word' id='word_1_611' title='bbox 1604 1383 1691 1411; x_wconf 87' lang='lat' dir='ltr'>otest</span> <span class='ocrx_word' id='word_1_612' title='bbox 1709 1403 1718 1420; x_wconf 76' lang='grc'>,</span> <span class='ocrx_word' id='word_1_613' title='bbox 1750 1377 1934 1428; x_wconf 77' lang='lat' dir='ltr'>insignes,</span> <span class='ocrx_word' id='word_1_614' title='bbox 1966 1377 1998 1413; x_wconf 73' lang='lat'>8&lt;</span> <span class='ocrx_word' id='word_1_615' title='bbox 2027 1378 2228 1416; x_wconf 83' lang='lat' dir='ltr'>obduratos</span> <span class='ocrx_word' id='word_1_616' title='bbox 2249 1392 2336 1430; x_wconf 74' lang='lat' dir='ltr'>pec·</span> 
     </span>
     <span class='ocr_line' id='line_1_85' title="bbox 1215 1389 2335 1483; baseline 0.006 -21"><span class='ocrx_word' id='word_1_617' title='bbox 1215 1434 1355 1462; x_wconf 80' lang='lat' dir='ltr'>catores</span> <span class='ocrx_word' id='word_1_618' title='bbox 1384 1425 1434 1463; x_wconf 83' lang='lat' dir='ltr'>ab</span> <span class='ocrx_word' id='word_1_619' title='bbox 1465 1389 1618 1477; x_wconf 81' lang='lat' dir='ltr'>Angelis</span> <span class='ocrx_word' id='word_1_620' title='bbox 1646 1427 1795 1475; x_wconf 82' lang='lat' dir='ltr'>deseri,</span> <span class='ocrx_word' id='word_1_621' title='bbox 1839 1443 1928 1466; x_wconf 87' lang='lat' dir='ltr'>cum</span> <span class='ocrx_word' id='word_1_622' title='bbox 1957 1430 2061 1468; x_wconf 87' lang='lat' dir='ltr'>Deus</span> <span class='ocrx_word' id='word_1_623' title='bbox 2092 1432 2171 1482; x_wconf 88' lang='lat' dir='ltr'>ipse</span> <span class='ocrx_word' id='word_1_624' title='bbox 2213 1434 2335 1483; x_wconf 79' lang='lat' dir='ltr'>gratia</span> 
     </span>
     <span class='ocr_line' id='line_1_86' title="bbox 1215 1477 2335 1535; baseline 0.008 -22"><span class='ocrx_word' id='word_1_625' title='bbox 1215 1490 1283 1514; x_wconf 85' lang='lat' dir='ltr'>sua</span> <span class='ocrx_word' id='word_1_626' title='bbox 1311 1477 1396 1515; x_wconf 88' lang='lat' dir='ltr'>illos</span> <span class='ocrx_word' id='word_1_627' title='bbox 1426 1478 1594 1516; x_wconf 77' lang='lat' dir='ltr'>deserere</span> <span class='ocrx_word' id='word_1_628' title='bbox 1624 1480 1821 1525; x_wconf 83' lang='lat' dir='ltr'>videatur3</span> <span class='ocrx_word' id='word_1_629' title='bbox 1851 1483 1950 1520; x_wconf 71' lang='lat' dir='ltr'>unde</span> <span class='ocrx_word' id='word_1_630' title='bbox 1981 1481 2078 1520; x_wconf 86' lang='lat' dir='ltr'>illud</span> <span class='ocrx_word' id='word_1_631' title='bbox 2107 1484 2210 1535; x_wconf 84' lang='lat' dir='ltr'>apud</span> <span class='ocrx_word' id='word_1_632' title='bbox 2229 1484 2335 1522; x_wconf 83' lang='lat' dir='ltr'>Jere-</span> 
     </span>
     <span class='ocr_line' id='line_1_87' title="bbox 1216 1531 2336 1586; baseline 0.009 -21"><span class='ocrx_word' id='word_1_633' title='bbox 1216 1531 1335 1566; x_wconf 89' lang='lat' dir='ltr'>miam</span> <span class='ocrx_word' id='word_1_634' title='bbox 1365 1531 1430 1568; x_wconf 88' lang='lat' dir='ltr'>LI.</span> <span class='ocrx_word' id='word_1_635' title='bbox 1460 1543 1498 1582; x_wconf 77' lang='lat'>9.</span> <span class='ocrx_word' id='word_1_636' title='bbox 1525 1531 1765 1570; x_wconf 56' lang='lat' dir='ltr'>curatimus</span> <span class='ocrx_word' id='word_1_637' title='bbox 1788 1533 2037 1586; x_wconf 63' lang='lat' dir='ltr'>Babylonem</span> <span class='ocrx_word' id='word_1_638' title='bbox 2055 1566 2065 1584; x_wconf 90' lang='lat'>‚</span> <span class='ocrx_word' id='word_1_639' title='bbox 2094 1537 2143 1577; x_wconf 67' lang='lat'>&lt;9¹</span> <span class='ocrx_word' id='word_1_640' title='bbox 2172 1549 2253 1575; x_wconf 80' lang='lat' dir='ltr'>non</span> <span class='ocrx_word' id='word_1_641' title='bbox 2275 1547 2336 1575; x_wconf 76' lang='lat' dir='ltr'>est</span> 
     </span>
     <span class='ocr_line' id='line_1_88' title="bbox 1215 1582 1902 1633; baseline 0.01 -15"><span class='ocrx_word' id='word_1_642' title='bbox 1215 1590 1368 1618; x_wconf 77' lang='lat' dir='ltr'>sanata</span> <span class='ocrx_word' id='word_1_643' title='bbox 1386 1612 1396 1629; x_wconf 87' lang='lat'><em>‚</em></span> <span class='ocrx_word' id='word_1_644' title='bbox 1426 1582 1750 1633; x_wconf 74' lang='lat' dir='ltr'>derelinquamus</span> <span class='ocrx_word' id='word_1_645' title='bbox 1779 1599 1874 1623; x_wconf 78' lang='lat' dir='ltr'>eam</span> <span class='ocrx_word' id='word_1_646' title='bbox 1891 1614 1902 1625; x_wconf 83' lang='lat'><strong>.</strong></span> 
     </span>
    </p>

    <p class='ocr_par' dir='ltr' id='par_1_13' title="bbox 1215 1634 2342 2115">
     <span class='ocr_line' id='line_1_89' title="bbox 1271 1634 2334 1691; baseline 0.008 -19"><span class='ocrx_word' id='word_1_647' title='bbox 1271 1634 1362 1685; x_wconf 73' lang='lat'><strong>247.</strong></span> <span class='ocrx_word' id='word_1_648' title='bbox 1395 1634 1506 1687; x_wconf 80' lang='lat' dir='ltr'>Resp.</span> <span class='ocrx_word' id='word_1_649' title='bbox 1537 1638 1691 1686; x_wconf 77' lang='lat' dir='ltr'>prinio,</span> <span class='ocrx_word' id='word_1_650' title='bbox 1719 1651 1793 1674; x_wconf 86' lang='lat' dir='ltr'>non</span> <span class='ocrx_word' id='word_1_651' title='bbox 1827 1641 1877 1675; x_wconf 83' lang='lat' dir='ltr'>ita</span> <span class='ocrx_word' id='word_1_652' title='bbox 1905 1650 2006 1678; x_wconf 90' lang='lat' dir='ltr'>certo</span> <span class='ocrx_word' id='word_1_653' title='bbox 2034 1651 2226 1691; x_wconf 77' lang='lat' dir='ltr'>constare,</span> <span class='ocrx_word' id='word_1_654' title='bbox 2257 1645 2334 1681; x_wconf 81' lang='lat' dir='ltr'>sin--</span> 
     </span>
     <span class='ocr_line' id='line_1_90' title="bbox 1217 1686 2333 1744; baseline 0.009 -20"><span class='ocrx_word' id='word_1_655' title='bbox 1217 1686 1316 1738; x_wconf 82' lang='lat' dir='ltr'>gulis</span> <span class='ocrx_word' id='word_1_656' title='bbox 1339 1689 1634 1739; x_wconf 75' lang='lat' dir='ltr'>peccatoribus,</span> <span class='ocrx_word' id='word_1_657' title='bbox 1665 1688 1699 1726; x_wconf 77' lang='lat'>8&lt;</span> <span class='ocrx_word' id='word_1_658' title='bbox 1730 1690 1949 1729; x_wconf 81' lang='lat' dir='ltr'>infidelibus</span> <span class='ocrx_word' id='word_1_659' title='bbox 1979 1693 2144 1744; x_wconf 87' lang='lat' dir='ltr'>singulos</span> <span class='ocrx_word' id='word_1_660' title='bbox 2175 1710 2249 1734; x_wconf 80' lang='lat' dir='ltr'>esse</span> <span class='ocrx_word' id='word_1_661' title='bbox 2271 1698 2333 1734; x_wconf 86' lang='lat' dir='ltr'>de-</span> 
     </span>
     <span class='ocr_line' id='line_1_91' title="bbox 1218 1737 2337 1794; baseline 0.007 -17"><span class='ocrx_word' id='word_1_662' title='bbox 1218 1742 1369 1778; x_wconf 83' lang='lat' dir='ltr'>stinatos</span> <span class='ocrx_word' id='word_1_663' title='bbox 1399 1741 1560 1794; x_wconf 83' lang='lat' dir='ltr'>Angelos</span> <span class='ocrx_word' id='word_1_664' title='bbox 1577 1772 1588 1790; x_wconf 87' lang='lat'>‚</span> <span class='ocrx_word' id='word_1_665' title='bbox 1616 1737 1942 1794; x_wconf 68' lang='lat' dir='ltr'>quemadmodum</span> <span class='ocrx_word' id='word_1_666' title='bbox 1972 1757 2073 1783; x_wconf 67' lang='lat' dir='ltr'>certo</span> <span class='ocrx_word' id='word_1_667' title='bbox 2093 1757 2230 1785; x_wconf 85' lang='lat' dir='ltr'>constat</span> <span class='ocrx_word' id='word_1_668' title='bbox 2261 1763 2337 1787; x_wconf 69' lang='lat' dir='ltr'>esse</span> 
     </span>
     <span class='ocr_line' id='line_1_92' title="bbox 1218 1794 2336 1853; baseline 0.006 -21"><span class='ocrx_word' id='word_1_669' title='bbox 1218 1794 1418 1833; x_wconf 78' lang='lat' dir='ltr'>destinatos</span> <span class='ocrx_word' id='word_1_670' title='bbox 1433 1795 1591 1848; x_wconf 83' lang='lat' dir='ltr'>singulis</span> <span class='ocrx_word' id='word_1_671' title='bbox 1606 1794 1739 1847; x_wconf 75' lang='lat' dir='ltr'>justis,</span> <span class='ocrx_word' id='word_1_672' title='bbox 1768 1806 1832 1835; x_wconf 85' lang='lat' dir='ltr'>aut</span> <span class='ocrx_word' id='word_1_673' title='bbox 1855 1798 1987 1836; x_wconf 85' lang='lat' dir='ltr'>saltem</span> <span class='ocrx_word' id='word_1_674' title='bbox 2008 1798 2190 1839; x_wconf 85' lang='lat' dir='ltr'>fidelibus</span> <span class='ocrx_word' id='word_1_675' title='bbox 2205 1831 2215 1848; x_wconf 88' lang='lat'>‚</span> <span class='ocrx_word' id='word_1_676' title='bbox 2245 1804 2336 1853; x_wconf 70' lang='lat' dir='ltr'>quia</span> 
     </span>
     <span class='ocr_line' id='line_1_93' title="bbox 1217 1847 2335 1903; baseline 0.007 -18"><span class='ocrx_word' id='word_1_677' title='bbox 1217 1847 1264 1886; x_wconf 77' lang='lat' dir='ltr'>de</span> <span class='ocrx_word' id='word_1_678' title='bbox 1293 1849 1371 1887; x_wconf 82' lang='lat' dir='ltr'>istis</span> <span class='ocrx_word' id='word_1_679' title='bbox 1400 1862 1517 1888; x_wconf 80' lang='lat' dir='ltr'>sacrae</span> <span class='ocrx_word' id='word_1_680' title='bbox 1548 1848 1683 1887; x_wconf 67' lang='lat' dir='ltr'>litterae</span> <span class='ocrx_word' id='word_1_681' title='bbox 1702 1880 1712 1898; x_wconf 87' lang='lat'>,</span> <span class='ocrx_word' id='word_1_682' title='bbox 1743 1850 1920 1889; x_wconf 84' lang='lat' dir='ltr'>&amp;Sancti</span> <span class='ocrx_word' id='word_1_683' title='bbox 1941 1851 2064 1890; x_wconf 72' lang='lat' dir='ltr'>Patre-1</span> <span class='ocrx_word' id='word_1_684' title='bbox 2086 1857 2335 1903; x_wconf 70' lang='lat' dir='ltr'>manifestius,</span> 
     </span>
     <span class='ocr_line' id='line_1_94' title="bbox 1218 1900 2338 1956; baseline 0.008 -18"><span class='ocrx_word' id='word_1_685' title='bbox 1218 1900 1252 1937; x_wconf 70' lang='grc'>8(</span> <span class='ocrx_word' id='word_1_686' title='bbox 1281 1902 1518 1955; x_wconf 59' lang='lat' dir='ltr'>frequentius</span> <span class='ocrx_word' id='word_1_687' title='bbox 1546 1902 1783 1954; x_wconf 83' lang='lat' dir='ltr'>loquuntur,</span> <span class='ocrx_word' id='word_1_688' title='bbox 1814 1919 1931 1956; x_wconf 85' lang='lat' dir='ltr'>quam</span> <span class='ocrx_word' id='word_1_689' title='bbox 1961 1905 2007 1943; x_wconf 92' lang='lat' dir='ltr'>de</span> <span class='ocrx_word' id='word_1_690' title='bbox 2029 1905 2131 1944; x_wconf 79' lang='lat' dir='ltr'>illis·</span> <span class='ocrx_word' id='word_1_691' title='bbox 2160 1908 2265 1956; x_wconf 83' lang='lat' dir='ltr'>Quia</span> <span class='ocrx_word' id='word_1_692' title='bbox 2286 1918 2338 1947; x_wconf 84' lang='lat' dir='ltr'>ta-</span> 
     </span>
     <span class='ocr_line' id='line_1_95' title="bbox 1216 1956 2342 2011; baseline 0.007 -19"><span class='ocrx_word' id='word_1_693' title='bbox 1216 1969 1307 1993; x_wconf 90' lang='lat' dir='ltr'>men</span> <span class='ocrx_word' id='word_1_694' title='bbox 1336 1958 1554 1996; x_wconf 84' lang='lat' dir='ltr'>communis</span> <span class='ocrx_word' id='word_1_695' title='bbox 1583 1956 1866 2010; x_wconf 74' lang='lat' dir='ltr'>&#39;l‘lieologorum</span> <span class='ocrx_word' id='word_1_696' title='bbox 1897 1960 2027 2011; x_wconf 85' lang='lat' dir='ltr'>opinio</span> <span class='ocrx_word' id='word_1_697' title='bbox 2057 1969 2133 2008; x_wconf 82' lang='lat' dir='ltr'>est,</span> <span class='ocrx_word' id='word_1_698' title='bbox 2169 1961 2268 2000; x_wconf 70' lang='lat' dir='ltr'>nulli</span> <span class='ocrx_word' id='word_1_699' title='bbox 2298 1975 2342 2000; x_wconf 70' lang='lat' dir='ltr'>oe</span> 
     </span>
     <span class='ocr_line' id='line_1_96' title="bbox 1215 2008 2336 2063; baseline 0.006 -17"><span class='ocrx_word' id='word_1_700' title='bbox 1215 2010 1353 2046; x_wconf 81' lang='lat' dir='ltr'>mnino</span> <span class='ocrx_word' id='word_1_701' title='bbox 1384 2008 1585 2048; x_wconf 84' lang='lat' dir='ltr'>hominum</span> <span class='ocrx_word' id='word_1_702' title='bbox 1610 2023 1726 2049; x_wconf 83' lang='lat' dir='ltr'>suum</span> <span class='ocrx_word' id='word_1_703' title='bbox 1755 2011 1947 2063; x_wconf 82' lang='lat' dir='ltr'>Angelum</span> <span class='ocrx_word' id='word_1_704' title='bbox 1977 2014 2168 2051; x_wconf 83' lang='lat' dir='ltr'>custodem</span> <span class='ocrx_word' id='word_1_705' title='bbox 2196 2016 2336 2063; x_wconf 75' lang='lat' dir='ltr'>deesse,</span> 
     </span>
     <span class='ocr_line' id='line_1_97' title="bbox 1217 2062 2226 2115; baseline 0.005 -15"><span class='ocrx_word' id='word_1_706' title='bbox 1217 2063 1304 2100; x_wconf 83' lang='lat' dir='ltr'>ideo</span> <span class='ocrx_word' id='word_1_707' title='bbox 1332 2062 1494 2115; x_wconf 77' lang='lat' dir='ltr'>objectis</span> <span class='ocrx_word' id='word_1_708' title='bbox 1522 2062 1810 2102; x_wconf 81' lang='lat' dir='ltr'>difficultatibus</span> <span class='ocrx_word' id='word_1_709' title='bbox 1839 2066 2116 2104; x_wconf 83' lang='lat' dir='ltr'>occurrendum</span> <span class='ocrx_word' id='word_1_710' title='bbox 2147 2077 2199 2105; x_wconf 78' lang='lat' dir='ltr'>est</span> <span class='ocrx_word' id='word_1_711' title='bbox 2217 2095 2226 2105; x_wconf 89' lang='lat'><strong><em>.</em></strong></span> 
     </span>
    </p>

    <p class='ocr_par' dir='ltr' id='par_1_14' title="bbox 1218 2115 2340 2697">
     <span class='ocr_line' id='line_1_98' title="bbox 1274 2115 2335 2169; baseline 0.007 -15"><span class='ocrx_word' id='word_1_712' title='bbox 1274 2115 1366 2161; x_wconf 75' lang='lat'>248.</span> <span class='ocrx_word' id='word_1_713' title='bbox 1397 2117 1444 2155; x_wconf 82' lang='lat' dir='ltr'>Et</span> <span class='ocrx_word' id='word_1_714' title='bbox 1474 2118 1600 2169; x_wconf 86' lang='lat' dir='ltr'>primo</span> <span class='ocrx_word' id='word_1_715' title='bbox 1627 2131 1822 2156; x_wconf 81' lang='lat' dir='ltr'>sacrarum</span> <span class='ocrx_word' id='word_1_716' title='bbox 1853 2118 2084 2158; x_wconf 86' lang='lat' dir='ltr'>Litterarum</span> <span class='ocrx_word' id='word_1_717' title='bbox 2121 2123 2335 2161; x_wconf 80' lang='lat' dir='ltr'>testimonia</span> 
     </span>
     <span class='ocr_line' id='line_1_99' title="bbox 1219 2168 2338 2224; baseline 0.006 -18"><span class='ocrx_word' id='word_1_718' title='bbox 1219 2169 1334 2208; x_wconf 78' lang='lat' dir='ltr'>facile</span> <span class='ocrx_word' id='word_1_719' title='bbox 1356 2168 1603 2222; x_wconf 53' lang='lat' dir='ltr'>‘explicantur</span> <span class='ocrx_word' id='word_1_720' title='bbox 1644 2171 1691 2208; x_wconf 87' lang='lat' dir='ltr'>de</span> <span class='ocrx_word' id='word_1_721' title='bbox 1720 2172 1879 2224; x_wconf 80' lang='lat' dir='ltr'>speciali</span> <span class='ocrx_word' id='word_1_722' title='bbox 1916 2186 2007 2211; x_wconf 86' lang='lat' dir='ltr'>cura</span> <span class='ocrx_word' id='word_1_723' title='bbox 2026 2203 2036 2221; x_wconf 93' lang='lat'>‚</span> <span class='ocrx_word' id='word_1_724' title='bbox 2083 2187 2201 2224; x_wconf 80' lang='lat' dir='ltr'>quam</span> <span class='ocrx_word' id='word_1_725' title='bbox 2232 2175 2338 2214; x_wconf 85' lang='lat' dir='ltr'>Deus</span> 
     </span>
     <span class='ocr_line' id='line_1_100' title="bbox 1218 2222 2340 2280; baseline 0.005 -20"><span class='ocrx_word' id='word_1_726' title='bbox 1218 2222 1333 2261; x_wconf 83' lang='lat' dir='ltr'>habet</span> <span class='ocrx_word' id='word_1_727' title='bbox 1363 2222 1599 2269; x_wconf 76' lang='lat' dir='ltr'>electorum3</span> <span class='ocrx_word' id='word_1_728' title='bbox 1628 2225 1729 2277; x_wconf 80' lang='lat' dir='ltr'>quod</span> <span class='ocrx_word' id='word_1_729' title='bbox 1760 2225 1919 2263; x_wconf 86' lang='lat' dir='ltr'>minime</span> <span class='ocrx_word' id='word_1_730' title='bbox 1950 2226 2133 2279; x_wconf 85' lang='lat' dir='ltr'>impedit,</span> <span class='ocrx_word' id='word_1_731' title='bbox 2162 2230 2256 2280; x_wconf 88' lang='lat' dir='ltr'>quin</span> <span class='ocrx_word' id='word_1_732' title='bbox 2286 2238 2340 2267; x_wconf 89' lang='lat' dir='ltr'>et-</span> 
     </span>
     <span class='ocr_line' id='line_1_101' title="bbox 1218 2275 2339 2330; baseline 0.006 -16"><span class='ocrx_word' id='word_1_733' title='bbox 1218 2277 1297 2314; x_wconf 88' lang='lat' dir='ltr'>iam</span> <span class='ocrx_word' id='word_1_734' title='bbox 1327 2276 1422 2314; x_wconf 87' lang='lat' dir='ltr'>alios</span> <span class='ocrx_word' id='word_1_735' title='bbox 1451 2275 1625 2315; x_wconf 77' lang='lat' dir='ltr'>homiues</span> <span class='ocrx_word' id='word_1_736' title='bbox 1656 2277 1888 2330; x_wconf 86' lang='lat' dir='ltr'>Angelorum</span> <span class='ocrx_word' id='word_1_737' title='bbox 1916 2281 2098 2318; x_wconf 78' lang='lat' dir='ltr'>custodiae</span> <span class='ocrx_word' id='word_1_738' title='bbox 2136 2283 2339 2321; x_wconf 85' lang='lat' dir='ltr'>commise-</span> 
     </span>
     <span class='ocr_line' id='line_1_102' title="bbox 1220 2330 2336 2386; baseline 0.005 -19"><span class='ocrx_word' id='word_1_739' title='bbox 1220 2331 1295 2368; x_wconf 84' lang='lat' dir='ltr'>rit.</span> <span class='ocrx_word' id='word_1_740' title='bbox 1341 2330 1503 2382; x_wconf 69' lang='lat' dir='ltr'>insuper</span> <span class='ocrx_word' id='word_1_741' title='bbox 1530 2330 1733 2382; x_wconf 83' lang='lat' dir='ltr'>observare</span> <span class='ocrx_word' id='word_1_742' title='bbox 1761 2341 1934 2384; x_wconf 82' lang='lat' dir='ltr'>oportet,</span> <span class='ocrx_word' id='word_1_743' title='bbox 1984 2332 2208 2386; x_wconf 84' lang='lat' dir='ltr'>Apostolum</span> <span class='ocrx_word' id='word_1_744' title='bbox 2237 2334 2336 2373; x_wconf 83' lang='lat' dir='ltr'>Pau-</span> 
     </span>
     <span class='ocr_line' id='line_1_103' title="bbox 1219 2383 2338 2438; baseline 0.005 -18"><span class='ocrx_word' id='word_1_745' title='bbox 1219 2383 1302 2421; x_wconf 88' lang='lat' dir='ltr'>lum</span> <span class='ocrx_word' id='word_1_746' title='bbox 1320 2412 1330 2430; x_wconf 87' lang='lat'>‚</span> <span class='ocrx_word' id='word_1_747' title='bbox 1373 2397 1463 2421; x_wconf 88' lang='lat' dir='ltr'>cum</span> <span class='ocrx_word' id='word_1_748' title='bbox 1493 2383 1585 2422; x_wconf 86' lang='lat' dir='ltr'>dicit</span> <span class='ocrx_word' id='word_1_749' title='bbox 1613 2398 1700 2437; x_wconf 89' lang='lat' dir='ltr'>cap.</span> <span class='ocrx_word' id='word_1_750' title='bbox 1730 2385 1761 2423; x_wconf 89' lang='grc' dir='ltr'>Ι.</span> <span class='ocrx_word' id='word_1_751' title='bbox 1792 2384 1866 2438; x_wconf 85' lang='lat' dir='ltr'>Ep.</span> <span class='ocrx_word' id='word_1_752' title='bbox 1895 2386 1942 2424; x_wconf 88' lang='lat' dir='ltr'>ad</span> <span class='ocrx_word' id='word_1_753' title='bbox 1972 2385 2157 2426; x_wconf 77' lang='lat' dir='ltr'>Hebraeos</span> <span class='ocrx_word' id='word_1_754' title='bbox 2185 2387 2232 2425; x_wconf 88' lang='lat' dir='ltr'>de</span> <span class='ocrx_word' id='word_1_755' title='bbox 2261 2391 2338 2427; x_wconf 86' lang='lat' dir='ltr'>An-</span> 
     </span>
     <span class='ocr_line' id='line_1_104' title="bbox 1218 2436 2339 2491; baseline 0.005 -18"><span class='ocrx_word' id='word_1_756' title='bbox 1218 2436 1336 2488; x_wconf 84' lang='lat' dir='ltr'>gelis:</span> <span class='ocrx_word' id='word_1_757' title='bbox 1370 2436 1523 2474; x_wconf 81' lang='lat' dir='ltr'>Omnes</span> <span class='ocrx_word' id='word_1_758' title='bbox 1550 2446 1642 2475; x_wconf 82' lang='lat' dir='ltr'>sunt</span> <span class='ocrx_word' id='word_1_759' title='bbox 1671 2436 2005 2478; x_wconf 78' lang='lat' dir='ltr'>administratorii</span> <span class='ocrx_word' id='word_1_760' title='bbox 2025 2444 2182 2491; x_wconf 83' lang='lat' dir='ltr'>spiritus</span> <span class='ocrx_word' id='word_1_761' title='bbox 2203 2445 2243 2478; x_wconf 86' lang='grc' dir='ltr'><strong><em>ιή</em></strong></span> <span class='ocrx_word' id='word_1_762' title='bbox 2264 2446 2339 2479; x_wconf 87' lang='lat' dir='ltr'>mi-</span> 
     </span>
     <span class='ocr_line' id='line_1_105' title="bbox 1219 2493 2335 2545; baseline 0.005 -19"><span class='ocrx_word' id='word_1_763' title='bbox 1219 2493 1426 2528; x_wconf 82' lang='lat' dir='ltr'>nisterium</span> <span class='ocrx_word' id='word_1_764' title='bbox 1457 2494 1595 2538; x_wconf 81' lang='lat' dir='ltr'>missi,</span> <span class='ocrx_word' id='word_1_765' title='bbox 1638 2504 1714 2529; x_wconf 87' lang='lat' dir='ltr'>non</span> <span class='ocrx_word' id='word_1_766' title='bbox 1745 2493 1824 2530; x_wconf 88' lang='lat' dir='ltr'>sine</span> <span class='ocrx_word' id='word_1_767' title='bbox 1853 2507 1966 2532; x_wconf 86' lang='lat' dir='ltr'>causa</span> <span class='ocrx_word' id='word_1_768' title='bbox 1994 2494 2201 2532; x_wconf 84' lang='lat' dir='ltr'>addidisse:</span> <span class='ocrx_word' id='word_1_769' title='bbox 2247 2507 2335 2545; x_wconf 82' lang='lat' dir='ltr'>pro-</span> 
     </span>
     <span class='ocr_line' id='line_1_106' title="bbox 1219 2542 2336 2595; baseline 0.004 -16"><span class='ocrx_word' id='word_1_770' title='bbox 1219 2551 1304 2591; x_wconf 88' lang='lat' dir='ltr'>pter</span> <span class='ocrx_word' id='word_1_771' title='bbox 1332 2556 1398 2580; x_wconf 82' lang='lat' dir='ltr'>eos</span> <span class='ocrx_word' id='word_1_772' title='bbox 1418 2573 1430 2592; x_wconf 89' lang='lat'>,</span> <span class='ocrx_word' id='word_1_773' title='bbox 1478 2548 1542 2593; x_wconf 79' lang='lat' dir='ltr'>qui</span> <span class='ocrx_word' id='word_1_774' title='bbox 1571 2542 1851 2583; x_wconf 72' lang='lat' dir='ltr'>hoereditatem</span> <span class='ocrx_word' id='word_1_775' title='bbox 1887 2551 2048 2595; x_wconf 80' lang='lat' dir='ltr'>capient</span> <span class='ocrx_word' id='word_1_776' title='bbox 2076 2547 2217 2584; x_wconf 79' lang='lat' dir='ltr'>salutis</span> <span class='ocrx_word' id='word_1_777' title='bbox 2231 2562 2248 2590; x_wconf 90' lang='lat'>,·</span> <span class='ocrx_word' id='word_1_778' title='bbox 2296 2556 2336 2585; x_wconf 88' lang='lat' dir='ltr'>ut</span> 
     </span>
     <span class='ocr_line' id='line_1_107' title="bbox 1220 2594 2337 2646; baseline 0.004 -15"><span class='ocrx_word' id='word_1_779' title='bbox 1220 2594 1365 2632; x_wconf 83' lang='lat' dir='ltr'>scilicet</span> <span class='ocrx_word' id='word_1_780' title='bbox 1394 2595 1679 2645; x_wconf 80' lang='lat' dir='ltr'>intelligamus,</span> <span class='ocrx_word' id='word_1_781' title='bbox 1722 2597 1883 2646; x_wconf 88' lang='lat' dir='ltr'>Angelos</span> <span class='ocrx_word' id='word_1_782' title='bbox 1912 2612 1987 2635; x_wconf 88' lang='lat' dir='ltr'>non</span> <span class='ocrx_word' id='word_1_783' title='bbox 2024 2612 2101 2636; x_wconf 88' lang='lat' dir='ltr'>esse</span> <span class='ocrx_word' id='word_1_784' title='bbox 2132 2601 2259 2637; x_wconf 78' lang='lat' dir='ltr'>missos</span> <span class='ocrx_word' id='word_1_785' title='bbox 2285 2600 2337 2636; x_wconf 75' lang='lat' dir='ltr'>ad</span> 
     </span>
     <span class='ocr_line' id='line_1_108' title="bbox 1219 2645 2337 2697; baseline 0.004 -14"><span class='ocrx_word' id='word_1_786' title='bbox 1219 2645 1314 2684; x_wconf 86' lang='lat' dir='ltr'>solos</span> <span class='ocrx_word' id='word_1_787' title='bbox 1342 2645 1479 2684; x_wconf 86' lang='lat' dir='ltr'>electos</span> <span class='ocrx_word' id='word_1_788' title='bbox 1507 2647 1557 2683; x_wconf 75' lang='lat' dir='ltr'>ad</span> <span class='ocrx_word' id='word_1_789' title='bbox 1586 2646 1848 2685; x_wconf 81' lang='lat' dir='ltr'>haereditatem</span> <span class='ocrx_word' id='word_1_790' title='bbox 1868 2648 2025 2697; x_wconf 83' lang='lat' dir='ltr'>salutis,</span> <span class='ocrx_word' id='word_1_791' title='bbox 2052 2662 2190 2688; x_wconf 80' lang='lat' dir='ltr'>verum</span> <span class='ocrx_word' id='word_1_792' title='bbox 2219 2652 2337 2689; x_wconf 85' lang='lat' dir='ltr'>etiam</span> 
     </span>
    </p>
   </div>
   <div class='ocr_carea' id='block_1_6' title="bbox 2233 2704 2285 2742">
    <p class='ocr_par' dir='ltr' id='par_1_15' title="bbox 2233 2704 2285 2742">
     <span class='ocr_line' id='line_1_109' title="bbox 2233 2704 2285 2742; baseline 0.019 -1"><span class='ocrx_word' id='word_1_793' title='bbox 2233 2704 2285 2742; x_wconf 78' lang='lat' dir='ltr'>ad</span> 
     </span>
    </p>
   </div>
   <div class='ocr_carea' id='block_1_7' title="bbox 1216 2834 2336 3341">
    <p class='ocr_par' dir='ltr' id='par_1_16' title="bbox 1216 2834 2336 3249">
     <span class='ocr_line' id='line_1_110' title="bbox 1220 2834 2336 2880; baseline 0.002 -12"><span class='ocrx_word' id='word_1_794' title='bbox 1220 2834 1379 2880; x_wconf 82' lang='lat' dir='ltr'>quidem,</span> <span class='ocrx_word' id='word_1_795' title='bbox 1405 2834 1494 2878; x_wconf 73' lang='lat' dir='ltr'>quod</span> <span class='ocrx_word' id='word_1_796' title='bbox 1518 2834 1663 2876; x_wconf 78' lang='lat' dir='ltr'>affectus</span> <span class='ocrx_word' id='word_1_797' title='bbox 1691 2835 1876 2867; x_wconf 81' lang='lat' dir='ltr'>inclinetur</span> <span class='ocrx_word' id='word_1_798' title='bbox 1901 2834 1947 2868; x_wconf 77' lang='lat' dir='ltr'>ad</span> <span class='ocrx_word' id='word_1_799' title='bbox 1971 2835 2113 2874; x_wconf 68' lang='lat' dir='ltr'>baanna,-</span> <span class='ocrx_word' id='word_1_800' title='bbox 2148 2836 2236 2880; x_wconf 81' lang='lat' dir='ltr'>quod</span> <span class='ocrx_word' id='word_1_801' title='bbox 2260 2840 2336 2880; x_wconf 84' lang='lat' dir='ltr'>qui-</span> 
     </span>
     <span class='ocr_line' id='line_1_111' title="bbox 1221 2881 2334 2924; baseline 0.003 -11"><span class='ocrx_word' id='word_1_802' title='bbox 1221 2884 1297 2916; x_wconf 78' lang='lat' dir='ltr'>dem</span> <span class='ocrx_word' id='word_1_803' title='bbox 1313 2881 1366 2923; x_wconf 86' lang='lat' dir='ltr'>fit</span> <span class='ocrx_word' id='word_1_804' title='bbox 1391 2884 1425 2913; x_wconf 87' lang='lat' dir='ltr'>in</span> <span class='ocrx_word' id='word_1_805' title='bbox 1451 2883 1549 2914; x_wconf 83' lang='lat' dir='ltr'>nobis</span> <span class='ocrx_word' id='word_1_806' title='bbox 1574 2894 1634 2924; x_wconf 75' lang='lat' dir='ltr'>per</span> <span class='ocrx_word' id='word_1_807' title='bbox 1659 2881 1806 2913; x_wconf 70' lang='lat' dir='ltr'>habitum</span> <span class='ocrx_word' id='word_1_808' title='bbox 1831 2884 1966 2914; x_wconf 70' lang='lat' dir='ltr'>virtutis</span> <span class='ocrx_word' id='word_1_809' title='bbox 1991 2884 2158 2915; x_wconf 77' lang='lat' dir='ltr'>moralis.-</span> <span class='ocrx_word' id='word_1_810' title='bbox 2185 2885 2334 2916; x_wconf 79' lang='lat' dir='ltr'>secundo</span> 
     </span>
     <span class='ocr_line' id='line_1_112' title="bbox 1219 2928 2335 2973; baseline 0.001 -11"><span class='ocrx_word' id='word_1_811' title='bbox 1219 2936 1353 2967; x_wconf 79' lang='lat' dir='ltr'>autem,</span> <span class='ocrx_word' id='word_1_812' title='bbox 1381 2929 1467 2970; x_wconf 77' lang='lat' dir='ltr'>quod</span> <span class='ocrx_word' id='word_1_813' title='bbox 1495 2932 1583 2960; x_wconf 78' lang='lat' dir='ltr'>ratio</span> <span class='ocrx_word' id='word_1_814' title='bbox 1611 2931 1758 2960; x_wconf 62' lang='lat' dir='ltr'>inveniat</span> <span class='ocrx_word' id='word_1_815' title='bbox 1786 2938 1953 2971; x_wconf 78' lang='lat' dir='ltr'>congruas</span> <span class='ocrx_word' id='word_1_816' title='bbox 1979 2928 2050 2960; x_wconf 73' lang='lat' dir='ltr'>vias</span> <span class='ocrx_word' id='word_1_817' title='bbox 2076 2931 2122 2962; x_wconf 83' lang='lat' dir='ltr'>‹nl</span> <span class='ocrx_word' id='word_1_818' title='bbox 2145 2930 2335 2973; x_wconf 75' lang='lat' dir='ltr'>perficien-</span> 
     </span>
     <span class='ocr_line' id='line_1_113' title="bbox 1219 2972 2335 3018; baseline 0.001 -10"><span class='ocrx_word' id='word_1_819' title='bbox 1219 2977 1296 3008; x_wconf 82' lang='lat' dir='ltr'>dum</span> <span class='ocrx_word' id='word_1_820' title='bbox 1321 2975 1438 3006; x_wconf 80' lang='lat' dir='ltr'>bonnm</span> <span class='ocrx_word' id='word_1_821' title='bbox 1465 2978 1600 3006; x_wconf 77' lang='lat' dir='ltr'>virtutis</span> <span class='ocrx_word' id='word_1_822' title='bbox 1615 2995 1626 3012; x_wconf 92' lang='lat'>,</span> <span class='ocrx_word' id='word_1_823' title='bbox 1651 2974 1738 3015; x_wconf 80' lang='lat' dir='ltr'>quod</span> <span class='ocrx_word' id='word_1_824' title='bbox 1763 2974 1895 3017; x_wconf 82' lang='lat' dir='ltr'>quidem</span> <span class='ocrx_word' id='word_1_825' title='bbox 1915 2972 2148 3018; x_wconf 75' lang='lat' dir='ltr'>Philosophus</span> <span class='ocrx_word' id='word_1_826' title='bbox 2173 2977 2335 3009; x_wconf 78' lang='lat' dir='ltr'>attribuit</span> 
     </span>
     <span class='ocr_line' id='line_1_114' title="bbox 1216 3019 2335 3065; baseline 0.002 -11"><span class='ocrx_word' id='word_1_827' title='bbox 1216 3023 1403 3065; x_wconf 62' lang='lat' dir='ltr'>prudentiae</span> <span class='ocrx_word' id='word_1_828' title='bbox 1421 3043 1429 3050; x_wconf 95' lang='lat'>.</span> <span class='ocrx_word' id='word_1_829' title='bbox 1475 3020 1641 3064; x_wconf 75' lang='lat' dir='ltr'>Quantum</span> <span class='ocrx_word' id='word_1_830' title='bbox 1668 3031 1748 3063; x_wconf 76' lang='lat' dir='ltr'>ergo</span> <span class='ocrx_word' id='word_1_831' title='bbox 1774 3020 1820 3054; x_wconf 80' lang='lat' dir='ltr'>ud</span> <span class='ocrx_word' id='word_1_832' title='bbox 1843 3023 1987 3063; x_wconf 80' lang='lat' dir='ltr'>primum</span> <span class='ocrx_word' id='word_1_833' title='bbox 2014 3019 2111 3054; x_wconf 83' lang='lat' dir='ltr'>Deus</span> <span class='ocrx_word' id='word_1_834' title='bbox 2136 3023 2335 3056; x_wconf 80' lang='lat' dir='ltr'>immediate</span> 
     </span>
     <span class='ocr_line' id='line_1_115' title="bbox 1220 3063 2335 3109; baseline 0.001 -9"><span class='ocrx_word' id='word_1_835' title='bbox 1220 3069 1372 3100; x_wconf 76' lang='lat' dir='ltr'>custodit</span> <span class='ocrx_word' id='word_1_836' title='bbox 1397 3066 1561 3099; x_wconf 75' lang='lat' dir='ltr'>hominem</span> <span class='ocrx_word' id='word_1_837' title='bbox 1577 3086 1586 3104; x_wconf 90' lang='lat'>‚</span> <span class='ocrx_word' id='word_1_838' title='bbox 1614 3063 1826 3108; x_wconf 79' lang='lat' dir='ltr'>infundendo</span> <span class='ocrx_word' id='word_1_839' title='bbox 1844 3069 1876 3098; x_wconf 82' lang='lat' dir='ltr'>ei</span> <span class='ocrx_word' id='word_1_840' title='bbox 1894 3070 2066 3109; x_wconf 79' lang='lat' dir='ltr'>gratiam,</span> <span class='ocrx_word' id='word_1_841' title='bbox 2093 3071 2135 3100; x_wconf 66' lang='grc' dir='ltr'><em>Θ</em></span> <span class='ocrx_word' id='word_1_842' title='bbox 2161 3072 2306 3101; x_wconf 67' lang='lat' dir='ltr'>&lt;virtutes</span> <span class='ocrx_word' id='word_1_843' title='bbox 2320 3083 2335 3107; x_wconf 79' lang='lat'>,-</span> 
     </span>
     <span class='ocr_line' id='line_1_116' title="bbox 1221 3110 2332 3159; baseline 0.001 -13"><span class='ocrx_word' id='word_1_844' title='bbox 1221 3123 1372 3159; x_wconf 78' lang='lat' dir='ltr'>qnantum</span> <span class='ocrx_word' id='word_1_845' title='bbox 1398 3121 1504 3145; x_wconf 83' lang='lat' dir='ltr'>antem</span> <span class='ocrx_word' id='word_1_846' title='bbox 1535 3113 1582 3144; x_wconf 75' lang='lat' dir='ltr'>acl</span> <span class='ocrx_word' id='word_1_847' title='bbox 1619 3111 1799 3144; x_wconf 80' lang='lat' dir='ltr'>secundum</span> <span class='ocrx_word' id='word_1_848' title='bbox 1825 3110 1922 3145; x_wconf 78' lang='lat' dir='ltr'>Deus</span> <span class='ocrx_word' id='word_1_849' title='bbox 1960 3114 2115 3146; x_wconf 79' lang='lat' dir='ltr'>custodit</span> <span class='ocrx_word' id='word_1_850' title='bbox 2149 3114 2332 3154; x_wconf 81' lang='lat' dir='ltr'>homines,</span> 
     </span>
     <span class='ocr_line' id='line_1_117' title="bbox 1221 3159 2332 3205; baseline 0 -11"><span class='ocrx_word' id='word_1_851' title='bbox 1221 3165 1310 3194; x_wconf 82' lang='lat' dir='ltr'>sient</span> <span class='ocrx_word' id='word_1_852' title='bbox 1336 3161 1540 3192; x_wconf 68' lang='lat' dir='ltr'>universalis</span> <span class='ocrx_word' id='word_1_853' title='bbox 1565 3161 1780 3198; x_wconf 78' lang='lat' dir='ltr'>instructor,</span> <span class='ocrx_word' id='word_1_854' title='bbox 1816 3159 1913 3205; x_wconf 80' lang='lat' dir='ltr'>cujus</span> <span class='ocrx_word' id='word_1_855' title='bbox 1940 3162 2125 3194; x_wconf 85' lang='lat' dir='ltr'>instructio</span> <span class='ocrx_word' id='word_1_856' title='bbox 2150 3162 2196 3194; x_wconf 81' lang='lat' dir='ltr'>ad</span> <span class='ocrx_word' id='word_1_857' title='bbox 2223 3161 2332 3194; x_wconf 76' lang='lat' dir='ltr'>homi-</span> 
     </span>
     <span class='ocr_line' id='line_1_118' title="bbox 1218 3204 1928 3249; baseline -0.004 -9"><span class='ocrx_word' id='word_1_858' title='bbox 1218 3220 1291 3240; x_wconf 82' lang='lat' dir='ltr'>nem</span> <span class='ocrx_word' id='word_1_859' title='bbox 1315 3208 1469 3249; x_wconf 68' lang='lat' dir='ltr'>pervenit</span> <span class='ocrx_word' id='word_1_860' title='bbox 1493 3204 1723 3237; x_wconf 76' lang='lat' dir='ltr'>mediantibus</span> <span class='ocrx_word' id='word_1_861' title='bbox 1749 3205 1902 3249; x_wconf 81' lang='lat' dir='ltr'>Angelis</span> <span class='ocrx_word' id='word_1_862' title='bbox 1919 3228 1928 3237; x_wconf 90' lang='lat'><strong>.</strong></span> 
     </span>
    </p>

    <p class='ocr_par' dir='ltr' id='par_1_17' title="bbox 1219 3249 2331 3341">
     <span class='ocr_line' id='line_1_119' title="bbox 1269 3249 2331 3295; baseline -0.001 -11"><span class='ocrx_word' id='word_1_863' title='bbox 1269 3254 1321 3290; x_wconf 78' lang='lat' dir='ltr'>(b)</span> <span class='ocrx_word' id='word_1_864' title='bbox 1349 3249 1430 3283; x_wconf 79' lang='lat' dir='ltr'>vid.</span> <span class='ocrx_word' id='word_1_865' title='bbox 1456 3251 1490 3283; x_wconf 92' lang='lat' dir='ltr'>S.</span> <span class='ocrx_word' id='word_1_866' title='bbox 1516 3249 1670 3284; x_wconf 77' lang='lat' dir='ltr'>Thomas</span> <span class='ocrx_word' id='word_1_867' title='bbox 1697 3251 1723 3284; x_wconf 91' lang='lat' dir='ltr'>l.</span> <span class='ocrx_word' id='word_1_868' title='bbox 1751 3251 1786 3283; x_wconf 84' lang='lat' dir='ltr'>P.</span> <span class='ocrx_word' id='word_1_869' title='bbox 1813 3262 1873 3295; x_wconf 85' lang='lat' dir='ltr'>qu.</span> <span class='ocrx_word' id='word_1_870' title='bbox 1903 3252 1981 3286; x_wconf 81' lang='lat'>113.</span> <span class='ocrx_word' id='word_1_871' title='bbox 2009 3259 2076 3285; x_wconf 84' lang='lat' dir='ltr'>art.</span> <span class='ocrx_word' id='word_1_872' title='bbox 2099 3262 2130 3286; x_wconf 80' lang='lat'>1.</span> <span class='ocrx_word' id='word_1_873' title='bbox 2157 3255 2190 3284; x_wconf 72' lang='grc' dir='ltr'>ἀ</span> <span class='ocrx_word' id='word_1_874' title='bbox 2215 3262 2272 3292; x_wconf 83' lang='lat'>2.,</span> <span class='ocrx_word' id='word_1_875' title='bbox 2298 3253 2331 3283; x_wconf 67' lang='lat'>8&lt;</span> 
     </span>
     <span class='ocr_line' id='line_1_120' title="bbox 1219 3295 2259 3341; baseline -0.004 -7"><span class='ocrx_word' id='word_1_876' title='bbox 1219 3299 1328 3334; x_wconf 74' lang='lat' dir='ltr'>Guin.</span> <span class='ocrx_word' id='word_1_877' title='bbox 1355 3296 1474 3332; x_wconf 77' lang='lat' dir='ltr'>Estius</span> <span class='ocrx_word' id='word_1_878' title='bbox 1497 3295 1537 3332; x_wconf 72' lang='lat' dir='ltr'>in</span> <span class='ocrx_word' id='word_1_879' title='bbox 1561 3296 1640 3332; x_wconf 78' lang='lat' dir='ltr'>Lib.</span> <span class='ocrx_word' id='word_1_880' title='bbox 1664 3298 1710 3332; x_wconf 74' lang='grc' dir='ltr'>Π.</span> <span class='ocrx_word' id='word_1_881' title='bbox 1731 3297 1896 3333; x_wconf 74' lang='lat' dir='ltr'>Sentent-</span> <span class='ocrx_word' id='word_1_882' title='bbox 1921 3299 2013 3334; x_wconf 78' lang='lat' dir='ltr'>Dist.</span> <span class='ocrx_word' id='word_1_883' title='bbox 2042 3299 2143 3334; x_wconf 75' lang='lat' dir='ltr'>XXI.</span> <span class='ocrx_word' id='word_1_884' title='bbox 2167 3301 2201 3341; x_wconf 75' lang='lat'>§.</span> <span class='ocrx_word' id='word_1_885' title='bbox 2229 3307 2259 3331; x_wconf 66' lang='grc' dir='ltr'>π.</span> 
     </span>
    </p>
   </div>
  </div>
 </body>
</html>
