2583 3685
272 130 326 171 82
751 121 831 164 DE
865 117 1112 162 INCARN.
1146 120 1313 161 SECT.
1345 118 1401 162 ΙΙ.
1453 115 1595 159 DISS.
1630 116 1684 158 11.
1731 117 1858 160 CAP.
1891 115 1969 161 IV.

215 207 276 247 vel
307 203 521 248 tristitiam,
570 211 801 247 memorem,
844 206 907 236 aut
938 199 1114 236 timorem
1158 197 1324 244 sentire,

276 257 361 295 158.
393 253 579 306 Hespoud.
623 252 750 290 Sanct.
794 251 962 289 Thomas
1003 261 1072 288 art.
1094 250 1131 289 6.
1177 251 1222 289 ad
1255 252 1324 298 5.‚

216 309 316 362 quod
345 307 438 345 sicut
469 307 605 344 virtute
633 305 767 343 divina
803 307 855 343 sic
886 305 1080 342 beatitudo
1109 304 1325 342 contineba-

214 374 274 401 tur
303 362 343 398 in
373 362 503 398 anima
524 388 535 407 ‚
567 367 701 396 utnon
731 357 964 396 derivaretur
985 359 1031 395 ad
1061 370 1196 409 corpus
1214 387 1224 404 ‚
1256 371 1323 394 uu⁴²

211 418 256 454 de
287 413 505 452 remanebat
545 410 752 464 passibile,
801 411 833 448 8<
865 410 1047 457 mortale3
1097 412 1149 449 sic
1192 411 1325 448 eadem

209 470 348 508 virtute
376 467 573 505 delectatio
601 465 994 517 contemplationisita
1026 465 1255 503 retinebatur
1284 464 1323 500 in

210 531 362 569 mente,
392 529 432 558 ut
461 534 535 558 non
565 519 800 557 derivaretur
828 519 875 556 ad
904 521 1002 557 vires
1030 518 1253 566 sensibiles,
1285 518 1324 554 in

211 575 352 628 quibus
380 572 513 620 dolor,
546 571 578 607 &
605 573 755 610 tristitia
773 602 783 620 ,
813 573 845 609 8<
868 581 1016 620 metus,
1046 570 1211 624 aliaeque
1241 583 1324 622 pas-

211 632 334 667 siones
364 626 634 663 remanebant.
666 622 766 663 Hinc
797 626 864 673 sit,
897 636 935 662 ut
964 639 1120 672 omnes,
1151 637 1244 675 quas
1260 636 1326 676 pro

212 679 321 720 nobis
351 677 475 718 Filius
506 680 576 718 Dei
607 679 783 717 sustinuit
814 692 970 730 poenas,
1002 691 1076 715 non
1107 677 1230 714 solum
1261 689 1326 714 vo·

213 735 390 772 luntariae
422 735 494 786 ipsi
526 734 693 780 fuerint,
741 733 804 770 sed
833 732 880 768 ad
909 745 970 769 eas
1007 730 1240 768 sustinendas
1269 729 1327 766 di-

212 789 399 840 spensatio
427 787 636 825 divinitatis
666 785 952 836 requirebatur:
1001 784 1099 822 unde
1127 783 1218 821 dicit
1247 782 1326 820 Da-

211 853 412 880 mascenus
441 840 529 878 Lib.
552 841 619 877 111.
649 838 696 876 de
713 836 805 891 fide
825 836 974 875 orthod.
1004 851 1090 889 cap·
1118 836 1177 881 14.
1208 834 1241 872 81
1271 848 1327 872 30-

214 905 372 948 quent„
417 893 519 945 qued
548 891 792 943 beneplacito
834 890 976 929 dirime
1004 891 1213 929 Voluntatis
1241 900 1328 940 per-

213 947 443 986 mittebatur
471 950 587 984 carni
613 946 696 996 pati
713 976 723 994 ‚
771 944 822 985 ἴθ’
850 948 1007 994 operari
1026 973 1036 992 ‚
1085 956 1173 994 quae
1210 946 1329 994 ipsius

213 1005 384 1053 propriae
411 1009 500 1038 sunt
519 1026 530 1038 .
578 1000 626 1038 Et
653 1001 706 1038 sic
736 997 988 1049 intelligitur,
1027 1005 1214 1048 quantum
1242 994 1330 1048 qui-

214 1058 300 1093 dem
332 1053 491 1107 intelligi
533 1063 672 1105 potest,
720 1052 909 1104 quomodo
937 1050 1043 1087 ι103113
1071 1048 1240 1087 Christus
1270 1061 1330 1085 eo-

212 1109 300 1146 dem
333 1116 500 1159 tempore
529 1107 768 1144 beatissimus
797 1105 912 1142 fuerit
955 1104 995 1140 111
1024 1104 1220 1154 superiore
1247 1102 1332 1140 ani·-

215 1175 290 1199 mae
322 1171 455 1213 parte,
484 1173 561 1213 qua
590 1160 672 1211 jugi
695 1158 767 1196 Dei
797 1159 940 1196 visione
961 1156 1188 1200 fruebatur-3
1219 1154 1252 1190 δε
1282 1156 1332 1192 si-

214 1215 299 1254 mul
328 1227 374 1251 ex
401 1215 534 1253 divina
561 1212 842 1265 dispensatione
870 1212 910 1249 iu
940 1210 1087 1249 viribus
1115 1209 1300 1248 sensitivis
1323 1236 1334 1255 ,

216 1268 411 1308 doloribus
430 1298 440 1317 ,
469 1269 689 1318 amarisque
717 1264 956 1318 passionibus
985 1263 1197 1302 obnoxius.

276 1324 365 1374 159,
398 1323 454 1360 Ad
496 1320 675 1360 confirm.
708 1333 834 1371 resp·‚
879 1316 1180 1370 probabiliorem
1211 1315 1334 1354 videri

218 1390 350 1415 eorum
379 1377 632 1422 sententiam,
679 1374 748 1425 qui
778 1372 850 1409 Dei
892 1371 1077 1422 singulari
1119 1371 1240 1422 gratia
1284 1371 1336 1407 ita

214 1431 445 1468 confortatos
474 1428 588 1466 fuisse
619 1425 809 1478 Martyres
851 1425 1033 1471 credunt,
1083 1436 1155 1460 non
1188 1431 1226 1460 ut
1256 1424 1336 1461 vim

215 1485 457 1521 cruciatuum
489 1494 563 1519 non
591 1480 798 1528 sentirent,
826 1479 888 1516 sed
911 1487 949 1515 ut
981 1477 1125 1514 fortiter
1155 1490 1215 1514 eos
1245 1476 1336 1514 tole-

215 1545 371 1575 rarent.
402 1534 514 1572 Unde
533 1534 692 1572 Sanctus
723 1532 933 1570 Bernardus
949 1531 1073 1569 Serin.
1103 1530 1208 1569 laud·
1239 1538 1336 1582 post-

215 1604 335 1642 quam
366 1588 484 1627 multa
512 1588 677 1625 oratorio
706 1600 812 1624 inore
840 1586 885 1623 de
929 1585 997 1622 1100
1027 1593 1251 1636 argumento
1278 1584 1336 1620 di-

218 1645 355 1689 xisset,
400 1641 512 1694 quasi
541 1649 617 1678 toto
644 1640 770 1678 lacero
799 1651 985 1689 corpore,
1025 1637 1058 1673 8<
1088 1638 1252 1673 rimante
1271 1634 1337 1671 'la-

221 1702 300 1734 tera
330 1697 456 1743 serre,
486 1695 617 1732 anima
646 1692 831 1744 Martyris
861 1691 955 1727 exul
981 1703 1011 1726 a
1041 1700 1202 1737 corpore
1230 1686 1335 1744 <Iolo-

219 1759 285 1787 res
314 1761 396 1785 non
424 1750 586 1784 sentiret
607 1750 779 1795 corporis
796 1773 806 1791 ‚
833 1743 984 1780 subdit:
1016 1741 1156 1792 Neque
1185 1738 1335 1791 7100111,-

219 1807 275 1840 cit
303 1809 464 1850 stupor,
493 1799 563 1836 sed
591 1810 737 1836 amor:
767 1794 1004 1834 submittitur
1033 1799 1141 1832 enim
1170 1807 1336 1842 sensus,

219 1867 303 1894 non
332 1857 559 1891 amittitur:
597 1865 670 1889 nec
700 1850 806 1889 deest
836 1848 973 1897 dolor,
1003 1849 1071 1886 3011
1100 1857 1307 1897 superatur
1328 1876 1338 1893 ,

221 1908 290 1947 sed
319 1909 611 1945 contemnitur.
641 1904 890 1955 Quamquam
921 1915 992 1940 non
1023 1902 1338 1952 repugnaverim,

219 1963 250 2000 si
280 1962 366 2013 quis
386 1960 512 1998 credat
528 1987 540 2006 ,
570 1958 696 1995 Deum
715 1956 924 2008 aliquando
954 1957 1132 1992 minuisse
1154 1956 1233 1991 vim
1254 1968 1339 1992 cru-

219 2016 390 2053 ciatuum
413 2042 424 2060 ‚
456 2020 494 2050 ut
523 2009 677 2049 facilius
707 2018 852 2062 possent
880 2023 902 2046 a
929 2008 1078 2047 Sanctis
1099 2007 1341 2059 Martyribus

223 2067 407 2106 moemuv

280 2120 367 2159 160.
397 2118 491 2166 obj.
533 2116 699 2156 secundo
727 2124 856 2155 contra
890 2113 1085 2153 tristitiam
1103 2143 1113 2162 ,
1158 2122 1305 2154 metum
1328 2145 1339 2164 ,

222 2174 255 2211 Sc
283 2183 436 2213 cetera.
462 2168 699 2224 'Hujusmodi
729 2171 848 2208 animi
877 2166 1184 2221 perturbationes
1215 2170 1254 2206 in
1276 2181 1340 2206 no-

221 2228 280 2267 bis
309 2229 482 2265 oriuntur
512 2234 665 2278 propter
694 2239 765 2272 ea,
804 2237 893 2276 quae
925 2230 1052 2260 contra
1082 2230 1246 2258 nostram
1278 2234 1342 2258 vo-

223 2281 406 2318 luntatem
437 2280 544 2318 nobis
573 2278 780 2317 accidunt.
837 2277 901 2314 Sic
931 2275 1105 2321 tristitia,
1136 2273 1341 2312 definiente

223 2334 363 2372 Sancto
394 2334 600 2384 Augustino
632 2331 677 2369 L.
697 2329 806 2369 XIV.
835 2329 884 2367 <le
916 2327 1026 2366 Civit.
1055 2324 1132 2364 Dee·
1162 2341 1248 2379 cap.
1269 2326 1307 2366 6.
1329 2358 1340 2376 ,

223 2396 282 2426 esc
311 2386 358 2424 de
388 2384 444 2423 his
466 2415 476 2433 ,
505 2399 593 2437 quoe
621 2383 731 2422 nobis
760 2380 979 2422 nolentibus
1008 2378 1224 2419 accidunt.
1272 2380 1341 2418 Ti-

222 2454 309 2479 mor
337 2453 409 2479 non
438 2447 518 2487 est,
548 2439 622 2476 nisi
650 2438 698 2475 de
727 2437 857 2485 malo,
895 2435 1002 2488 *quod
1029 2434 1141 2471 vitari
1168 2447 1243 2472 11011
1275 2446 1342 2486 po-

223 2504 318 2533 1031.
376 2493 449 2530 Sed
475 2491 579 2529 nihil
622 2491 742 2543 potuit
770 2489 919 2528 Cliristo
961 2488 1133 2525 accidere
1163 2487 1307 2525 nolenti
1330 2500 1340 2534 ς

224 2557 303 2584 tum
334 2546 425 2599 quia
456 2553 494 2583 ut
525 2544 638 2584 homo
668 2543 770 2582 Deus
812 2541 1061 2594 omnipotenti
1090 2542 1229 2579 virtute
1260 2540 1341 2592 pol-

227 2601 348 2648 lebat,
379 2609 457 2637 tum
488 2600 603 2636 etiam
632 2599 724 2649 quia
754 2595 834 2648 ejus
862 2595 1035 2633 voluutas
1065 2603 1143 2633 erat
1172 2595 1245 2632 Dei
1276 2608 1340 2633 vo-

228 2654 361 2692 luntati
390 2652 525 2706 plene,
556 2650 591 2686 81
617 2652 785 2704 perfecte
815 2649 1008 2700 subjecta:
1039 2660 1128 2698 ergo
1159 2644 1230 2687 &c.

284 2705 374 2745 161.
404 2705 612 2760 Respondet
640 2703 768 2741 Sanct.
801 2703 996 2749 Thomas,
1038 2701 1242 2752 dupliciter
1270 2698 1342 2740 ali-

228 2761 320 2811 quid
350 2759 456 2798 nohis
475 2759 648 2796 accidere
675 2753 894 2795 nolentibus
911 2785 921 2803 ,
950 2756 1044 2792 idest
1064 2754 1124 2792 vel
1154 2755 1246 2805 quia
1274 2755 1343 2792 ab·

229 2812 346 2850 solute
376 2812 474 2851 illud
502 2812 710 2859 nolumus,
758 2807 792 2845 8(
821 2818 948 2846 tamen
978 2809 1085 2845 iuviti
1103 2835 1113 2853 ‚
1161 2807 1195 2843 ὅ(
1224 2808 1345 2845 coacti

232 2866 395 2914 patimur
413 2896 424 2915 ,
454 2873 493 2903 ut
522 2873 572 2903 est
601 2876 726 2902 mors:
756 2860 816 2901 vel
846 2862 938 2914 quia
966 2874 1203 2912 quamquam
1235 2861 1344 2898 abso-

232 2917 311 2954 11110
339 2918 433 2956 illud
464 2917 640 2957 volumus
670 2917 814 2955 ratione
845 2916 927 2952 finis
945 2943 956 2961 ,
1000 2922 1050 2950 031
1080 2920 1205 2950 tamen
1238 2914 1276 2951 in
1304 2924 1345 2950 se

237 2969 349 3007 nobis
378 2972 630 3019 contrarium,
653 2971 699 3006 -ἂ
730 2969 857 3021 aliqua
882 2969 1023 3005 ratione
1044 2964 1217 3011 111.-11111115
1245 2975 1285 3003 ut
1306 2982 1345 3004 a·

232 3035 340 3060 mara
358 3026 454 3073 potio
470 3024 695 3071 111edicinae‚
726 3026 784 3061 vel
807 3022 943 3060 incisio
963 3021 1088 3058 carnis
1105 3049 1116 3067 ,
1146 3029 1209 3057 aut
1228 3033 1346 3057 mem-

232 3075 294 3114 bri
323 3076 370 3112 ad
399 3079 589 3115 sanitatem
617 3077 923 3130 procurandam.
962 3104 992 3123 .,‚
1024 3071 1071 3111 Et
1102 3072 1171 3111 1100
1202 3073 1314 3110 modo
1334 3099 1346 3120 ,

237 3158 265 3178 „
295 3129 417 3180 inquit
441 3128 642 3179 Angelicus
659 3160 669 3178 ,
697 3143 799 3168 111013
817 3128 987 3175 Christi,
1017 3125 1099 3178 ejus
1131 3129 1252 3179 passio
1275 3128 1346 3164 fuit

239 3211 265 3231 „
294 3181 500 3218 secundum
530 3196 567 3219 se
594 3185 822 3221 considerata
855 3181 1134 3229 involuntaria,
1174 3180 1204 3215 δε
1237 3183 1351 3217 tristi-

239 3263 268 3284 „
296 3236 387 3273 tiam
417 3248 602 3280 causans3
646 3235 734 3273 licet
766 3237 879 3274 fuerit
910 3233 1123 3273 voluntaria
1153 3234 1190 3271 iu
1219 3235 1352 3271 ordine

1397 223 1423 242 ‚,
1453 195 1500 230 ad
1530 195 1668 242 finem,
1697 194 1762 245 qui
1785 204 1837 232 est
1868 195 2078 248 redemptio
2101 193 2259 233 humani
2288 194 2457 246 generis.
2477 196 2505 218 ‘⁶

1457 246 1542 284 162.
1573 247 1767 292 Quantum
1790 259 1877 286 vero
1906 249 1953 286 ad
1982 253 2154 287 timorem
2173 279 2183 296 ,
2211 248 2383 286 observat
2405 248 2507 285 idem

1395 298 1600 351 Angelicus
1630 298 1798 345 Doctor,
1827 303 1989 350 potuisse
2017 304 2173 353 (1111110111
2202 302 2325 340 aJesu
2355 300 2508 339 Christo

1395 354 1508 392 vitari
1537 351 1640 390 mala
1669 352 1796 388 futura
1825 355 2034 392 secundum
2066 356 2240 395 virtutem
2267 356 2529 402 Divinitatis,·

1393 419 1464 444 non
1493 407 1653 457 potuisse
1683 417 1808 441 autem
1838 419 1881 442 ea
1910 408 2021 444 vitari
2064 412 2271 446 secunlum
2302 409 2506 446 infirmita·-

1394 469 1469 497 tem
1499 461 1622 496 carnis
1651 468 1854 510 assumptae
1874 485 1884 496 .
1931 459 2028 496 Cum
2059 462 2160 497 enim
2192 462 2409 499 naturaliter
2438 475 2508 513 ap·

1394 514 1529 564 petitus
1559 514 1756 549 sensitivus
1786 512 1947 562 refugiat
1968 515 2134 564 corporis
2156 510 2378 561 laesionem3
2408 517 2506 553 sicut

1392 568 1559 605 nascitur
1588 567 1757 613 tristitia,
1786 566 1939 616 quaudo
1967 575 2051 602 actu
2081 578 2217 616 corpus
2247 566 2424 616 laeditur,
2454 570 2507 606 sic

1394 621 1558 658 nascitur
1587 621 1726 666 timor,
1755 618 1907 670 quaudo
1937 618 2168 669 praevidetur
2198 618 2306 656 laesio
2335 622 2488 659 lutura.

1453 673 1539 711 163.
1570 672 1681 710 Notat
1710 674 1865 724 insuper
1892 671 2019 709 Sauct.
2050 671 2189 709 Doctor
2219 685 2262 708 ex
2292 671 2398 710 Joan.
2429 674 2505 711 Da·

1404 736 1581 763 masceno
1601 726 1689 764 Lib.
1706 726 1772 763 111.
1803 724 1849 762 tie
1867 723 1958 776 fide
1973 724 2124 763 orthod.
2145 739 2231 777 cap.
2256 722 2319 762 25.
2336 755 2347 773 ,
2376 739 2509 776 quem-

1395 779 1484 816 dam
1514 793 1589 816 esse
1618 781 1795 817 timorem
1826 779 2059 816 naturalem
2077 808 2087 826 ‚
2118 787 2158 816 ut
2186 792 2276 817 cum
2306 779 2437 815 anima
2465 779 2513 815 ti-

1394 841 1471 869 met
1499 832 1645 884 sejungi
1675 844 1696 870 a
1725 845 1882 884 corpore
1913 832 1962 870 ob
1993 831 2210 870 naturalem
2239 830 2479 870 affectionem
2497 858 2509 877 ,

1397 885 1431 920 8(
1460 886 1774 923 uecessitudinem
1794 916 1803 934 ‚
1834 900 1910 938 qua
1940 886 2008 932 fit,
2040 894 2078 922 ut
2100 887 2365 937 pertimescat,
2396 898 2511 936 auga-

1397 945 1485 985 tur,
1522 946 1683 976 mortem
1714 950 1873 980 recuset:
1922 938 2057 976 ll‘Ietus
2087 938 2174 988 liic,
2213 940 2341 991 iuquit
2371 939 2516 976 Dama-

1398 1003 1550 1038 30011113,
1579 992 1628 1030 <J
1657 991 1895 1042 trepidatio,
1943 1004 2161 1043 pavorque,
2201 990 2402 1030 naturalis
2424 1021 2435 1040 ‚
2464 991 2515 1032 Θ·

1397 1043 1627 1093 inculpata,
1657 1054 1732 1080 nec
1761 1044 1937 1096 subjecta
1965 1055 2129 1096 peccato
2158 1044 2320 1093 affectio
2348 1054 2429 1084 est:
2459 1052 2514 1082 at-

1399 1110 1474 1148 que
1504 1096 1604 1133 hunc
1633 1097 1807 1135 timorem
1839 1099 1953 1135 fuisse
1982 1100 2021 1137 in
2041 1099 2190 1138 Christo
2207 1099 2401 1147 Domino,
2434 1111 2517 1136 cre-

1401 1151 1556 1188 dimus.
1585 1148 1703 1187 Aliud
1730 1154 1883 1187 timoris
1911 1163 2036 1200 genus
2064 1162 2144 1200 est,
2175 1150 2418 1205 prosequitur
2438 1151 2517 1190 Da-

1399 1213 1621 1252 1111130011113,
1651 1200 1753 1254 quod
1781 1215 1836 1240 ex
1863 1204 2148 1255 cogitationum
2176 1204 2426 1256 defectione,
2468 1205 2518 1245 <9³

1400 1254 1648 1306 diffidentia,
1678 1265 1799 1307 atque
1827 1268 1880 1294 ex
1908 1269 1955 1294 eo
1983 1261 2134 1305 oritur,
2171 1258 2273 1308 quod
2300 1263 2384 1309 quis
2413 1268 2519 1296 mor-

1403 1315 1452 1348 tis
1484 1310 1624 1349 horam
1655 1312 1837 1362 ignoret:
1867 1318 1908 1346 ut
1937 1317 2029 1348 eum
2058 1317 2198 1356 noctu,
2226 1309 2358 1351 oborto
2386 1312 2519 1363 aliquo

1405 1368 1567 1416 strepitu
1586 1395 1596 1413 ,
1627 1367 1770 1402 timore
1799 1361 2073 1412 afficimur....
2114 1361 2235 1401 Hunc
2263 1373 2379 1414 porro
2407 1367 2520 1402 timo-

1405 1431 1492 1457 rem
1521 1417 1719 1456 Dominus
1747 1428 1828 1456 non
1857 1422 2092 1469 assumpsit.
2402 1466 2406 1467 V
2497 1466 2502 1469 .

1466 1471 1553 1517 164.
1583 1473 1669 1510 lust.
1700 1470 1758 1510 De
1778 1471 1926 1508 Christo
1945 1469 2175 1522 praedictum
2196 1476 2249 1509 est
2269 1467 2377 1509 Isaiae
2399 1470 2521 1510 XLII.

1407 1522 1447 1571 4.
1477 1524 1572 1563 Νοη
1601 1529 1675 1562 erit
1703 1526 1850 1572 tristis,
1898 1533 1972 1561 nec
2007 1522 2276 1563 turbulentus.
2332 1524 2521 1562 Praeterea

1405 1577 1585 1616 Proverb.
1607 1575 1695 1616 XII.
1728 1590 1816 1616 21.:
1845 1575 1940 1615 Non
1960 1576 2206 1616 contristabit
2229 1578 2381 1629 justum
2412 1576 2520 1628 quial-

1404 1630 1495 1681 qual
1523 1632 1560 1668 ei
1588 1628 1808 1675 accidertU
1855 1630 1889 1666 δε
1918 1630 2104 1669 XXVIII.
2140 1645 2172 1669 1.
2201 1626 2359 1679 Iustus,
2406 1633 2521 1682 quusi

1405 1685 1464 1721 leo
1492 1680 1697 1736 confidens
1726 1680 1870 1735 absque
1899 1693 2048 1723 terrore
2076 1684 2176 1722 erit.
2204 1683 2375 1722 Christus
2404 1698 2520 1735 ergo,

1405 1738 1471 1788 qui
1502 1737 1649 1788 justus,
1697 1737 1731 1773 δι
1761 1747 1906 1776 sanctus
1936 1748 2040 1786 erat,
2083 1739 2203 1776 imino
2232 1738 2314 1789 ipsa
2343 1737 2487 1788 justitia
2507 1762 2518 1784 ‚

1406 1792 1439 1826 a&
1469 1792 1670 1839 sauctitas,
1719 1793 1881 1829 tristitiae
1925 1791 2118 1842 subjectus
2147 1804 2223 1829 esse
2261 1803 2336 1828 non
2366 1791 2486 1842 potuit
2509 1815 2519 1827 .

1408 1843 1519 1890 Quod
1548 1846 1664 1883 etiam
1693 1845 1809 1885 Stoici
1840 1844 2103 1898 philosophica
2146 1844 2289 1882 ratione
2318 1844 2520 1883 confirma*

1407 1898 1526 1945 bant;
1567 1901 1660 1951 quia
1691 1899 1751 1948 yir
1779 1899 1946 1952 probus,
1977 1900 2010 1936 &
2041 1898 2145 1937 fortis
2174 1911 2246 1936 non
2276 1905 2424 1951 reputat
2454 1911 2520 1934 sua

1408 1951 1532 1998 bona,
1561 1953 1635 1992 nisi
1664 1967 1751 2005 quae
1773 1954 1883 2005 ipsia
1911 1953 2066 1992 nemine
2095 1951 2190 2004 eripi
2211 1959 2386 2003 possunt,
2416 1961 2521 1988 nem-

1409 2018 1456 2056 pe
1485 2005 1696 2056 justitiam,
1725 2007 1759 2042 ἃ
1790 2008 1966 2044 virtutem
1985 2030 1995 2044 .
2050 2005 2222 2044 Christus
2251 2019 2366 2057 ergo,
2408 2003 2522 2055 cujus

1403 2059 1538 2097 anima
1564 2060 1668 2096 omni
1698 2059 1884 2098 virtutum
1911 2070 2049 2111 genere
2065 2057 2207 2110 repleta
2230 2068 2329 2106 erat,
2359 2072 2428 2097 nec
2456 2057 2525 2096 tri*

1407 2114 1539 2159 stitiae,
1568 2123 1636 2150 nee
1666 2112 1794 2150 timori
1822 2113 2011 2150 obnoxius
2039 2125 2117 2149 esse
2147 2110 2290 2163 potuit.

1468 2165 1557 2202 165.
1589 2164 1728 2216 Resp.,
1766 2164 1882 2203 allata
1910 2165 2199 2218 Scripturarum
2230 2164 2440 2203 testimonia
2469 2174 2524 2201 es-

1409 2231 1446 2254 se
1477 2216 1718 2267 intelligenda
1739 2215 1784 2255 de
1815 2220 1990 2266 tristitia,
2023 2217 2080 2255 vel
2103 2218 2352 2270 trepidatione
2382 2218 2525 2256 inordi-

1410 2279 1522 2318 nata,
1551 2283 1639 2321 quae
1670 2278 1769 2307 certe
1798 2270 1982 2308 aChristo
2011 2270 2145 2321 procul
2175 2270 2326 2316 abfuit;
2354 2283 2429 2309 non
2457 2283 2526 2307 au-

1409 2333 1485 2362 tem
1515 2324 1560 2360 de
1589 2336 1633 2361 ea
1662 2321 1837 2371 tristitia,
1868 2321 1927 2361 vel
1957 2323 2234 2376 trepidatione,
2272 2337 2360 2375 quae
2391 2323 2528 2364 mentis

1411 2379 1593 2416 rationem
1623 2389 1691 2415 nec
1721 2377 1936 2429 praevenit,
1979 2389 2050 2415 nec
2078 2374 2233 2424 turbat,
2276 2389 2352 2414 non
2382 2375 2526 2414 medio-

1411 2442 1515 2469 crem
1544 2439 1671 2468 tamen
1687 2442 1816 2469 secum
1836 2429 1945 2469 affert
1965 2429 2086 2469 animi
2102 2429 2378 2478 afflictionem,
2407 2442 2527 2482 quam

1410 2483 1582 2522 Christus
1611 2496 1679 2536 pro
1706 2485 1838 2523 nostris
1859 2485 2023 2536 peccatis
2052 2495 2242 2522 assumere
2271 2496 2343 2521 non
2377 2497 2525 2521 recusa-

1411 2539 1492 2576 vit.
1523 2538 1622 2575 Hinc
1653 2535 1774 2588 aliqui
1804 2547 1885 2589 post
1905 2538 1945 2576 S.
1967 2535 2249 2591 Hieronymum
2281 2537 2348 2576 has
2362 2537 2396 2576 J.
2411 2536 2523 2576 Chri-

1409 2591 1454 2629 sti
1485 2592 1650 2629 internas
1666 2591 1894 2630 afflictiones
1923 2593 2045 2643 potius
2072 2595 2377 2643 propassiones,
2408 2602 2528 2643 qnam

1409 2657 1547 2692 veras,
1578 2643 1611 2680 8(
1641 2654 1922 2682 consummatas
1951 2646 2139 2696 passiones
2167 2645 2414 2696 appellandas
2444 2653 2524 2679 esse

1411 2704 1664 2736 censuerunt.
1713 2694 1768 2733 Ita
1810 2699 1914 2738 enim
1943 2699 2074 2736 Sanct.
2106 2699 2364 2750 Hieronymus
2403 2693 2527 2745 expli·

1412 2751 1532 2789 cauda
1562 2749 1707 2802 putavit
1745 2764 1788 2786 ea
1818 2752 1936 2789 verba
1976 2752 2079 2803 apud
2109 2749 2248 2789 Manli.
2270 2748 2418 2788 XXVl.
2462 2748 2529 2798 57·

1417 2804 1537 2854 Coepit
1553 2805 1804 2851 contristari,
1825 2805 2055 2843 &moestus
2070 2816 2155 2841 esse
2167 2816 2182 2848 ,⁴
2211 2816 2350 2854 nempe
2380 2830 2404 2850 ‚,
2426 2800 2529 2853 quod

1418 2887 1444 2907 „
1473 2858 1688 2903 Dominus,
1736 2866 1776 2894 ut
1805 2859 1998 2895 veritatem
2030 2855 2206 2908 probaret
2247 2856 2431 2907 assumpti
2462 2853 2527 2891 lio—

1415 2940 1442 2958 „
1473 2910 1615 2956 minis,
1658 2920 1746 2946 vere
1788 2909 1946 2961 quidem
1987 2909 2221 2947 contristatus
2257 2910 2332 2956 sit3
2378 2907 2440 2946 sed
2479 2920 2528 2945 ue

1416 2993 1442 3012 „
1473 2964 1593 3015 passio
1609 2962 1646 2998 in
1675 2960 1805 3000 animo
1834 2961 1937 3000 illius
1965 2971 2313 3011 consummaretur,
2349 2974 2418 3012 per
2441 2973 2529 3011 pro-

1417 3046 1444 3065 „
1473 3018 1704 3068 passionem
1724 3019 1884 3066 coeperit
1913 3018 2168 3053 contristari.
2190 3020 2216 3037 “
2249 3016 2298 3054 Ut
2326 3017 2376 3054 ita
2406 3014 2530 3067 passio

1416 3075 1678 3107 consummata
1695 3097 1706 3116 ‚
1736 3063 1771 3104 ἃ
1800 3069 1930 3106 vitiosa
1946 3068 2177 3120 intelligatur
2194 3099 2205 3118 ,
2235 3069 2387 3120 quau-lo
2415 3068 2528 3107 tristi-

1414 3123 1470 3160 tia
1497 3122 1654 3169 animo,
1683 3131 1748 3159 3011
1779 3123 1915 3160 rationi
1943 3121 2189 3168 dominatui-5
2230 3126 2433 3175 propassio
2462 3133 2529 3158 au-

1418 3184 1521 3224 tem,
1568 3175 1719 3227 quando
1748 3182 1800 3213 est
1829 3172 2001 3213 inchoata
2045 3177 2084 3214 iu
2112 3178 2282 3228 appetitu
2320 3175 2495 3214 sensitivo
2516 3201 2528 3220 ,

1421 3229 1484 3268 sed
1505 3228 1661 3268 ulterius
1677 3226 1725 3266 ad
1739 3229 1973 3281 superiorein
1989 3238 2135 3282 partem
2152 3243 2225 3268 non
2253 3230 2426 3269 evehitur
2442 3225 2505 3276 (a)
2517 3251 2530 3263 .

2387 3279 2474 3324 166.

295 3355 342 3393 (α)
367 3351 538 3395 Quamvis
563 3351 636 3396 ipse
655 3350 689 3386 S·
707 3351 806 3386 Pater
825 3353 861 3387 in
880 3356 965 3399 Cap.
980 3355 1024 3390 V.
1052 3353 1182 3388 Matth·
1215 3352 1259 3388 ad
1285 3365 1374 3390 vers·
1399 3351 1456 3390 28·
1482 3348 1589 3386 etiam
1606 3347 1643 3384 in
1665 3347 1895 3393 Propassione
1922 3347 2055 3396 aliquid
2074 3349 2152 3386 vitii
2174 3356 2360 3395 agnoscat,
2382 3343 2522 3381 dicens:
