2583 3685
836 47 915 91 DE
951 47 1334 90 SACERDOTJO
1369 47 1643 92 CHRlSTI.

47 130 61 148 ⁹
97 159 127 181 „
154 138 282 169 autem
311 127 525 174 sacrificii,
571 126 673 178 quod
703 125 883 182 ,Christus
922 126 1060 164 obtulit
1083 155 1093 174 ,
1141 140 1215 163 non

82 212 128 233 Ἰ,
156 184 311 222 fuerunt
340 183 440 220 bona
467 180 718 231 temporalia,
747 180 809 217 sed
841 184 999 227 pterim,
1029 192 1116 230 quae
1148 191 1216 230 per

96 265 127 286 „
155 235 242 282 eius
270 245 429 274 montem
460 234 742 284 adipiscimur.
790 233 897 270 Unde
926 233 1065 270 dicitur
1098 231 1214 268 Hebr.

96 317 128 338 „
156 283 228 327 lx.
264 302 363 335 1·1.‚⁴
424 287 496 324 uod
525 286 694 324 Christus
725 294 775 323 est
804 290 997 324 assisiens
1028 283 1215 336 Pontifex

93 340 378 393 „futurorum
431 353 626 387 cnorum,
664 340 809 380 ratione
840 353 949 390 cujus
978 337 1118 375 Christi
1147 337 1216 373 Sa-

94 399 127 443 ,3
153 393 363 433 cet-dotium
394 394 533 432 dicitur
562 406 639 430 esse
669 400 855 429 :eternum
873 417 883 429 .
940 392 988 430 Et
1017 390 1101 427 haec
1129 391 1216 440 qui-

80 473 126 495 „
155 446 244 484 dem
287 446 565 486 consummatio
606 445 787 484 sacrificii
817 445 958 483 Christi
988 441 1212 495 praefigura-

93 525 125 547 „
151 497 265 538 batur
293 501 334 538 in
364 499 572 549 tmesipso,
602 498 702 550 qnod
732 498 901 536 Pontifex
931 496 1062 548 legalis
1090 496 1207 531 semel

89 577 125 600 9,
155 553 196 592 in
224 565 443 592 anno-cum
471 552 654 603 sanguine
682 551 777 589 hirci
797 581 808 599 ,
845 550 879 586 8(
908 548 1019 588 vituli
1051 548 1214 586 intrabat

93 633 126 653 2,
155 605 195 643 in
209 605 346 647 Sancta
360 605 610 653 Sanctorum,
634 605 825 643 utdicitur
840 601 1103 649 Levit.XVl.,
1124 615 1213 639 cum

85 684 124 706 3,
152 666 281 696 tamen
310 656 476 696 vitulum
497 687 507 706 ,
555 658 589 694 ἃ
620 658 772 696 hircum
809 669 884 694 non
926 654 1143 693 immolaret
1174 657 1214 693 in

85 738 124 759 9,
153 710 301 750 Sanctis
321 711 547 749 Sanctorum
565 741 577 758 ‚
607 711 670 750 sed
685 719 787 748 extra
805 735 815 747 ·
845 708 892 746 Et
912 708 1088 747 similiter
1104 707 1215 746 Chri-

86 790 125 810 „
154 772 231 801 stus
259 764 300 802 io
329 763 468 802 Sancta
498 763 726 802 Sanctorum
745 792 755 810 ‚
794 762 887 799 idest
916 764 954 799 in
985 763 1108 813 ipsum
1138 775 1216 800 coe-

90 843 125 864 3,
155 815 237 855 lum
267 818 452 866 intravit,
482 817 515 854 ἃ
535 818 646 856 nobis
665 817 767 855 viam
797 817 945 866 paravit
966 816 1132 852 intrandi
1151 828 1217 866 per

79 896 125 918 9,
154 870 333 909 virtutem
362 872 557 923 sanguinis
582 870 645 908 *sui
662 898 673 918 ,
702 882 819 922 quem
849 882 919 920 pro
947 868 1053 907 nobis
1081 870 1122 906 in
1144 876 1216 906 ter-

80 949 126 970 3,
155 935 198 961 ra
226 924 360 962 effudit
376 949 389 961 .
409 927 436 947 “
1190 954 1193 956 -

152 975 246 1014 311.
274 975 541 1027 objectionem
587 985 714 1014 autem
752 975 985 1027 propositam
1023 975 1074 1013 ita
1101 974 1217 1012 diluit

93 1028 304 1080 Angelicus
332 1028 378 1066 ad
405 1041 437 1066 1.
467 1030 624 1076 dicens,
655 1059 681 1077 „
713 1030 814 1081 quod
830 1028 959 1066 Sancti
978 1057 989 1076 ,
1018 1029 1216 1080 quierunt

81 1108 124 1130 Β,
151 1082 193 1119 iu
223 1082 375 1133 patria,
424 1095 498 1120 non
530 1083 752 1133 indigebunt
783 1082 940 1119 ulterius
970 1083 1116 1133 expiari
1148 1094 1217 1132 per

79 1160 122 1182 9,
152 1133 420 1172 Sacerdotium
433 1134 573 1173 Christi
591 1165 602 1183 ,
631 1138 694 1173 sed
724 1136 867 1187 expiati
888 1133 968 1186 jam
991 1133 1215 1186 indigebunt

83 1214 122 1234 3,
151 1188 412 1226 consummari
444 1202 510 1239 per
553 1190 680 1240 ipsum
703 1187 904 1226 ‘Christum
923 1218 933 1236 ,
981 1202 1004 1225 a
1032 1200 1109 1239 quo
1136 1186 1216 1237 glo-

81 1267 124 1287 „
154 1241 212 1277 ria
240 1253 374 1279 eorum
402 1241 616 1292 dependet.
656 1242 764 1279 Unde
793 1241 933 1279 dicitur
961 1241 1082 1292 Apoc.
1104 1240 1214 1277 XXI.

77 1312 122 1339 -3,
153 1292 247 1340 ²3„
276 1294 377 1346 quod
407 1294 574 1332 claritas
593 1294 671 1332 Dei
700 1295 897 1331 illuminat
927 1307 1044 1342 eam,
1074 1294 1216 1331 scilicet

85 1371 123 1392 9,
151 1346 347 1384 civitatem
376 1346 636 1396 Sanctorum,
684 1348 733 1388 Εἴ)
763 1348 927 1385 lucerna
969 1348 1055 1398 ejus
1084 1355 1142 1385 est
1169 1360 1216 1384 a·

85 1424 122 1445 9,
149 1409 253 1448 gnus
269 1425 280 1436 .
300 1402 327 1421 “
358 1400 472 1439 Tunc
501 1402 617 1453 igitur
635 1400 804 1439 Christus
826 1410 965 1439 &eterno
981 1401 1080 1439 Patri
1112 1400 1218 1438 exhi-

84 1447 202 1489 vibebit
230 1451 399 1504 seipsum
429 1453 468 1491 in
496 1454 731 1493 sacrificium
749 1484 760 1502 ,
801 1454 834 1491 8(
861 1454 1080 1493 Ecclesiam
1109 1468 1217 1493 suam

86 1514 172 1541 non
200 1502 650 1556 habentem'maculam,
680 1521 803 1560 neque
832 1521 990 1559 rugam.

147 1556 307 1604 Quaeres
336 1560 472 1607 tertio,
517 1570 644 1598 utrum
673 1560 845 1598 Christus
873 1563 919 1598 sit
947 1561 1132 1600 Sacerdos
1161 1574 1216 1598 se·

88 1610 266 1649 cundum
295 1620 471 1651 naturam
491 1614 662 1654 divinam
681 1643 693 1662 ,
723 1629 771 1653 an
801 1615 1010 1653 secundum
1043 1623 1217 1653 naturam

88 1658 306 1703 humanam
323 1663 339 1703 2

149 1714 244 1753 512.
274 1715 413 1768 Resp.,
455 1718 650 1757 Christum
692 1734 769 1758 esse
798 1720 1039 1758 Sacerdotem
1082 1734 1214 1758 secun-

90 1765 190 1804 dum
219 1766 431 1808 humanam
461 1779 638 1810 naturam
656 1802 666 1821 ‚
703 1786 779 1811 non
808 1782 934 1811 tamen
966 1774 1219 1824 praescinden-

91 1819 145 1856 do
172 1834 195 1857 a
223 1824 418 1874 supposito
443 1823 605 1873 divino,
635 1826 675 1863 in
695 1840 772 1878 quo
799 1826 1043 1864 subsistebat.
1072 1826 1120 1864 Et
1141 1828 1220 1878 pri·

88 1884 200 1910 mam
230 1884 376 1926 partem
393 1890 460 1915 sua.
487 1877 688 1916 infallibili
719 1881 938 1917 auctoritate
966 1879 1095 1917 firmat
1112 1883 1215 1931 Apo-

88 1925 207 1964 stolus
221 1928 348 1967 dicens
363 1929 484 1968 Hebr.
501 1929 551 1969 V.
586 1943 641 1970 1.:
673 1931 817 1970 Omnis
831 1945 1008 1982 namque
1025 1930 1215 1981 Pontifex

89 1989 147 2015 ex
161 1977 382 2020 hominibus
398 1993 652 2036 assumptus,
680 1998 750 2034 pro
780 1984 996 2022 hominibus
1011 1987 1213 2021 constitui-

77 2039 156 2070 ‚tur
173 2035 215 2069 in
230 2037 278 2072 ils
295 2064 306 2083 ,
334 2048 426 2087 quae
445 2045 536 2074 sunt
563 2036 622 2074 ad
639 2036 799 2084 Deum,
830 2046 870 2073 ut
899 2035 1046 2085 offerat
1076 2036 1183 2074 (lona
1200 2066 1212 2084 ,

80 2083 140 2124 (9⁶
155 2087 361 2139 sacrificat
374 2092 655 2137 propeccatis.
678 2089 789 2127 Unde
804 2091 918 2127 etiam
938 2091 1032 2128 c.11.
1050 2103 1089 2140 9.
1111 2090 1212 2126 idem

77 2136 294 2187 ..Apostolus
320 2139 414 2178 dicit
431 2168 443 2188 ,
471 2140 603 2179 Jesum
631 2142 787 2178 modico
816 2146 1062 2178 minoratum
1093 2141 1209 2179 fuisse

75 2187 147 2227 ab
163 2191 325 2242 Angelis
353 2200 510 2242 propter·
537 2195 766 2242 passionem
798 2197 963 2241 mortis,
1002 2194 1065 2231 cui
1095 2193 1207 2232 Chri-

84 2246 178 2278 stus*
193 2242 348 2289 nonnisi
379 2252 418 2280 ut
446 2242 560 2281 homo
578 2244 766 2283 obnoxius
787 2246 857 2284 suit
875 2273 886 2284 .
918 2246 1046 2285 Altera
1075 2256 1205 2285 autem

79 2306 175 2345 pars
203 2294 403 2337 manifeste
432 2305 559 2348 patet,
588 2305 669 2335 tum
702 2300 795 2350 quia
823 2313 1036 2352 numquam
1067 2298 1205 2339 huma-

83 2347 185 2384 nitas
213 2347 286 2385 fuit
314 2362 337 2385 a
365 2349 497 2387 divino
524 2352 718 2402 supposito
745 2362 942 2404 separata,
980 2363 1059 2390 tum
1091 2355 1205 2392 etiam

83 2400 182 2451 quia
223 2401 264 2438 in
293 2399 433 2440 Christi
461 2402 722 2442 Sacerdotium
751 2405 914 2456 dignitas
952 2407 1101 2444 infinita
1130 2421 1203 2445 non

80 2452 268 2501 aliumle,
297 2468 416 2506 quam
446 2469 492 2495 ex
520 2457 670 2494 infinita
699 2472 854 2510 persona
884 2459 1004 2498 Verbi
1032 2461 1205 2499 dimana-

80 2517 125 2544 re
155 2515 324 2558 poterat.

139 2559 300 2606 Quaeres
327 2571 492 2614 quarto,
521 2577 703 2616 quaenam
725 2564 839 2603 fuerit
867 2563 986 2604 hostia
1016 2565 1203 2605 aChristo

79 2610 288 2652 Sacerdote
317 2615 544 2655 immolata?

137 2665 231 2706 513.
262 2666 376 2722 Resp.
393 2700 404 2718 ‚
433 2669 630 2709 Christum
656 2672 771 2710 fuisse
799 2671 913 2710 simul
931 2672 1199 2722 Sacerdotem,

76 2717 114 2756 ἃ
157 2718 347 2769 hostiam,
393 2723 541 2762 dicente
570 2725 748 2777 Apostolo
790 2727 837 2764 ad
874 2725 1015 2778 Ephes.
1037 2728 1086 2765 V.
1132 2739 1199 2765 2.:

77 2771 259 2812 Christus
287 2773 426 2814 dilexit
455 2791 555 2826 nos,
585 2780 634 2819 <9⁶
663 2779 825 2817 tradidit
852 2783 1108 2832 semetipsum
1128 2793 1198 2831 pro

75 2823 189 2865 nobis
229 2825 493 2879 oblationem,
540 2832 590 2872 (θ’
633 2831 806 2871 hostiam
835 2831 924 2872 Deo
952 2837 993 2870 in
1034 2833 1197 2870 odorem

73 2881 313 2918 suavitati-e.
361 2883 410 2922 Et
437 2897 567 2922 rursus
602 2886 650 2923 ad
681 2886 801 2925 Hebr.
823 2887 893 2925 lX.
928 2887 989 2932 14.
1019 2886 1194 2938 Sanguis

74 2928 246 2979 Christi,
293 2937 358 2984 qui
399 2949 468 2986 per
496 2937 684 2988 Spiritum
713 2949 902 2980 sanctum
937 2945 1194 2992 semetipsum

71 2981 208 3023 obtulit
235 2989 545 3028 immaculatum
574 2991 689 3041 Deo,
731 2992 960 3032 emundabit
989 2998 1194 3032 conscien-

71 3039 178 3074 u'am
206 3047 389 3078 nostram
417 3042 505 3082 ἕνα.
551 3044 812 3092 Quamobrem
854 3056 953 3086 recte
990 3048 1030 3086 S.
1063 3047 1191 3099 Augu·

71 3090 195 3130 ninus
224 3091 313 3136 Lib.
336 3095 404 3133 lV.
445 3095 496 3135 de
527 3096 666 3139 Trinic.
702 3117 789 3155 cap.
818 3103 877 3148 ¹4·
908 3102 957 3141 T.
979 3101 1084 3139 Vlll.
1138 3099 1190 3137 U-

73 3155 150 3183 nus
172 3176 182 3194 ,
212 3147 366 3199 inquit,
406 3152 489 3201 ipse
517 3161 632 3199 erat,
661 3161 723 3205 qul·
752 3154 972 3205 offere-bat,
1010 3157 1059 3196 Εἴ)
1088 3154 1190 3205 quod

70 3196 265 3247 offerebat
282 3227 294 3241 .
340 3201 389 3240 Et
430 3203 518 3243 Lib.
541 3205 594 3244 Χ.
623 3204 671 3243 cle
692 3230 695 3232 >
717 3209 881 3249 Civitate
908 3209 987 3249 Dei
1015 3214 1101 3260 cap.
1125 3223 1189 3247 20.

71 3251 268 3296 Sacerdos
296 3259 378 3308 ipse
410 3255 584 3298 Christus
613 3259 812 3312 offerens,
854 3268 937 3315 ipse
964 3265 1014 3306 (9⁶
1042 3265 1189 3304 oblatio

2250 54 2334 100 243

1283 129 1395 173 casus
1426 132 1482 164 rei
1529 136 1833 165 sacramencum
1861 127 2133 180 quotidianum
2163 140 2250 168 esse
2277 129 2392 167 voluta

1285 179 1481 217 Ecclesiae
1511 182 1756 233 sacrificium
1774 208 1783 219 .

1339 233 1432 278 314.
1463 232 1574 270 Porro
1594 235 1792 283 angelicus
1810 235 1947 272 Docto:
1965 266 1975 283 ,
2007 244 2045 273 ut
2066 235 2228 273 ostendat
2244 265 2255 283 ,
2283 233 2396 273 Chri·-

1284 293 1382 322 stum
1416 287 1530 322 fuisse
1550 300 1623 324 nou
1654 287 1774 324 solum
1796 287 2035 326 Sacerdotem
2055 320 2064 335 ‚
2094 289 2155 326 sed
2186 290 2299 326 etiam
2331 287 2397 326 ho-

1283 338 1421 385 stiam,
1465 340 1589 390 primo
1619 342 1722 392 pouit
1750 341 1961 379 doctrinam
1991 342 2167 379 traditam
2197 358 2218 379 a
2247 341 2287 379 S.
2321 342 2398 379 Au-

1282 392 1432 440 gustino
1461 393 1500 428 in
1532 392 1649 429 Libro
1679 392 1730 430 Χ.
1759 394 1806 430 ‹le
1838 394 1916 432 Cir.
1960 394 2039 432 Dei·
2067 408 2151 445 cap.
2175 397 2210 433 5.
2254 394 2399 432 scilicet

1283 442 1419 480 Omne
1447 444 1694 496 sacrificium
1721 446 1864 484 risibile
1900 460 1985 486 esse
2014 446 2211 484 invisibilis
2241 446 2397 500 sacrifi-

1271 499 1335 532 cii
1364 507 1698 547 sacramentum,
1746 499 1843 536 idest
1874 514 2035 537 sacrum
2064 504 2222 552 signum
2240 530 2251 548 ,
2302 501 2400 537 unde

1281 549 1424 598 infert,
1453 563 1566 589 omne
1595 551 1720 600 illud,
1749 554 1851 604 quod
1882 554 1963 591 Deo
1992 554 2192 592 exhibetur
2221 553 2268 592 ad
2298 552 2396 600 hoc,

1281 603 1383 655 quod
1412 604 1567 656 spiritus
1587 605 1754 644 hominis
1785 607 1926 643 feratur
1955 608 1995 645 iu
2017 607 2142 644 Deum
2161 637 2171 654 ‚
2203 619 2308 659 posse
2335 605 2395 644 di·

1281 658 1317 694 ci
1347 655 1608 707 sacrificium,
1656 672 1733 711 quo
1774 660 1915 711 indiget
1945 658 2058 697 homo
2100 669 2253 711 propter
2294 659 2364 698 tria
2385 683 2399 696 .

1283 710 1420 747 Primo
1448 711 1494 748 ad
1526 714 1785 751 remissionem
1823 714 1966 765 peccati
1985 743 1996 761 ‚
2043 713 2190 751 dicente
2222 711 2400 766 Apostolo

1283 764 1330 801 ad
1360 764 1479 802 Hebr.
1500 765 1551 803 V.
1587 778 1620 803 ι.
1638 796 1648 814 ,
1678 766 1724 803 ad
1753 766 1994 804 Sacerdotem
2026 768 2240 818 pertinere,
2271 775 2310 803 ut
2338 764 2398 813 of-

1270 815 1390 868 serat
1419 816 1527 855 dona
1543 848 1552 865 ,
1582 818 1631 859 Θ·
1652 819 1857 870 sacrificia
1876 832 1946 869 pro
1963 823 2137 870 peccatis
2154 846 2166 857 .
2195 818 2399 866 Secundo,

1285 879 1324 906 nt
1354 870 1469 907 homo
1497 873 1536 909 in
1567 881 1662 910 statu
1691 874 1825 924 gratiae
1855 883 2121 922 conservetur,
2150 886 2300 924 semper
2318 872 2399 909 Deo

1283 922 1506 973 inhaerens,
1536 926 1576 962 in
1606 938 1683 978 quo
1711 925 1795 978 ejus
1824 939 1897 978 pax
1927 927 1961 963 &
1982 927 2080 965 salus
2109 927 2299 964 consistit:
2330 939 2399 963 un-

1282 977 1329 1014 de
1358 975 1390 1013 δε
1421 978 1460 1015 in
1493 981 1606 1017 veteri
1637 979 1736 1030 Lege
1779 978 2052 1017 immolabatur
2090 979 2208 1017 hostia
2237 979 2399 1030 pacifica

1285 1043 1354 1082 pro
1373 1030 1613 1069 offerentium
1644 1033 1763 1069 salute
1781 1063 1790 1080 ,
1822 1042 1860 1070 ut
1884 1031 2042 1071 habetur
2066 1033 2186 1071 Levit.
2209 1033 2274 1070 lll.
2308 1032 2400 1069 Ter-

1283 1088 1357 1131 tio,
1389 1086 1599 1136 utspiritus
1628 1085 1791 1124 hominis
1813 1086 2145 1137 persectenniaitur
2166 1085 2268 1133 Deo,
2298 1085 2400 1137 quoti

1268 1138 1452 1174 'maxime
1483 1139 1552 1174 erit
1581 1139 1619 1174 iu
1649 1138 1797 1188 gloria,
1845 1149 2043 1191 propterea
2088 1143 2125 1177 iu
2155 1140 2271 1176 veteri
2303 1139 2401 1188 Lege

1283 1189 1512 1228 oflerebatur
1543 1189 1832 1239 holocaustum,
1878 1195 1989 1244 quasi
2018 1202 2138 1230 totum
2166 1193 2366 1230 incensum
2390 1220 2401 1239 ,

1287 1254 1325 1281 ut
1353 1243 1497 1281 dicitur
1527 1244 1649 1282 Levit.
1672 1246 1702 1283 Ι.

1339 1297 1431 1336 515.
1463 1327 1488 1346 „
1519 1298 1613 1336 Haec
1642 1307 1797 1347 antem,
1840 1299 2031 1339 concludit
2062 1298 2291 1351 Angdicns,
2333 1310 2405 1350 per

1286 1382 1313 1400 „
1342 1350 1619 1390 humanitatem
1650 1352 1790 1390 Christi
1819 1352 1929 1390 nobis
1967 1363 2245 1404 provenerunt.
2302 1353 2402 1390 Nam

1286 1435 1312 1454 „
1341 1408 1470 1456 primo
1511 1406 1668 1457 quidem
1699 1415 1823 1444 nostra
1850 1416 2005 1458 peccata
2040 1408 2163 1444 deleta
2193 1415 2298 1453 sunt,
2346 1419 2401 1442 se-

1286 1489 1312 1508 „
1342 1459 1513 1497 cundum
1544 1458 1641 1497 illud
1665 1459 1908 1500 Roman-lV.
1927 1462 1989 1499 25.
2023 1459 2208 1497 Traditus
2237 1469 2292 1497 est
2314 1471 2402 1510 prc-

1287 1543 1313 1562 „
1343 1521 1428 1562 pter
1457 1511 1605 1550 delicta
1633 1522 1798 1550 nostra.
1838 1513 2018 1551 Secundo
2044 1515 2204 1565 gratiam
2237 1526 2299 1549 nos
2329 1511 2402 1549 sal-

1285 1596 1312 1617 „
1344 1574 1495 1604 vantem
1525 1580 1594 1618 per
1623 1567 1749 1617 ipsum
1780 1568 2016 1617 accipimus,
2064 1567 2273 1604 secundum
2304 1564 2403 1603 illud

1286 1649 1311 1669 „
1342 1619 1462 1657 Hebr.
1484 1617 1534 1656 V.
1564 1631 1604 1671 9.
1651 1618 1800 1659 Hiems
1830 1630 1887 1657 est
1915 1619 2401 1667 omnibus-obtemperan-

1285 1703 1312 1722 „
1341 1671 1440 1709 tibus
1467 1671 1538 1710 sibi
1565 1685 1694 1710 causa
1722 1674 1862 1710 salutis
1890 1682 2083 1711 aetcrnae.
2117 1672 2244 1709 Tertio
2274 1685 2340 1721 per
2370 1674 2400 1708 i-

1287 1753 1314 1774 „
1345 1739 1455 1775 psum
1478 1726 1748 1778 perfectionem
1777 1726 1910 1777 gloriae
1942 1727 2066 1775 adepti
2089 1739 2220 1762 sumus
2238 1753 2248 1770 ,
2280 1724 2325 1760 ll«
2343 1724 2399 1761 br.

1287 1804 1314 1828 „
1344 1779 1397 1817 X.
1432 1791 1492 1830 19.
1521 1777 1733 1817 Habemus
1747 1778 1953 1830 fiduciam
1972 1789 2041 1827 per
2059 1779 2402 1829 sanguinemejus

1286 1857 1314 1881 „
1345 1835 1386 1868 in
1414 1835 1620 1869 introitum
1639 1839 1873 1868 sanctorum
1891 1861 1901 1879 ,
1931 1830 2074 1869 scilicet
2090 1829 2301 1881 ingloriam
2323 1845 2401 1867 coe-

1283 1912 1309 1932 ‚,
1338 1883 1467 1921 testem
1485 1908 1496 1920 .
1553 1883 1602 1922 Et
1630 1884 1715 1922 ideo
1742 1883 1937 1932 Christus,
1985 1887 2222 1934 inquantum
2252 1881 2369 1920 homo
2389 1913 2400 1932 ‚

1282 1965 1307 1984 ‚,
1338 1949 1412 1974 non
1441 1935 1565 1974 solum
1597 1937 1667 1974 fuit
1687 1937 1896 1984 Sacerdos,
1926 1937 1989 1974 sed
2018 1938 2132 1974 etiam
2164 1935 2281 1974 hostia
2312 1950 2397 1988 per-

1282 2018 1308 2037 „
1340 1990 1438 2027 fecta
1455 2018 1465 2036 ,
1495 1989 1610 2026 simul
1628 1991 1788 2028 existens
1818 1989 1936 2027 hostia
1966 2003 2034 2042 pro
2054 1991 2218 2042 peccatis
2234 2019 2245 2039 ,
2277 1988 2310 2025 &
2331 1990 2398 2028 ho-

1281 2070 1308 2088 „
1338 2043 1406 2078 stia
1435 2041 1627 2093 pacifica,
1657 2041 1690 2078 8(
1720 2042 2011 2081 holocaustum.
2033 2047 2058 2065 ‘⁶

1335 2093 1427 2131 516.
1457 2094 1649 2140 Quamvis
1676 2109 1764 2134 vero
1792 2096 1963 2134 Christus
1999 2109 2071 2134 non
2099 2097 2265 2148 seipsum
2294 2098 2396 2135 occi-

1274 2146 1398 2194 derit,
1427 2147 1567 2185 dicitur
1595 2157 1722 2187 tamen
1753 2149 1935 2188 Sacerdos
1966 2160 2134 2203 respectu
2164 2153 2220 2187 sni
2253 2152 2393 2202 ipsius,

1273 2201 1367 2251 quia
1395 2201 1561 2252 seipsum
1584 2201 1824 2251 voluntarie,
1855 2202 1889 2239 8(
1917 2203 2038 2242 libere
2067 2203 2241 2250 tradidit,
2274 2214 2311 2240 ut
2331 2217 2393 2241 oc-

1272 2254 1485 2291 cideretur:
1517 2254 1684 2294 Oblatas
1703 2266 1762 2294 est
1778 2287 1788 2305 ,
1818 2261 1911 2309 quia
1928 2261 2009 2307 ipse
2037 2258 2148 2296 voluti
2167 2256 2273 2295 lsaiae
2292 2257 2393 2295 Llll.

1275 2320 1312 2358 7.
1341 2307 1390 2345 Et
1419 2306 1491 2345 hac
1521 2310 1637 2347 etiam
1668 2312 1811 2348 ratione
1842 2312 1962 2349 factus
1999 2320 2050 2349 est
2080 2311 2222 2359 hostia,
2268 2325 2392 2363 quan-

1272 2372 1390 2412 quam
1420 2360 1502 2412 ejus
1517 2363 1699 2401 occisores
1728 2363 1825 2401 nihil
1851 2367 1977 2403 minus
1998 2365 2229 2403 intenderint
2251 2365 2287 2402 in
2309 2365 2338 2415 ej
2349 2377 2390 2401 us

1272 2422 1415 2462 morte,
1445 2429 1561 2466 quam
1592 2416 1674 2454 Deo
1701 2416 1936 2456 sacrificium
1965 2418 2127 2456 offerre.

1325 2468 1486 2514 Quaeres
1514 2470 1673 2520 quinte,
1703 2471 1862 2521 quinam
1883 2472 1995 2509 fuerit
2025 2469 2300 2522 divinaehujus
2320 2467 2388 2507 lio-

1269 2520 1364 2557 stiaei
1382 2535 1404 2558 a
1431 2520 1581 2559 Christo
1609 2521 1817 2560 immolatas
1847 2522 2029 2563 effectus?

1326 2573 1417 2623 517.
1449 2573 1560 2626 Resp.
1587 2578 1742 2625 primo,
1772 2577 1885 2616 fuisse
1906 2587 2115 2618 nostrorum
2143 2585 2387 2631 peccatorum

1269 2627 1522 2676 expiationem
1541 2653 1551 2665 .
1603 2628 1863 2669 Veruntamen
1892 2632 1966 2670 dno
1995 2635 2033 2670 in
2063 2634 2194 2670 nostris
2223 2633 2386 2683 peccatis

1267 2680 1531 2731 distinguenda
1561 2691 1671 2729 sunt,
1719 2697 1794 2722 una
1822 2698 1911 2722 cum
1942 2686 2124 2738 Angelico
2152 2686 2315 2724 Doctore
2346 2686 2384 2724 5·

1267 2732 1308 2770 P.
1338 2744 1473 2784 quaest.
1496 2747 1560 2771 22.
1591 2745 1660 2774 art.
1682 2735 1747 2785 5.,
1795 2738 1940 2776 scilicet
1982 2740 2188 2777 maculam
2225 2739 2382 2790 cu'poe,

1266 2786 1300 2822 8<
1330 2796 1487 2824 reatum
1517 2801 1671 2835 poenae.
1703 2819 1728 2838 „
1761 2790 1919 2830 Macula
1947 2794 2104 2844 quidem
2134 2791 2289 2843 culpae,
2321 2794 2380 2830 in'-

1265 2870 1291 2888 „
1320 2841 1404 2891 quit
1431 2840 1472 2877 S.
1503 2840 1744 2894 Praeceptor,
1791 2844 1937 2883 deletur
1967 2861 2033 2897 per
2061 2848 2252 2898 sgratiam,
2300 2860 2378 2898 qua.

1264 2923 1290 2941 „
1319 2906 1384 2930 cor
1414 2898 1618 2945 peccatoris
1648 2899 1878 2935 convertitur
1908 2900 1946 2936 in
1980 2900 2105 2937 Deum
2124 2930 2134 2947 ‚
2166 2908 2289 2936 reatus
2309 2913 2376 2936 au-

1263 2976 1288 2994 „
1319 2955 1392 2984 tem
1423 2961 1550 2998 poena:
1581 2948 1740 2987 totaliter
1769 2950 1912 2989 tollitur
1942 2966 2008 3004 per
2038 2952 2134 3002 hoc,
2177 2953 2278 3005 quod
2310 2952 2374 2989 ho-

1262 3030 1288 3049 „
1319 3013 1383 3037 mo
1403 3000 1484 3038 Deo
1512 3002 1718 3040 satisfacit.
1749 3003 1966 3057 Utrumque
1995 3016 2120 3045 autem
2150 3005 2287 3044 horum
2318 3005 2373 3042 ef-'

1261 3084 1287 3102 „
1317 3053 1397 3091 ficit
1427 3053 1689 3093 Sacerdotium
1719 3056 1888 3096 Christi.
1938 3059 2035 3097 Nam
2058 3061 2214 3099 'virtute
2255 3059 2372 3109 ipsius

1259 3137 1284 3155 „
1314 3109 1435 3158 gratia
1464 3109 1574 3146 nobis
1602 3109 1733 3158 datur,
1762 3124 1839 3163 qua
1867 3114 1980 3152 corda
1999 3123 2122 3152 nostra
2151 3121 2370 3152 convertun-

1257 3190 1284 3208 „
1315 3170 1374 3198 tur
1403 3161 1450 3198 ad
1480 3161 1634 3199 Deum.
1656 3165 1682 3183 “
1925 3170 1932 3176 '

1311 3213 1402 3251 318.
1435 3213 1620 3265 Respond.
1650 3217 1840 3265 secundo,
1887 3227 2007 3258 totum
2036 3219 2151 3271 hujus
2180 3216 2367 3256 sanctissi-

1255 3280 1331 3305 mae
1359 3265 1559 3306 oblationis
1589 3269 1757 3308 fructum
1783 3271 1903 3311 nobis
1921 3273 2009 3313 solis
2037 3273 2243 3326 applicari,
2292 3278 2366 3305 ¹¹0⁰

2243 3335 2312 3360 au-
