2583 3685
256 117 269 143 1
287 117 335 156 7⁰

187 180 228 218 in
260 178 386 217 eodem
418 173 604 225 ipsissimo
631 172 713 210 loco
742 173 796 209 sic
825 180 988 208 mentem
1019 185 1125 209 snam
1155 173 1297 223 aperit,

187 231 376 281 explicans
406 226 474 263 illa
506 225 622 263 verba
651 224 760 262 Deus
778 254 788 272 ‚
825 222 936 262 Deus
965 237 1078 262 meus
1099 254 1108 271 ‚
1138 233 1180 261 ut
1208 224 1299 275 quid

186 296 250 321 me
279 277 557 329 dereliquisti?
588 308 612 326 „
634 277 728 315 Haec
759 289 856 326 vox,
887 279 1038 330 inquit,
1081 279 1234 326 earnis,
1265 277 1299 315 ἃ

241 334 382 371 animae
399 361 409 380 ,
440 331 532 369 idest
554 329 720 368 hominis
740 355 826 369 ......
848 341 1045 383 propterea
1066 331 1201 370 emissa
1218 339 1296 379 est,

243 395 279 423 nt
310 384 586 438 impassibilem
616 383 744 421 Deum
783 385 1016 432 ostenderet,
1060 387 1124 435 qui
1165 388 1222 422 sic
1239 383 1298 436 fi-

242 438 338 476 lium
367 437 591 488 dereliquit,
622 436 715 474 (lum
733 435 934 475 hominem
964 439 1049 489 ejus
1078 437 1240 476 tradidit
1257 441 1299 475 in

243 501 413 531 mortem
492 490 554 527 Sic
585 491 766 540 relinquit
789 523 798 539 ,
829 491 922 527 <ium
943 504 1024 528 non
1053 494 1180 539 parcit
1196 506 1212 535 ;
1241 494 1298 529 sic

185 575 212 595 „
241 547 448 595 relinquit,
479 544 572 581 dum
602 543 750 582 tradit.
773 548 799 565 ‘⁵
830 544 886 581 En
917 543 1153 581 Tertulliano
1180 546 1237 582 sni
1268 545 1300 581 i-

181 601 285 652 psius
305 628 315 645 ,
352 600 472 635 immo
502 596 534 633 8<
564 596 726 635 alioruin
772 598 998 647 interprete,
1043 597 1141 633 nihil
1186 596 1293 634 aliud

182 665 258 689 esse
286 649 479 688 Christum
509 665 531 688 a
560 650 667 689 Patre
696 650 938 701 derelinqui,
975 662 1094 700 quam
1124 660 1199 687 non
1227 650 1292 687 ad-

180 703 334 755 juvari,
364 704 427 741 sed
457 704 553 741 tradi
580 704 630 742 ad
660 711 818 741 mortem
841 726 852 739 .

235 756 328 809 497.
358 757 472 795 Dices
502 758 662 794 iterum.
691 755 731 794 S.
753 754 980 793 Athanasius
1008 753 1144 793 allatus
1164 769 1186 793 a
1206 753 1292 793 Ma-

179 811 294 861 gistro
322 809 605 847 Sententiarum
648 809 687 846 in
720 808 786 847 III.
815 808 902 847 dist.
934 820 997 846 21.
1027 807 1064 859 ᾗ.
1098 822 1135 846 2.
1157 837 1183 856 „
1205 821 1293 846 ma-

181 893 206 912 ,‚
237 863 422 901 leciictum
451 862 570 911 dicit,
601 863 669 915 qui
699 869 818 900 totum
848 861 1043 899 hominem
1063 892 1072 909 ‚
1101 875 1218 914 quem
1240 875 1295 900 as-

179 946 206 965 „
237 917 395 968 sumpsit
423 916 496 954 Dei
519 915 668 964 Filius,
699 915 827 954 denuo
856 923 1107 964 assumptum
1126 945 1136 963 ,
1166 915 1224 953 vel
1252 916 1296 952 li-

179 1000 205 1018 „
236 969 443 1018 bennum,
473 970 583 1007 tertia
610 969 673 1007 die
701 984 723 1007 a
752 970 910 1006 mortuis
946 970 1193 1007 resurrexisse
1222 982 1297 1007 non

185 363 211 384 5>

183 417 210 436 2>

184 469 210 489 :5

184 523 211 542 29

180 1052 206 1072 ,‚
236 1023 437 1061 confitetur
455 1049 463 1061 .
486 1026 511 1045 “
533 1023 617 1061 Νοι]
648 1022 767 1075 potuit
782 1030 909 1059 autem
939 1029 1034 1058 totus
1055 1020 1194 1069 homo,
1224 1022 1296 1059 sci-

178 1076 267 1114 licet
295 1090 451 1128 corpus,
480 1077 515 1113 «Sc
543 1076 699 1123 anima,
742 1074 870 1113 denuo
898 1078 1079 1123 assumi,
1123 1075 1194 1113 nisi
1224 1074 1296 1114 ali-

180 1131 333 1182 quando
363 1130 490 1168 suisset
519 1144 541 1168 a
569 1129 770 1167 divinitate
799 1136 1019 1180 separatus.

232 1183 324 1237 498.
356 1182 469 1235 Resp.
485 1213 495 1232 ,
527 1183 653 1236 primo
674 1181 756 1220 haec
777 1182 896 1221 verba
924 1181 1028 1233 apud
1045 1179 1296 1219 Athanasium

175 1250 253 1276 non
284 1238 477 1283 inveniri3
507 1237 607 1274 unde
635 1237 800 1288 suspicio
829 1244 907 1283 est,
938 1235 1090 1273 Petrum
1110 1234 1297 1274 Lombar-

177 1291 269 1328 dnm
300 1291 415 1328 fuisse
445 1291 613 1328 avitiato
643 1289 774 1342 aliquo
788 1289 927 1326 Codice
955 1289 1186 1340 deceptum.
1219 1288 1295 1326 De-

177 1344 267 1381 inde
285 1373 295 1392 ,
326 1345 472 1382 etiamsi
501 1343 541 1381 S.
564 1343 761 1381 Athanasii
791 1351 936 1390 essent,
966 1343 1018 1380 ita
1048 1341 1209 1394 intelligi
1231 1341 1296 1379 de-

175 1396 293 1445 bere,
325 1406 364 1434 nt
394 1395 609 1435 maledictio
637 1409 751 1448 super
772 1394 856 1433 illos
885 1394 1021 1443 cadat,
1049 1397 1117 1447 qui
1147 1395 1295 1447 impru-

175 1450 307 1488 denter
323 1459 523 1501 negarent,
554 1459 698 1498 totum,
729 1449 969 1501 &integrum
987 1447 1185 1486 hominem
1202 1449 1296 1487 fnis-

174 1516 211 1540 se
227 1504 363 1541 iterum
384 1511 621 1556 assumptum
637 1516 705 1555 per
720 1503 893 1541 iteratam
910 1503 1090 1540 unionem
1120 1502 1265 1540 animae
1281 1532 1292 1550 ,

177 1556 211 1593 8<
241 1557 436 1610 eorporis.
484 1558 539 1596 Ita
581 1557 666 1597 haec
707 1556 825 1598 verba
868 1556 1024 1608 exponit
1053 1554 1095 1595 S.
1126 1554 1294 1594 Thomas

173 1618 243 1648 art.
266 1610 304 1649 3.
333 1609 380 1648 ad
412 1622 448 1650 2.

230 1663 323 1716 499.
353 1663 447 1715 Obj.
479 1665 669 1704 secundo.
717 1663 893 1703 Christus
921 1663 1027 1702 Joan.
1050 1662 1103 1702 X.
1139 1661 1200 1702 18.
1232 1663 1290 1702 in-

177 1717 285 1768 quit:
314 1713 447 1754 Nemo
474 1718 572 1755 tollit
600 1721 790 1756 animam
820 1731 958 1756 meam
989 1730 1016 1755 a
1047 1730 1137 1761 me;
1166 1715 1237 1755 secl
1255 1730 1295 1754 e-

175 1782 228 1821 go
254 1780 356 1819 pono
384 1782 479 1807 eam
496 1799 507 1817 ‚
536 1771 585 1810 (9⁶
614 1774 757 1809 iterum
787 1784 899 1809 Sumo
928 1784 1022 1809 eam
1041 1797 1051 1808 .
1089 1770 1174 1809 Jam
1204 1783 1295 1810 vero

175 1823 262 1860 liaec
291 1834 368 1861 nou
397 1831 548 1874 possunt
568 1822 757 1874 intelligi,
787 1826 862 1861 nisi
891 1823 935 1860 de
951 1837 1110 1874 persona
1138 1824 1292 1873 divina,

175 1887 265 1925 qnae
296 1884 410 1927 ponat
438 1889 508 1927 pro
535 1889 603 1914 sua
633 1875 852 1924 voluntate,
883 1875 916 1911 8<
945 1885 1070 1913 sumat
1099 1878 1293 1915 animam.

174 1927 261 1968 Non
290 1927 392 1966 enim
422 1928 583 1979 intelligi
611 1937 764 1981 possunt
790 1930 837 1967 de
867 1930 949 1982 ipsa
985 1929 1143 1977 anima,
1192 1930 1294 1981 quod

175 1988 289 2032 ponat
319 1980 509 2032 seipsam3
558 1995 629 2019 nec
658 1983 704 2020 de
746 1996 886 2029 carne,
934 1995 1022 2034 qnae
1054 1991 1103 2020 est
1134 1982 1296 2020 inferior

174 2036 340 2072 animae:
389 2036 478 2085 ergo
521 2033 686 2085 intelligi
714 2034 853 2072 debent
882 2035 928 2071 de
962 2032 1091 2072 Verbo
1132 2035 1262 2073 divino
1283 2066 1293 2084 ,

176 2086 278 2139 qnod
308 2095 449 2138 ponat,
496 2086 530 2124 8(
560 2094 683 2124 sumat
711 2088 912 2135 animam,
957 2101 1041 2124 eam
1070 2087 1297 2127 dimittendo

175 2139 209 2177 ἃ
239 2140 490 2189 resumendo,
521 2140 691 2193 adeoque
721 2140 793 2179 διο.

232 2194 323 2232 500.
355 2192 467 2246 Resp.
496 2207 584 2231 cnm
607 2194 647 2232 S.
666 2193 877 2246 Augustino
908 2192 1039 2230 Tract.
1061 2191 1223 2230 XLVII.
1253 2193 1294 2230 in

175 2244 314 2295 Joan.,
343 2248 446 2298 quod
476 2260 565 2285 caro
593 2247 733 2286 Christi
764 2248 889 2300 posuit
918 2248 1088 2284 animam
1119 2247 1160 2283 in
1190 2259 1294 2284 inor-

175 2308 236 2348 te,
286 2299 534 2352 eamdemque
563 2301 601 2339 in
631 2301 905 2339 resurrectione
943 2300 1171 2351 resumpsit,
1219 2311 1293 2337 non

178 2362 308 2393 tamen
339 2362 515 2405 potestate
535 2368 602 2392 sua
630 2356 813 2406 propria,
843 2353 907 2392 sed
928 2367 973 2392 ex
1001 2361 1180 2406 potestate
1196 2352 1293 2390 Ver-

174 2406 216 2445 bi
234 2436 245 2455 ,
289 2407 352 2445 cui
380 2421 530 2460 semper
557 2407 763 2459 conjuncta
792 2407 890 2445 fuit.
940 2405 1147 2460 Aliquanto
1176 2405 1296 2458 proli-

176 2466 260 2499 xior
289 2468 344 2499 est
371 2460 476 2498 locus
497 2460 537 2499 S.
567 2460 712 2506 Patris;
741 2460 995 2514 quamobrem
1025 2473 1070 2498 ex
1101 2473 1143 2498 eo
1171 2472 1297 2512 pauca

175 2522 321 2552 tantum
350 2513 637 2553 delibabimus.
685 2513 815 2552 Primo
843 2515 945 2552 enim
975 2526 1052 2553 non
1082 2522 1189 2566 putat
1218 2526 1296 2552 esse

178 2567 411 2616 dicendum,
459 2567 560 2619 quod
606 2565 778 2605 Verbum
817 2566 894 2606 Dei
935 2571 1061 2617 posuit
1106 2570 1296 2605 animam

179 2633 295 2659 suam
313 2651 324 2670 ,
351 2620 402 2661 <9³
432 2624 575 2658 iterum
603 2625 770 2672 sumpsit
799 2633 925 2666 eam5
967 2634 1018 2659 ne
1047 2619 1157 2658 nobis
1186 2619 1296 2658 dica-

180 2681 267 2723 tur,
310 2686 404 2727 ergo
432 2673 650 2726 aliquando
679 2678 825 2713 anirna
855 2676 923 2712 illa
953 2683 1150 2727 separata
1178 2681 1237 2712 est
1266 2685 1295 2711 a

184 2726 336 2773 Verb0,·
365 2728 466 2780 quod
497 2728 635 2767 falsum
666 2743 745 2767 esse
774 2729 1029 2781 pronunciat.
1057 2727 1139 2766 Post
1167 2735 1296 2765 autem

182 2781 330 2820 adducit
359 2781 581 2835 exemplum
611 2782 814 2821 hominum
832 2812 842 2831 ,
871 2783 940 2835 qui
970 2783 1085 2820 etiam
1113 2781 1297 2820 dicuntur

186 2842 400 2883 potestatem
443 2835 585 2875 habere
614 2836 784 2888 ponendi
813 2837 985 2874 animam
1016 2848 1153 2883 suam,
1200 2847 1295 2886 quo-

183 2887 293 2924 modo
308 2888 500 2941 Martyres
529 2903 612 2928 eam
630 2897 834 2943 posuerunt
863 2902 933 2942 pro
948 2887 1123 2937 Christo,
1153 2886 1295 2939 &quo-

184 2939 294 2976 modo
320 2940 449 2981 Petrus
492 2943 643 2983 dicebat
672 2943 868 2982 Domino:
915 2940 1113 2980 Animam
1155 2953 1296 2979 meam

182 3004 252 3041 pro
280 3000 316 3029 te
344 3008 524 3043 ponam;
566 2997 654 3036 licet
682 2996 855 3035 homines
885 3004 1102 3049 potestatem
1131 3007 1205 3033 non
1226 2993 1295 3033 ha-

183 3044 297 3083 beant
327 3046 460 3087 iterum
489 3052 663 3090 sumendi
691 3065 804 3089 eam.
847 3049 910 3088 Sic
941 3062 1029 3102 ergo
1055 3047 1226 3087 Christus
1255 3062 1295 3087 a-

182 3099 331 3136 nimam
362 3104 507 3151 posuit,
537 3104 789 3157 eamdemque
817 3104 1049 3156 resumpsit,
1078 3102 1296 3151 moriendo,

184 3151 218 3188 81
247 3154 499 3203 resurgendo,
529 3157 657 3196 Tertio
677 3159 833 3197 obviam
863 3156 1130 3195 difficultatem
1146 3164 1295 3205 movet,

186 3218 233 3242 an
261 3205 431 3244 Christus
473 3211 583 3257 possit
609 3211 688 3249 dici
728 3209 846 3249 caro?
894 3209 1106 3262 Respondet
1135 3218 1294 3248 autem:

186 3256 242 3295 Et
271 3272 368 3297 caro
401 3258 574 3298 Christus
592 3292 602 3309 ,
630 3263 678 3302 (θ’
708 3269 852 3302 anima
886 3262 1088 3312 Christus,
1115 3263 1166 3306 ὠ·
1198 3261 1297 3302 Ver-

187 3310 277 3350 bum
310 3310 482 3353 Christus
497 3327 511 3358 ,-
540 3326 612 3354 nec
642 3323 780 3356 tamen
800 3321 879 3357 tria
909 3316 994 3357 ἵκεο
1023 3326 1103 3358 tres
1127 3315 1297 3367 Christi,

730 95 810 139 DE
842 93 1091 137 INCARN.
1123 94 1292 136 snc'r.
1323 94 1380 135 11.
1425 93 1568 136 mss
1600 96 1682 139 111.
1728 98 1857 141 CAP.
1890 99 1968 143 1v.

1366 169 1436 208 seii
1465 184 1565 209 unus
1598 172 1799 213 Christus.
1828 179 1940 223 Quod
1961 185 1999 214 nt
2027 174 2286 229 intelligatur,
2315 176 2376 216 vel
2398 178 2476 216 sal-

1367 232 1448 261 tem
1478 223 1690 272 credatur,
1719 226 1859 264 iterum
1881 228 2090 267 humanum
2112 230 2476 283 ponitexemplum·

1366 277 1408 315 Si
1438 278 1538 313 enim
1569 286 1795 328 quaeratur,
1825 279 1892 317 ubi
1921 290 1973 319 est
2001 281 2139 321 Paulus
2170 283 2365 337 Apostolus
2396 296 2479 321 mo-

1366 328 1442 368 do?
1473 330 1520 367 Et
1550 332 1636 381 quis
1666 331 1916 381 respondeat:
1945 337 1986 369 in
2011 341 2145 383 requie
2174 350 2264 374 cum
2298 335 2477 375 Christo:

1369 396 1501 420 rerum
1531 382 1623 420 dicit
1643 410 1652 421 .
1692 383 1733 421 Si
1762 383 1860 421 alius
1891 386 2131 436 respondeat:
2177 389 2319 428 Romae
2348 394 2389 428 in
2416 403 2477 428 se-

1366 438 1529 487 pulcro:
1559 437 1608 476 (9¹
1638 441 1718 486 ipse
1747 450 1881 474 rerum
1911 439 2035 480 dicim
2063 442 2154 489 quia
2183 446 2331 492 primus
2359 445 2405 482 de
2435 458 2475 481 a..

1367 491 1492 539 nima,
1521 490 1614 528 alter
1643 491 1687 528 de
1717 504 1831 527 carne
1861 491 2083 542 respondet,
2113 505 2186 529 nec
2214 503 2353 534 tamen
2381 498 2477 535 duos

1367 541 1535 581 dicimus
1566 545 1768 595 Apostolos
1797 543 1942 582 Paulos
1960 570 1970 582 .
2017 544 2086 580 His
2115 553 2241 582 autem
2278 550 2477 589 declaratis

1363 597 1416 634 ita
1445 598 1600 635 demum
1617 597 1830 635 concludit:
1861 626 1887 646 ‚,
1918 598 2040 636 Nemo
2056 609 2143 648 ergo
2163 599 2323 648 titubet,
2352 617 2475 654 qnan-

1362 676 1388 697 „
1417 651 1464 688 do
1493 652 1625 699 audit,
1673 651 1886 689 Dominum
1924 652 2089 698 dixisse,
2139 649 2248 688 Pono
2289 658 2479 694 animam

1361 730 1388 749 „
1419 716 1586 752 meam,
1615 704 1664 744 ὅ)
1693 708 1837 741 iterum
1865 717 1980 742 suino
2009 715 2133 741 eam.
2164 703 2273 742 Ponit
2303 719 2387 744 eam
2416 722 2479 747 ca-

1362 784 1389 803 „
1419 769 1486 804 ro,
1529 759 1592 795 sed
1622 770 1667 795 ex
1697 767 1876 809 potestate
1908 757 2052 795 Verbi:
2098 759 2217 795 sumit
2245 772 2331 796 eam
2360 773 2448 797 caro
2468 789 2480 809 ,

1362 836 1389 856 2,
1419 810 1482 847 sed
1511 822 1556 848 ex
1585 819 1760 862 potestate
1782 811 1929 849 Verbi.
1961 811 2007 849 Et
2037 811 2118 862 ipse
2136 811 2326 849 Dominus
2353 813 2478 851 dictus

1366 890 1393 909 „
1424 870 1476 900 est
1505 863 1583 901 sola
1623 877 1784 903 caro....
1834 865 1941 904 Ande
1970 864 2126 913 dicere,
2173 865 2223 905 <9¹
2265 866 2353 903 sola
2382 878 2480 904 caro

1367 944 1391 962 „
1424 914 1566 952 Christi
1595 916 1721 954 dictus
1749 927 1808 955 est
1839 917 2043 956 Christus:
2065 920 2091 938 ‘⁵
2136 918 2238 971 quod
2267 919 2403 970 probat
2434 931 2481 957 ex

1364 966 1577 1020 Symbolo,
1606 983 1683 1020 quo
1711 971 1939 1021 profitemur
1967 972 2121 1009 credere
2150 973 2191 1010 in
2218 970 2350 1011 Jesnm
2368 971 2482 1011 Chri·

1363 1030 1464 1059 stum
1493 1022 1734 1073 crucifixum
1752 1052 1762 1070 ,
1790 1024 1839 1063 ὠ
1868 1025 2062 1076 sepultum
2079 1050 2090 1062 .

1420 1076 1511 1113 501.
1540 1074 1635 1126 Obj.
1664 1076 1799 1113 tertio.
1831 1077 1886 1114 Ad
1906 1078 2045 1116 Coloss.
2063 1078 2129 1115 ΙΙΙ.
2163 1075 2225 1116 ι5.
2253 1078 2323 1117 ubi
2351 1080 2393 1118 in
2413 1091 2482 1118 no-

1365 1129 1450 1166 stris
1480 1126 1617 1166 Bibliis
1645 1126 1784 1179 legitur
1813 1127 2038 1181 Expolians
2066 1135 2337 1184 principatus,
2385 1134 2483 1171 anti-

1365 1182 1432 1233 qui
1465 1181 1637 1233 legerunt
1665 1180 1875 1232 expolians
1904 1194 1948 1219 se
1976 1194 2129 1221 carne.
2185 1186 2242 1222 Ita
2270 1185 2481 1239 Parapina-

1365 1245 1434 1272 stes
1463 1234 1585 1288 Syrus
1603 1264 1613 1282 ‚
1642 1236 1846 1286 inquiens:
1876 1233 1931 1271 Et
1958 1248 2028 1285 per
2057 1236 2367 1286 expoliationem
2396 1251 2482 1277 cor-

1364 1291 1469 1338 poris
1499 1291 1557 1325 sui
1578 1285 1805 1337 diffamavit
1826 1291 2070 1340 principatus
2087 1314 2098 1326 .
2129 1289 2184 1327 Ita
2203 1291 2317 1327 etiam
2332 1291 2373 1328 S.
2391 1293 2483 1330 Am-

1364 1341 1511 1379 brosius
1533 1341 1621 1380 Lib.
1643 1342 1711 1380 III.
1742 1341 1790 1379 de
1807 1341 1897 1395 ficle
1926 1356 2013 1394 cap.
2031 1355 2069 1380 2.
2099 1354 2252 1379 exuens
2271 1356 2313 1380 se
2332 1355 2483 1388 carne;

1364 1404 1444 1433 tum
1476 1394 1516 1434 S.
1548 1395 1722 1433 Hilarius
1751 1395 1839 1434 Lib.
1861 1396 1932 1434 IX.
1963 1395 2011 1433 de
2043 1394 2239 1433 Trinitate
2263 1394 2357 1448 legit
2386 1409 2484 1434 exu—

1368 1457 1431 1486 tus
1460 1461 1587 1487 carne
1605 1478 1615 1497 ,
1646 1448 1680 1485 8c
1708 1450 1847 1488 iterum
1877 1463 1921 1488 se
1950 1462 2076 1487 carne
2103 1450 2280 1498 spolians
2297 1476 2308 1488 .
2336 1449 2391 1487 Ita
2419 1450 2484 1487 de-

1364 1516 1473 1540 mum
1503 1502 1543 1540 S.
1574 1502 1806 1554 Augustinus
1847 1503 1889 1542 in
1931 1505 2039 1555 epist.
2067 1502 2245 1541 CXLIX.
2288 1516 2397 1541 num.
2419 1503 2485 1542 26.

1362 1556 1454 1608 legit
1483 1568 1637 1594 exuens
1665 1569 1708 1594 se
1737 1569 1889 1605 carne,
1919 1560 2189 1608 principatus,
2230 1557 2281 1597 Θ·
2309 1565 2481 1607 potesta-

1363 1619 1421 1647 tes
1451 1609 1715 1661 exemplavit.
1745 1609 1874 1657 Quam
1894 1609 2094 1649 lectionem
2114 1608 2306 1648 nonnullis
2334 1610 2421 1648 aliis
2441 1610 2483 1648 in

1362 1662 1457 1700 locis
1485 1664 1641 1703 retinuit
1659 1691 1669 1702 .
1698 1662 1874 1702 Verbum
1894 1665 2025 1717 itaque
2052 1663 2230 1703 divinum
2259 1676 2296 1701 se
2325 1677 2348 1701 a
2366 1675 2482 1702 carne

1363 1715 1553 1766 sejunxit.

1419 1771 1510 1808 502.
1542 1769 1655 1823 Resp.
1674 1801 1684 1820 ,
1731 1772 1887 1811 omnino
1916 1771 2141 1811 servandam
2171 1784 2248 1808 esse
2276 1770 2482 1809 lectionem

1362 1825 1480 1863 nostri
1511 1823 1655 1875 vulgati
1686 1825 1929 1878 interpretis,
1976 1835 2058 1863 tum
2101 1824 2194 1877 quia
2221 1832 2396 1862 accurate
2424 1837 2484 1861 re-

1362 1878 1514 1929 spondet
1532 1879 1648 1916 textui
1669 1891 1796 1930 graeco
1811 1878 2125 1930 oe'mnva'usvos
2141 1878 2216 1920 τοὶς
2232 1875 2360 1927 α’ρχοις
2391 1875 2483 1914 Ex-

1361 1932 1516 1980 polians
1543 1935 1819 1983 principatus:
1847 1941 1930 1969 tum
1959 1932 2076 1969 etiam
2105 1932 2199 1984 quia
2227 1931 2366 1968 rectius
2396 1929 2483 1969 fluit

1365 1982 1406 2020 S.
1436 1983 1546 2021 Pauli
1575 1996 1728 2023 sensus:
1758 1984 1972 2037 Expolians
2000 1988 2271 2037 principatus,
2300 1983 2349 2024 (θ’
2377 1993 2483 2034 pote-

1363 2044 1489 2074 states
1506 2066 1517 2084 ,
1546 2051 1687 2089 nempe
1717 2037 1920 2075 Daemones
1938 2068 1948 2086 ,
1978 2037 2047 2075 illo
2076 2039 2266 2091 imperiO,
2314 2038 2417 2089 quod
2445 2051 2483 2075 e·

1363 2089 1565 2128 xercebant
1593 2091 1633 2128 in
1663 2089 1837 2128 homines
1865 2091 1939 2128 sibi
1959 2091 2150 2142 captivos.
2179 2091 2252 2130 Sed
2283 2099 2425 2129 retenta
2445 2105 2483 2128 e·

1363 2143 1459 2179 tiam
1487 2142 1648 2181 lectione
1676 2142 1896 2195 aliquorum
1926 2151 2096 2181 veterum
2114 2173 2126 2191 ,
2170 2156 2248 2180 non
2276 2145 2449 2195 sequitur
2470 2173 2482 2191 ,

1364 2193 1541 2232 Verbum
1572 2197 1717 2232 exuisse
1739 2196 1946 2233 humanam
1976 2209 2130 2234 carnem
2148 2225 2159 2243 ,
2189 2208 2308 2247 qnam
2336 2209 2483 2234 assum-

1363 2254 1510 2299 pserat,
1558 2247 1623 2284 sed
1650 2247 1846 2284 Christum
1878 2249 2025 2284 exuisse
2053 2262 2209 2288 carnem
2239 2247 2310 2285 hoc
2339 2262 2448 2286 sensu
2470 2278 2481 2297 ,

1362 2308 1546 2351 quatenus
1561 2313 1646 2337 eam
1662 2298 1711 2337 ab
1725 2300 1856 2338 anima
1886 2298 2084 2337 moriendo
2111 2298 2277 2350 sejunxit
2306 2302 2323 2350 (
2346 2314 2482 2351 quem·

1363 2353 1573 2392 admodum
1613 2367 1637 2390 a
1677 2352 1788 2391 nobis
1831 2366 1947 2405 supra
1988 2351 2226 2404 explicatum
2263 2360 2316 2391 est
2358 2352 2399 2402 ),
2447 2353 2481 2390 ἃ

1364 2415 1486 2445 morte
1514 2420 1583 2445 sua
1610 2406 1658 2444 de
1686 2407 1838 2445 inferno
1866 2405 2149 2458 triumphavit.

1420 2461 1512 2500 503.
1541 2458 1635 2511 Obj.
1664 2469 1828 2512 quarto.
1867 2459 1993 2498 Filius
2022 2459 2097 2497 Dei
2126 2459 2268 2498 dicitur
2297 2472 2386 2498 vere
2413 2457 2482 2497 ho-

1364 2527 1429 2552 mo
1445 2544 1456 2563 ,
1485 2514 1578 2567 qnia
1597 2515 1798 2566 assumpsit
1828 2522 2001 2552 naturam
2022 2511 2234 2552 humanam
2251 2543 2262 2562 ,
2291 2526 2380 2565 quae
2395 2527 2484 2553 con-

1363 2576 1432 2606 stat
1460 2580 1507 2606 ex
1536 2568 1664 2606 anima
1685 2567 1719 2604 8:
1740 2580 1899 2619 corpore
1915 2597 1927 2616 ,
1954 2566 2072 2606 simul
2088 2565 2380 2606 substantialiter
2396 2579 2484 2605 con·

1363 2620 1531 2673 junctis:
1560 2622 1592 2659 si
1622 2634 1710 2673 ergo
1729 2619 1851 2659 soluta
1878 2620 1951 2659 hac
1973 2622 2110 2660 unione
2130 2620 2306 2660 Verbum
2336 2634 2486 2659 reman-

1365 2676 1468 2713 sisset
1496 2672 1621 2712 adhuc
1651 2673 1886 2727 hypostatice
1903 2675 2054 2713 unitum
2072 2683 2148 2713 tam
2163 2675 2306 2713 animae
2323 2702 2335 2721 ,
2363 2686 2483 2725 quam

1365 2729 1547 2780 corpori,
1576 2727 1652 2765 dici
1682 2728 1848 2780 potuisse
1878 2728 1997 2766 Filius
2024 2727 2103 2767 Dei
2132 2736 2190 2768 est
2218 2729 2391 2774 anima,
2419 2726 2483 2771 ⁴2&

1364 2780 1487 2819 Filius
1507 2780 1586 2819 Dei
1614 2788 1672 2818 est
1701 2793 1840 2833 corpus
1856 2808 1866 2821 .
1897 2783 1979 2821 Hoc
2002 2791 2127 2821 autem
2150 2789 2203 2820 est
2230 2778 2397 2818 falsum':
2424 2792 2482 2817 er-

1364 2847 1413 2887 go
1441 2834 1514 2873 διο.

1421 2886 1515 2933 504.
1547 2885 1758 2939 Respondet
1801 2888 1842 2928 S.
1873 2887 2042 2927 Thomas
2083 2887 2130 2925 ad
2161 2885 2199 2927 5.
2247 2916 2275 2935 „
2304 2883 2482 2924 Verbum

1364 2970 1392 2990 „
1421 2942 1495 2979 Dei
1524 2949 1678 2992 propter
1706 2942 1888 2980 unionem
1919 2941 2099 2979 hnmanae
2141 2950 2288 2978 natnrae
2319 2952 2392 2978 non
2421 2940 2479 2977 di-

1366 3023 1391 3043 „
1420 2994 1520 3032 citur
1550 2992 1732 3032 humana
1752 3003 1903 3033 natura
1919 3024 1930 3043 ,
1960 2995 2021 3033 sed
2044 2995 2186 3033 dicitur
2204 2994 2343 3041 homo,
2374 2993 2476 3045 quod

1363 3076 1391 3096 „
1421 3056 1473 3086 est
1503 3046 1645 3085 habens
1674 3046 1882 3086 humanam
1911 3056 2084 3086 naturam
2103 3076 2113 3086 .
2170 3049 2313 3086 Anima
2349 3055 2477 3084 antem

1366 3130 1393 3150 „
1421 3100 1455 3137 &
1483 3112 1620 3152 corpus
1648 3110 1733 3139 sunt
1762 3111 1885 3153 partes
1914 3102 2124 3141 essentiales
2153 3100 2334 3140 humanae
2369 3108 2478 3138 natu-

1366 3184 1393 3204 „
1420 3166 1497 3200 rae3
1527 3154 1629 3192 unde
1659 3163 1815 3207 propter
1846 3156 2026 3195 unionem
2047 3155 2170 3195 Verbi
2198 3157 2246 3194 ad
2274 3164 2478 3204 utrumque

1365 3237 1392 3258 „
1422 3220 1552 3246 eorum
1571 3235 1582 3255 ,
1611 3219 1687 3245 non
1715 3210 1909 3261 seqnitur,
1937 3211 2038 3262 quod
2068 3209 2241 3248 Verbum
2264 3209 2335 3247 Dei
2364 3206 2409 3242 sit
2438 3218 2475 3242 a-

1365 3291 1392 3311 „
1421 3261 1547 3309 nima,
1578 3259 1639 3299 vel
1654 3274 1817 3314 corpus;
1845 3263 1909 3304 sed
1926 3264 2027 3317 quod
2055 3265 2101 3305 sit
2121 3262 2263 3304 habens
2281 3261 2447 3299 animam
2464 3285 2476 3303 ‚

1365 3345 1394 3367 „
1423 3313 1485 3358 vel
1513 3326 1650 3367 corpus
1666 3339 1679 3356 .
1700 3318 1726 3339 “

2333 3366 2426 3405 505.
