2583 3685
838 179 1278 228 PROMISSIONES
1313 179 1586 227 MESSIAE.
2268 200 2295 244 ‘⁷

68 271 195 322 gentes
214 296 227 316 ,
266 274 342 304 non
380 261 456 302 alia
485 269 562 301 erat
603 275 720 316 qutun
763 265 964 315 promissio
993 263 1173 313 Messias,

67 336 113 361 ex
142 319 337 361 benedicta
356 316 568 356 Abrahami
599 318 714 368 stirpe
743 319 943 355 nascituri.
986 317 1174 356 Eamdem

66 372 352 428 promissionem
381 370 441 409 illi
469 370 607 409 Sancto
637 369 867 409 Patriarchae
898 372 1040 423 saepius
1070 370 1172 407 Deus

67 427 239 473 iteravit,
267 425 409 463 sancito
437 425 553 462 etiam
579 422 733 475 faeilere
761 428 1001 476 sempiterno
1030 425 1068 462 in
1094 424 1171 461 'cir-

67 479 322 526 cumcisioue‚
352 491 440 530 quae
471 487 547 516 erat
576 486 732 529 pactum
761 480 858 517 inter
880 478 1004 515 Deum
1022 507 1032 524 ,
1062 475 1096 512 8:
1116 490 1172 513 se-

64 539 151 572 nen
181 530 349 570 Abrahae
370 559 382 578 ‚
424 531 564 570 Genes.
596 531 722 571 XVII.
760 531 810 570 Ut
839 540 965 569 antem
1007 529 1172 580 explicat

62 584 225 625 Sanctus
252 583 393 624 Paulus
430 583 590 624 Roman.
621 584 688 623 IV.
724 598 783 624 ιι.
813 598 891 636 seq.
914 613 925 631 ,
967 583 1173 620 circumci-

60 639 118 677 sio
146 646 224 676 erat
251 637 503 690 signaculum
525 641 693 691 justitias
714 667 724 686 ‚
753 638 802 678 (9·
818 636 924 690 fidei
939 652 955 680 ,·
983 636 1016 672 ἆ
1046 636 1100 672 sic
1123 634 1172 672 A·

62 690 225 730 braham
254 692 376 730 factus
390 700 442 729 est
461 701 567 744 pater
582 723 592 740 ,
621 705 700 729 non
720 695 767 728 iis
782 698 940 727 tantum
956 716 968 735 ‚
997 690 1062 739 qui
1081 695 1171 725 sunt

60 756 115 784 ex
156 748 483 795 circumcisione,
530 759 670 796 nempe
697 743 840 782 Judaeis
861 772 871 790 ,
913 740 983 780 sed
1019 741 1070 782 <9⁰
1098 745 1144 778 iis
1161 773 1171 791 ‚

61 802 126 850 qui
154 807 359 837 sectantur
387 802 478 838 vesti
507 804 548 837 ia
609 797 671 836 clei
691 826 702 845 ‚
747 808 838 847 quoe
865 803 924 834 est
952 799 993 832 in
1021 807 1174 846 praepu-

61 857 116 890 tio
142 856 269 903 patris
295 856 422 890 nostri
487 851 557 890 bra
584 864 622 889 oe
638 881 649 900 ,
676 847 822 889 scilicet
850 847 1070 887 Gentilibus
1086 878 1097 897 ‚
1127 848 1175 887 ad

61 918 159 958 quos
187 907 303 944 etiam
331 905 425 944 fides
453 904 620 943 Abrahae
649 910 852 954 propagata
883 902 953 940 fuit
974 926 986 940 .

114 959 179 998 50.
209 958 385 1011 Denique
403 957 678 996 solemnissime
708 955 804 994 hanc
823 954 978 994 Messiae
1010 956 1171 1007 promis-

59 1013 205 1051 sionem
226 1011 393 1051 Abrahae
409 1007 651 1049 confirmavit
672 1008 774 1047 Deus
790 1040 801 1057 ,
830 1008 957 1047 addito
975 1008 1172 1061 jurameu-

59 1072 124 1114 to,
154 1064 329 1118 inquiens
348 1064 488 1102 Genes.
504 1062 634 1102 XXII.
671 1062 755 1101 16.:
787 1060 864 1102 Per
893 1066 1172 1114 memetipsum

54 1120 188 1171 juravi
209 1142 266 1156 ....
285 1115 564 1156 benedicentur
591 1120 633 1155 in
660 1120 813 1155 semine
841 1126 907 1153 tuo
922 1128 1062 1154 omnes
1076 1129 1172 1168 gen-

57 1180 119 1210 tes
144 1180 289 1210 terroe.
334 1170 455 1222 Cujus
497 1170 772 1209 benedictionis
820 1170 1053 1208 mentionem
1084 1170 1173 1207 fecit

57 1226 170 1263 etiam
200 1223 312 1263 Beata
340 1221 468 1263 Maria
499 1222 645 1275 Virgo,
673 1219 824 1275 quando
853 1223 894 1261 in
922 1223 1081 1261 Cantico
1095 1222 1171 1261 Lu-

57 1287 114 1316 cae
144 1275 174 1316 Ῑ.
206 1278 270 1317 55.
299 1275 472 1316 dicebat:
513 1276 623 1314 Sicut
664 1276 814 1313 locutus
857 1285 915 1313 est
943 1276 999 1314 aii
1035 1285 1171 1326 patres

57 1340 240 1378 nostros,
270 1330 478 1368 Abraham
505 1329 555 1369 <9-
585 1333 728 1367 semini
757 1330 842 1381 ejus
871 1333 912 1366 in
932 1329 1083 1367 saecula
1105 1356 1116 1368 .

112 1384 179 1423 51.
207 1383 323 1420 Porro
353 1382 549 1421 Abraham
579 1396 669 1420 cum
697 1383 789 1420 duos
820 1382 1010 1421 habuisset
1039 1382 1168 1431 filios,

57 1436 190 1485 isaac,
230 1434 265 1472 &
294 1433 457 1484 ismael,
498 1448 607 1474 suam
635 1434 937 1474 benedictionem
967 1437 1172 1474 transmisit

57 1490 105 1527 ad
135 1489 270 1535 Isaac,
310 1500 428 1540 quam
460 1488 562 1526 Deus
604 1497 725 1527 ratam
763 1503 841 1527 esse
884 1488 1005 1526 voluit
1035 1490 1171 1527 iisdem

56 1541 184 1581 verbis
211 1541 369 1580 Genesis
397 1540 547 1579 XXVI.
575 1541 615 1587 4.
651 1540 707 1578 Et
735 1540 1012 1580 benedicentur
1039 1545 1083 1579 in
1112 1554 1171 1580 se-

59 1597 169 1632 mine
197 1602 263 1631 tuo
289 1605 430 1632 omnes
455 1600 595 1646 gente‘s
623 1602 744 1632 terroe
765 1620 775 1632 .

113 1647 178 1687 32.
208 1645 256 1684 Et
285 1659 414 1685 rursus
442 1647 547 1685 Isaac
575 1660 665 1685 cum
701 1647 795 1685 duos
823 1647 994 1698 geminos
1023 1658 1068 1684 ex
1099 1643 1170 1683 Re-

56 1698 175 1740 becca
201 1701 448 1753 suscepisset,
495 1699 597 1739 Esau
614 1730 625 1749 ,
654 1700 688 1737 ἃ
717 1699 836 1738 Jacob
857 1730 868 1749 ,
911 1698 1002 1737 huic
1032 1709 1171 1751 postre-

57 1766 151 1802 mo,
188 1766 424 1806 quamquam
453 1760 544 1792 natu
573 1755 739 1800 minori,
783 1763 978 1806 paternam
1008 1751 1172 1790 haeredi-

56 1811 198 1854 tatem,
227 1805 311 1844 Deo
338 1807 393 1846 sic
419 1807 637 1860 disponente
654 1837 665 1855 ,
695 1803 880 1860 reliquit,
910 1803 944 1843 δι
975 1819 1051 1844 nna
1080 1818 1171 1844 cum

58 1857 280 1898 haereditate
306 1859 423 1898 etiam
450 1857 754 1899 benedictionem
770 1874 782 1906 ;
813 1860 913 1898 unde
944 1869 984 1898 nt
1012 1860 1174 1897 refertur

57 1913 158 1951 Gen.
188 1911 371 1952 XXVIII.
406 1911 495 1962 13.,
525 1912 619 1952 vidit
645 1912 763 1951 Jacob
793 1914 832 1951 in
868 1914 1010 1951 somnis
1041 1912 1174 1950 Domi-

57 1975 155 2003 num
185 1966 356 2004 innixum
385 1964 498 2004 scalae
525 1965 712 2005 dicentem
745 1966 839 2004 sibi:
866 1964 957 2020 Ego
976 1965 1176 2004 Dominus

58 2015 173 2056 Deus
204 2017 408 2057 Abraham
435 2017 568 2057 Patris
596 2025 679 2068 tui,
720 2019 780 2067 ὠὴ
799 2017 910 2058 Deus
938 2019 1061 2058 Isaac
1079 2045 1089 2058 .
1107 2045 1118 2058 .
1135 2045 1146 2057 .
1162 2045 1175 2058 .

58 2067 336 2111 benedicentur
362 2075 405 2110 in
432 2080 498 2121 te,
526 2072 577 2113 (9⁶
595 2077 637 2110 in
663 2077 820 2111 semine
839 2082 905 2111 tuo
933 2081 1089 2111 cunctae
1108 2075 1175 2110 tri·

58 2122 129 2162 hus
164 2134 312 2165 terroe.
354 2125 457 2164 Hinc
487 2123 688 2178 Apostolus
716 2126 764 2165 ad
792 2125 912 2165 Hebr.
942 2125 1015 2164 XI.
1044 2140 1084 2180 9.
1113 2139 1177 2165 vo-

57 2186 118 2218 cat
146 2177 250 2217 Isaac
268 2206 280 2225 ,
309 2178 343 2216 ἃ
357 2175 476 2218 Jacob
492 2178 716 2218 cohoeredes
746 2181 1048 2232 repromissionis
1064 2181 1176 2218 factae

59 2228 228 2270 Abrahae
249 2256 260 2270 .
288 2231 389 2280 Quas
418 2232 633 2272 benedictio
660 2231 777 2272 Jacob
807 2233 921 2272 etiam
951 2233 1178 2272 confirmata

57 2284 132 2323 fuit
160 2285 198 2323 in
226 2284 371 2325 celebri
400 2285 467 2324 illo
496 2288 676 2326 vaticinio
705 2285 860 2325 Balaam
891 2286 1009 2325 Num.
1026 2284 1175 2324 XXIV.

64 2347 128 2388 ¹7.
160 2337 320 2376 Orietur
347 2339 464 2377 stella
483 2351 538 2378 ex
565 2338 688 2377 Jacob
702 2355 718 2385 ;
746 2341 901 2379 nomine
930 2349 1057 2378 autem
1087 2340 1176 2377 stel-

61 2389 115 2428 iae
142 2388 205 2428 hic
233 2391 473 2444 designatum
502 2392 617 2430 fuisse
632 2392 814 2431 Messian:
837 2420 848 2439 ‚
878 2392 1005 2445 plures
1035 2402 1178 2432 veteres

59 2441 334 2492 observarunt,
364 2457 440 2483 non
467 2443 592 2484 solum
619 2445 854 2496 Christiani,
883 2447 946 2486 sed
976 2447 1091 2486 etiam
1110 2446 1179 2486 Ju-

112 2618 161 2655 (a)
191 2615 420 2653 Communem
446 2617 552 2652 fuisse
578 2616 669 2664 apud
692 2617 829 2654 Judaeos
853 2618 1051 2664 opinionem
1072 2640 1083 2660 ‚
1119 2631 1181 2655 no-

64 2662 159 2696 mine
185 2664 304 2698 Stella
327 2663 501 2709 designari
520 2665 684 2699 Messiam
700 2689 710 2707 ,
736 2665 855 2699 inferri
886 2674 978 2699 recte
1005 2674 1117 2711 potest
1135 2678 1178 2700 ex

61 2709 125 2742 illo
151 2710 278 2745 celebri
304 2711 491 2756 impostore
520 2711 600 2744 Ben.
627 2711 807 2753 Chusiba‚
833 2713 892 2756 qui
920 2724 999 2745 cnm
1026 2725 1060 2746 se
1086 2713 1180 2745 Mes-

64 2755 152 2788 siam
169 2767 242 2790 esse
268 2758 497 2799 mentiretur,
516 2757 595 2790 Bar.
621 2757 830 2798 Chocheba,
858 2757 945 2791 idest
965 2759 1070 2791 Filius
1097 2759 1180 2792 stel-

61 2799 130 2842 lae,
167 2803 334 2848 appellari
367 2804 528 2838 volebat·
566 2805 799 2838 Consentiunt
823 2816 959 2849 quoque
986 2805 1178 2839 Onkelosus

65 2846 101 2879 in
114 2848 317 2894 paraphrasi
335 2848 523 2885 Chaldaica
539 2871 550 2891 ,
574 2851 749 2895 Interpres
765 2851 1082 2895 Jerosolymitanus
1097 2872 1110 2892 ,
1134 2852 1177 2884 R.

65 2891 295 2930 ”simonides
313 2918 326 2937 ‚
351 2897 384 2930 δε
408 2897 496 2930 alii.
534 2897 587 2931 Ex
615 2898 744 2931 nostris
769 2905 888 2931 antem
914 2898 1082 2942 Origenes
1108 2897 1180 2932 Το-

68 2946 127 2972 mo
153 2941 248 2975 XIII.
274 2942 310 2976 in
335 2942 390 2976 Jo.
416 2954 447 2975 n.
470 2943 524 2976 26.
551 2944 730 2987 explicans
755 2944 862 2977 verba
881 2944 1038 2977 mulieris
1057 2945 1179 2977 Sama-

66 2983 188 3018 ritana
218 2985 272 3021 Jo.
298 2989 358 3022 IV.
389 2989 442 3023 15.
470 2990 553 3024 Scio
578 2989 749 3025 Messium
785 2999 952 3024 venturum
987 3003 1089 3030 esse,
1126 2992 1180 3024 in-

69 3030 206 3073 quirit,
228 3033 398 3076 quomodo
421 3036 603 3070 Samaritae
620 3059 631 3078 ‚
654 3039 714 3082 qui
730 3038 867 3071 nonnisi
895 3038 1049 3082 quinque
1071 3036 1177 3070 libros

68 3076 186 3119 Moysi
230 3075 485 3122 admittebant,
525 3081 659 3117 Christi
699 3082 887 3118 adventum
925 3084 1177 3128 expectarent?

68 3120 267 3165 Respondet
290 3134 398 3166 vero,
432 3137 488 3160 eos
513 3129 619 3163 tuisse
656 3139 768 3164 motos
807 3130 848 3164 ad
876 3128 911 3163 id
936 3128 1178 3175 sperandum5

67 3179 109 3201 ex
138 3167 376 3206 benedictione
400 3170 525 3216 Judm,
558 3177 589 3207 &
614 3177 852 3210 verisimiliter
891 3177 998 3210 etiam
1033 3188 1074 3209 ex
1102 3188 1181 3220 pro-

65 3213 195 3260 phetiis
220 3215 385 3250 Balaam.
425 3216 545 3252 videri
571 3222 678 3255 etiam
713 3232 825 3268 potest
851 3223 1024 3258 Eusebius
1051 3224 1180 3256 Caesar.

67 3260 147 3295 Lib.
174 3262 237 3295 IX.
266 3261 464 3296 Demonstr.
490 3263 620 3310 Euang.
647 3279 678 3300 c.
709 3279 739 3301 1.

117 3308 165 3346 (b)
196 3309 230 3340 S·
259 3308 413 3343 Thomas
443 3315 472 3342 f·
500 3320 531 3342 2-
555 3322 590 3355 q·
612 3314 670 3355 98·
696 3321 763 3347 art.
790 3317 823 3356 4.
850 3316 937 3349 bene
962 3314 1185 3353 observavit>

68 3353 161 3398 quod
181 3375 207 3394 „
226 3364 293 3388 non
320 3355 386 3388 fuit
411 3363 555 3400 propter
579 3359 744 3392 meritum
770 3361 921 3394 Abrahae
947 3371 985 3396 nt
1005 3363 1086 3395 talis
1105 3372 1189 3406 pro-

70 3419 94 3439 „
119 3401 240 3436 missio
263 3402 293 3434 ei
322 3401 442 3440 fieret,
474 3412 510 3436 u:
540 3403 674 3438 scilicet
700 3404 861 3440 Christus
886 3419 928 3441 ex
958 3407 1034 3453 ejus
1060 3407 1188 3441 semine

1241 261 1315 299 daei
1338 262 1425 312 (tl.);
1455 262 1487 298 a&
1519 264 1597 314 ipse
1622 262 1808 303 Dominus
1838 273 1959 304 noster
1985 271 2115 320 aperte
2143 259 2353 308 declaravit

1242 313 1508 366 Apoc.XXll.
1535 317 1595 353 16.
1624 316 1773 355 dicens:
1805 318 1893 370 Ego
1922 334 2008 357 sum
2039 320 2181 374 radix,
2209 322 2260 363 <90
2287 336 2354 376 ge-

1240 380 1316 404 nus
1345 366 1504 415 Dauid,
1535 370 1648 407 stella
1678 371 1906 420 splenclilit,
1936 375 1984 414 <9-
2015 380 2217 413 matutina
2235 402 2246 414 .

1296 420 1360 459 53.
1390 418 1560 460 Domum
1590 423 1707 461 Jacob
1730 454 1739 471 ,
1771 439 1858 462 cum
1889 440 1932 463 ex
1976 428 2138 466 ›Iuribus
2170 429 2353 469 uxoribus

1239 473 1439 511 duodecim
1457 477 1674 527 suscepisset
1694 477 1814 528 filios,
1846 443 2102 520 hoereriitatem
2125 491 2234 520 terrae
2255 484 2353 521 Cha-

1238 540 1338 564 naau
1367 526 1525 576 singulis
1551 540 1598 566 ‘ex
1630 543 1741 582 aequo
1770 534 1926 584 partitus
1956 544 2032 579 est;
2063 536 2354 587 promissionem

1241 589 1368 617 autem
1398 579 1549 618 Messi-12.
1580 582 1713 621 tribuit
1742 584 1850 622 Juda:
1883 588 2064 637 peculiari
2097 587 2164 626 illa
2193 589 2350 627 benedi-

1240 634 1363 671 ctione
1392 634 1493 671 Gen.
1525 634 1668 674 XLIX.
1699 636 1738 675 8.
1786 652 1863 692 seq.
1893 639 2021 688 suctu,
2063 651 2100 678 te
2136 641 2356 680 laniabunt

1228 684 1391 738 fratres
1421 691 1475 725 tui
1575 688 1796 727 adorabunt
1826 704 1864 728 re
1880 692 1962 744 filii
1992 699 2114 744 putris
2136 700 2190 733 tui
2273 708 2354 733 non

1241 739 1448 792 auferetur
1475 751 1674 792 sceptrum
1704 742 1751 781 cle
1783 743 1885 783 siniit
1903 775 1913 793 ,
1960 749 2008 788 (9-
2038 747 2117 785 (lux
2147 748 2196 787 de
2212 748 2352 802 femo-

1242 805 1286 830 re
1313 795 1427 846 ejus,
1457 794 1581 832 donec
1612 800 1744 834 veniat
1762 828 1772 845 ,
1801 803 1864 849 qui
1894 800 2106 840 mittendus
2135 813 2193 841 esc
2211 832 2222 851 ,
2250 802 2300 844 Φ·
2320 807 2350 840 ι’-

1242 859 1311 898 pse
1338 851 1414 884 erit
1444 853 1668 899 expectatio
1694 855 1872 902 gentium
1905 852 1961 903 (b)
1980 880 1989 891 .

1298 899 1363 946 54.
1396 901 1588 940 Hactenus
1616 911 1740 942 tamen
1784 904 1862 942 illae
1909 909 2171 958 promissiones
2202 907 2358 948 Μυσία

1242 952 1312 991 soli
1342 952 1535 993 traditioni
1565 955 1660 995 oraIi
1681 960 1956 997 commendatae
1988 972 2089 999 eraut
2111 992 2121 1009 ‚
2167 971 2207 999 ut
2235 976 2257 1000 a
2287 961 2354 999 Pa-

1239 1006 1362 1045 tribus
1391 1009 1430 1045 in
1460 1009 1559 1047 filios
1581 1040 1590 1056 ,
1621 1025 1664 1047 ac
1694 1021 1845 1064 nepotes
1873 1013 2137 1053 descenderent
2155 1041 2165 1053 .
2195 1014 2270 1053 Sed
2289 1028 2357 1068 po-

1242 1068 1317 1098 stea
1347 1059 1477 1111 Moysi
1506 1063 1606 1101 dedit
1638 1063 1739 1102 Deus
1769 1065 1890 1117 legem
1934 1068 2113 1119 scriptam
2142 1069 2259 1120 digito
2282 1079 2354 1106 'suo

1242 1113 1364 1152 Exodi
1396 1114 1544 1153 XXIV.
1575 1117 1668 1155 Haec
1699 1128 1823 1157 autem
1854 1118 1914 1157 lex
1944 1123 2111 1172 scripta,
2143 1131 2181 1159 ut
2196 1122 2356 1160 Sanctus

1241 1166 1410 1206 Thomas
1445 1169 1617 1208 observat
1654 1185 1686 1209 ι.
1721 1185 1756 1209 2.
1787 1187 1853 1225 qu.
1883 1173 1950 1224 98.
1981 1183 2050 1212 art.
2085 1188 2120 1212 2.
2149 1173 2354 1226 dupliciter

1240 1218 1411 1259 homiues
1430 1222 1476 1260 ad
1496 1222 1690 1261 Christum
1711 1225 1932 1273 ordinabat,
1954 1228 2079 1276 primo
2095 1229 2358 1265 testimonium

1239 1274 1391 1312 Christo
1419 1273 1684 1326 perhibendo,
1714 1278 1812 1315 unde
1832 1278 2003 1316 Christus
2035 1281 2111 1331 ipse
2141 1280 2258 1318 Lucae
2289 1280 2358 1318 ult.

1239 1327 1307 1373 44.
1337 1328 1511 1366 dicebat:
1558 1329 1721 1380 Oportet
1749 1331 1905 1383 impleri
1933 1335 2073 1370 omnia
2091 1362 2102 1381 ,
2145 1345 2233 1383 quae
2262 1337 2358 1370 scri-

1237 1389 1307 1430 pta
1336 1389 1427 1418 sunt
1456 1385 1497 1418 in
1525 1381 1662 1433 Lege,
1709 1384 1758 1425 ὠ·
1788 1388 1828 1421 in
1859 1384 2031 1423 Psalmis
2049 1415 2059 1433 ‚
2101 1384 2151 1426 Θ·
2189 1390 2230 1423 ἱη
2260 1385 2356 1425 Pro—

1238 1432 1362 1483 phetis
1381 1433 1430 1471 de
1449 1447 1514 1472 me
1530 1464 1543 1479 ‚
1575 1436 1609 1472 &
1630 1437 1763 1475 Joann.
1785 1437 1834 1475 V.
1852 1437 1916 1482 46.
1938 1437 1979 1475 Si
2000 1437 2212 1477 crederetis
2234 1438 2358 1492 Moy·-

1239 1491 1299 1535 st',
1329 1485 1542 1526 crederetis
1559 1488 1743 1541 forsitan
1774 1500 1811 1528 et
1841 1490 1964 1528 milii:
2002 1490 2050 1529 de
2080 1504 2145 1530 me
2174 1496 2283 1530 enirn
2312 1493 2357 1530 il·

1240 1540 1278 1577 le
1306 1544 1486 1590 scripsit.
1516 1542 1694 1581 Secundo
1723 1543 1782 1581 Iex
1803 1543 2002 1582 ordinabat
2032 1558 2099 1597 per
2130 1546 2286 1584 modum
2316 1560 2357 1584 a·

1242 1590 1383 1641 licujus
1403 1595 1655 1645 dispositionis
1672 1627 1683 1644 ,
1713 1597 1805 1635 dum
1828 1597 2016 1635 retrahens
2040 1598 2210 1637 homines
2229 1612 2251 1637 a.
2273 1598 2362 1637 cul-

1240 1652 1278 1681 tu
1311 1644 1563 1695 idololatriae,
1606 1650 1854 1688 concludebat
1884 1664 1943 1688 eos
1974 1651 2044 1688 sub
2089 1651 2196 1690 cultu
2244 1654 2358 1691 unius

1241 1695 1346 1743 Dei,
1385 1711 1408 1734 a
1436 1711 1513 1749 quo
1541 1700 1766 1739 salvandum
1796 1702 2116 1753 eratzhumanum
2146 1719 2261 1755 genus
2290 1717 2359 1757 pet

1238 1748 1460 1795 Christum3
1492 1752 1591 1789 unde
1621 1753 1823 1805 Apostolus
1852 1754 1899 1792 ad
1925 1754 2020 1792 Gal.
2050 1756 2116 1792 111.
2148 1757 2212 1795 23.
2241 1759 2360 1796 dicit:

1239 1806 1470 1854 priusquam
1500 1808 1646 1843 reniret
1664 1805 1777 1857 fides
1793 1837 1804 1856 ‚
1833 1806 2008 1860 sublege
2035 1807 2358 1848 custo-liebizntur

1242 1856 1419 1894 conclusi
1448 1860 1490 1894 in
1519 1871 1614 1896 eam
1630 1859 1767 1913 fidem
1785 1890 1795 1908 ,
1825 1874 1914 1911 quae
1943 1860 2161 1900 revelanda,
2191 1873 2308 1902 erat.

1297 1909 1363 1948 35.
1393 1909 1557 1950 Pulchre
1585 1912 1628 1951 S.
1660 1914 1889 1966 Augustinus
1933 1914 2020 1953 Lib.
2052 1913 2140 1954 VII.
2182 1916 2231 1955 de
2273 1916 2362 1958 Ciu.

1242 1962 1320 2002 Dei
1349 1976 1434 2016 cap.
1465 1963 1530 2003 32.
1551 1989 1578 2014 -‚,
1601 1966 1681 2006 Hoc
1711 1969 1938 2020 mysterium
1967 1969 2057 2006 'vitae
2089 1978 2240 2008 aeternae
2258 2001 2269 2019 ,
2300 1975 2360 2009 in-

1245 2047 1271 2066 „
1300 2020 1407 2069 quit,
1437 2017 1517 2069 jam
1548 2019 1634 2058 inde
1662 2019 1713 2059 ab
1743 2022 1895 2060 exordio
1923 2023 2071 2074 generis
2101 2021 2259 2062 humani
2289 2029 2359 2077 per

1245 2099 1272 2120 „
1301 2071 1480 2124 quaedam
1510 2073 1643 2125 siguae,
1681 2073 1716 2109 ἃ
1740 2083 1981 2113 *sacramenta
2009 2075 2244 2127 temporibus
2273 2091 2362 2116 con-

1245 2153 1273 2174 „
1301 2139 1395 2176 grua
1413 2155 1424 2173 ,
1453 2126 1596 2178 quibus
1611 2128 1803 2179 oportuit,
1835 2141 1901 2180 per
1919 2127 2080 2180 Angelos
2111 2129 2363 2180 praedicatum

1246 2207 1272 2226 „
1303 2187 1383 2216 est.
1412 2176 1570 2217 Deinde
1590 2179 1752 2230 loquens
1781 2180 1829 2218 de
1855 2181 1994 2232 populo
2010 2179 2181 2221 Hebraeo
2202 2187 2259 2221 itu.
2273 2196 2361 2234 pro-

1245 2259 1272 2279 „
1300 2235 1499 2282 sequitur:
1540 2234 1683 2271 Omnes
1712 2235 1816 2271 enim
1847 2247 1917 2272 non
1946 2234 2070 2273 solunt
2112 2236 2327 2288 prophetia:
2349 2268 2362 2287 ,

1245 2311 1271 2333 ‚,
1300 2298 1388 2338 quae
1421 2286 1458 2322 in
1488 2285 1613 2324 verbis
1643 2297 1754 2334 sunt,
1806 2301 1874 2326 nec
1903 2296 2046 2327 tautum
2085 2299 2278 2343 praecepta
2307 2292 2365 2330 vi-

1247 2368 1273 2388 „
1302 2347 1377 2386 tae,
1407 2350 1496 2390 quae
1528 2352 1676 2388 mores,
1722 2343 1979 2394 pietatemque
2010 2343 2271 2393 conformant,
2309 2354 2364 2383 at-

1247 2422 1272 2441 „
1303 2405 1378 2444 que
1407 2391 1484 2430 illis
1514 2392 1646 2431 litteris
1674 2395 1934 2441 continentum
1983 2409 2118 2435 verum
2161 2399 2275 2436 etiam
2305 2412 2363 2437 sa-

1242 2468 1274 2495 ,‚
1302 2459 1368 2484 cra
1385 2475 1395 2492 ‚
1425 2446 1631 2486 sacerdotia
1649 2476 1661 2496 ,
1686 2447 1984 2488 'tabernaculum
2000 2479 2011 2499 ,
2040 2450 2119 2489 sive
2147 2451 2358 2542 ῑεηιρίιίιη,

2257 2519 2278 2542 a
2296 2525 2313 2534 n

1250 2639 1276 2659 „
1301 2622 1527 2659 nasceretur,
1562 2618 1621 2652 sed
1646 2632 1689 2653 ex
1727 2624 1878 2664 gratuita
1906 2620 1975 2654 Dei
2010 2624 2204 2661 electione,
2241 2627 2281 2654 (θ’
2308 2634 2363 2654 (⁷0-

1248 2685 1275 2704 „
1300 2668 1461 2701 (παίοντες
1500 2664 1590 2698 unde
1628 2664 1759 2698 dicitur
1798 2666 1893 2698 isaia:
1922 2667 2014 2699 XLI.
2053 2667 2141 2711 Quit
2185 2670 2363 2701 suscitavit

1248 2732 1274 2750 ‚,
1301 2712 1340 2742 ab
1366 2710 1508 2743 Oriente
1537 2712 1692 2757 justum,
1731 2715 1862 2744 vocavit
1886 2724 1979 2752 eum,
2015 2721 2050 2745 ut
2077 2722 2270 2752 sequeretur
2297 2726 2333 2746 se
2350 2725 2361 2741 τ

1248 2778 1274 2799 ,‚
1301 2757 1356 2790 Sic
1380 2767 1463 2800 ergo
1487 2766 1605 2801 patet,
1631 2755 1722 2801 quod
1749 2771 1793 2790 ez
1823 2759 1894 2790 solu
1921 2762 2073 2802 gratuita
2098 2761 2269 2794 electione
2296 2760 2359 2793 Pa-

1249 2813 1370 2843 „tres
1411 2804 1674 2847 promIssionem
1714 2813 1921 2849 acceperunt
1961 2808 2024 2837 διο.
2051 2809 2076 2827 “
2103 2804 2204 2848 Quod
2243 2815 2360 2850 postea

1248 2849 1360 2883 fusius
1395 2850 1553 2893 exposuit
1579 2851 1763 2884 Bossuetus
1790 2851 1824 2883 in
1860 2862 1922 2883 suo
1958 2851 2087 2885 eximio
2116 2853 2277 2886 Sermone
2305 2851 2361 2887 De

1248 2895 1396 2930 historia
1432 2899 1615 2934 uniuersa,·
1653 2899 1684 2929 δε
1708 2908 1767 2929 nos
1803 2897 1908 2929 etiam
1946 2899 2298 2932 commemoravimus
2325 2899 2362 2933 in

1248 2942 1351 2976 'I'om-
1381 2945 1420 2977 II.
1449 2954 1482 2987 p.
1510 2943 1589 2976 316.
1616 2943 1700 2985 Haec
1725 2943 1874 2986 gratuita
1891 2943 1953 2975 Dei
1980 2944 2105 2977 eloctio
2129 2945 2281 2978 maxime
2301 2957 2363 2991 ap—

1247 2998 1347 3034 paret
1375 2990 1407 3023 in
1433 2989 1603 3033 peculiari
1631 2989 1690 3021 illa
1716 2987 1982 3030 benedictione,
2006 3001 2112 3035 quam
2137 2990 2244 3026 Jacob
2270 2990 2362 3024 divi-

1247 3047 1292 3069 no
1304 3037 1426 3081 utique
1453 3036 1646 3076 instinctu,
1674 3046 1739 3068 non
1758 3033 1882 3079 Joseph
1900 3057 1910 3075 ,
1937 3037 1996 3081 qui
2034 3037 2126 3071 inter
2149 3049 2269 3071 omnes
2289 3039 2362 3072 fra-

1246 3089 1316 3114 tres
1347 3082 1536 3126 plurimum
1563 3080 1779 3121 excellebat,
1806 3093 1868 3114 nec
1896 3082 2074 3116 Beniamin
2091 3104 2102 3124 ‚
2128 3096 2234 3127 quem
2259 3084 2361 3118 Patet·

1249 3139 1321 3173 prae
1349 3128 1482 3161 caeteris
1511 3125 1677 3170 diligebat
1693 3148 1703 3166 ,
1729 3126 1786 3161 sed
1810 3126 1907 3162 Judae
1927 3150 1937 3169 ‚
1961 3128 2061 3174 cujus
2086 3131 2184 3164 nulla
2208 3139 2282 3165 erat
2300 3141 2362 3176 pe-

1249 3174 1392 3206 culiaris
1425 3173 1654 3217 pra—rognum
1673 3195 1684 3213 ‚
1722 3173 1878 3208 tribuere
1914 3175 2022 3210 voluit
2040 3199 2049 3209 .
2093 3177 2149 3210 Sic
2176 3186 2293 3222 postea
2318 3189 2362 3211 ex

1251 3219 1344 3252 tribu
1371 3219 1460 3252 Juds
1487 3219 1597 3252 electa
1624 3220 1688 3252 fuit
1715 3220 1847 3254 familia
1875 3222 1970 3263 Isai3
1995 3225 2028 3256 ἀ
2051 3234 2093 3259 ex
2120 3223 2200 3256 filiis
2229 3224 2291 3257 isai
2317 3237 2354 3257 e-

1252 3264 1362 3298 lectus
1390 3262 1501 3298 David
1536 3265 1663 3299 ultimo
1700 3265 1774 3299 loco
1800 3276 1918 3301 natus:
1959 3278 2062 3314 atque
2099 3282 2140 3302 ex
2167 3270 2240 3315 ipsa
2267 3271 2358 3314 regia

1256 3311 1399 3344 Davidis
1426 3311 1540 3344 sobole
1565 3312 1726 3345 omnibus
1745 3314 1908 3357 praelatus
1927 3323 1979 3351 est
2004 3317 2196 3354 Salomon,
2222 3324 2257 3350 ut
2278 3326 2360 3349 sem-

1256 3365 1318 3404 per
1343 3359 1476 3392 eluceat
1503 3359 1654 3402 gratuita
1677 3359 1742 3393 Dei
1767 3360 1914 3396 electio.
