2583 3685
249 139 301 165 20
923 131 1323 179 DISSERTATIO
1355 139 1389 179 I.
1444 137 1573 180 CAP.
1606 139 1688 182 IX.

189 200 343 246 1112113,-
373 203 404 239 8(
436 204 561 243 Actor.
590 204 640 242 V.
671 204 708 243 5.
726 234 736 252 ,
780 206 848 245 ubi
877 219 998 249 noster
1029 212 1211 264 Vulgatus
1240 215 1294 252 le-

187 255 262 304 git:
295 257 457 294 Ananis
474 287 483 304 ,
513 271 581 294 cnr
599 262 762 296 tentarit
778 259 959 300 Satanas
980 277 1048 302 cor
1066 274 1177 304 tuum
1198 267 1292 316 &c.‚

189 307 350 346 Graecus
379 319 496 345 textus
525 308 660 346 habet:
712 311 789 349 Cur
817 315 985 366 implerit
1015 317 1197 357 Satanas
1226 334 1293 358 cor

187 368 296 397 titum
327 360 425 397 &c.?
471 361 525 398 Ita
554 363 667 400 etiam
697 362 798 403 hunc
828 375 969 407 textum
1007 369 1177 422 legerunt
1205 375 1290 425 qui-

183 412 271 449 dam
301 412 453 460 Latini,
483 421 522 450 ut
551 415 836 469 Hieronymus,
868 420 1116 473 Fulgentius,
1158 425 1192 461 81
1221 426 1291 463 Be-

182 463 228 522 da
251 476 258 499 :
307 474 478 515 poterunt
507 480 594 518 ergo
623 471 737 507 etiam
767 474 1007 523 cogitationes
1035 489 1257 528 cognoscere
1277 509 1289 527 ,

180 529 258 552 imo
289 517 321 552 ἃ
350 519 536 557 excitare.
594 520 731 575 Reipsa
761 525 947 565 Diabolus
976 529 1116 566 dicitur
1155 532 1288 569 mala-

179 581 269 605 rimz
298 574 581 621 cogitationum
610 578 825 622 incensor-5
872 578 905 614 &
934 595 955 618 a
984 581 1024 618 S.
1054 582 1114 619 JO.
1146 583 1287 622 Dama-

179 635 287 659 sceno
316 626 426 660 etiam
457 627 675 666 earumdem
707 632 977 681 cogitationum
1007 637 1232 674 immissor.

231 674 319 731 ‚¹47⁴
352 674 535 727 Hespond.
579 693 668 719 cum
709 682 844 721 Sancto
889 684 1038 724 Thonia
1068 688 1098 724 1.
1137 687 1176 725 P.
1219 703 1286 742 qu.

176 726 277 764 CM.
307 737 376 765 art.
400 741 435 789 ²!
465 730 512 768 ad
543 744 605 770 2.:
636 763 662 782 „
691 734 897 788 Daemones
916 751 988 775 non
1018 752 1122 791 posse
1144 742 1286 781 inunit-

177 808 202 826 „
232 788 307 817 tere
336 784 604 834 cogitationes,
650 788 809 827 interius
839 804 898 828 eas
927 794 1115 829 causando
1137 823 1147 840 ,
1196 807 1285 833 cum

176 860 204 880 „
233 846 320 893 usus
349 837 560 886 cogitativae
582 839 730 878 virtutis
759 841 953 893 subjaceat
974 844 1182 884 voluntati.
1213 846 1284 886 Di-

176 914 202 932 „
233 895 330 924 citur
374 896 498 927 tamen
526 890 715 933 Diabolus
758 895 932 934 incensor
979 899 1247 948 cogitationum
1269 930 1280 948 ,

172 967 198 985 „
229 939 456 992 inquantum
488 943 618 982 incitat
645 947 694 984 ad
730 948 1000 999 cogitandum,
1049 949 1109 987 vel
1140 952 1186 988 ad
1215 968 1282 1004 ap-

170 1019 195 1038 „
226 994 428 1043 petendum
458 997 617 1047 cogitata
646 1012 713 1051 per
734 1000 890 1038 modum
912 1003 1190 1053 persuadentis,
1221 1005 1281 1043 vel

169 1070 196 1090 „
225 1046 435 1094 passionem
465 1051 686 1088 concitantis
704 1077 714 1088 .
744 1052 792 1090 Et
822 1052 893 1091 hoc
923 1055 1049 1108 ipsum
1080 1057 1281 1097 incendere

166 1124 192 1144 „
221 1096 480 1139 Damascenus
511 1113 617 1141 vocat
647 1106 854 1144 immittere
875 1109 901 1128 ‘⁶
920 1134 930 1145 .

218 1150 312 1204 ι143.
342 1151 433 1204 obj.
465 1155 503 1193 5.
533 1154 684 1195 Secreta
727 1160 899 1198 cordium
943 1169 1154 1200 nostrorum
1196 1173 1279 1202 sunt

163 1200 354 1262 objectum
370 1210 692 1258 proportionatum
713 1214 920 1263 cognitioni
949 1214 1165 1265 Angelicae3
1196 1226 1279 1254 sunt

164 1268 265 1314 emm
294 1257 437 1297 ordinis
465 1263 676 1312 naturalis,
724 1263 758 1300 8(
788 1265 896 1303 nobis
925 1268 1040 1304 etiam
1071 1268 1278 1306 fatentibus

163 1306 370 1361 aliquando
411 1325 686 1366 cognoscuntur
726 1317 775 1355 ab
813 1318 994 1370 Angelis,
1041 1318 1076 1354 ἃ
1118 1320 1276 1371 quidem

161 1373 237 1399 non
267 1376 335 1414 per
376 1368 518 1416 species
547 1368 597 1406 ab
627 1371 717 1420 ipsis
744 1371 790 1406 de
833 1382 929 1409 novo
959 1373 1163 1420 excitatas,
1211 1374 1275 1412 sed

159 1427 229 1468 per
256 1417 397 1466 species
426 1420 625 1469 ingenitas:
656 1435 743 1472 ergo
772 1421 843 1459 &c.

222 1467 306 1517 ¹49·
342 1468 452 1521 Hesp.
483 1472 631 1522 primo:
661 1473 702 1511 Si
733 1473 816 1511 haec
847 1476 945 1513 ratio
973 1475 1141 1526 valeret,
1171 1478 1273 1516 vale-

161 1526 217 1576 ret
247 1522 360 1558 etiam
379 1551 390 1568 ,
421 1532 460 1559 ut
489 1525 734 1575 probaretur,
766 1527 894 1565 futura
925 1531 1208 1580 contingentia,
1239 1531 1273 1569 ἃ

160 1570 310 1620 libera,
358 1574 392 1610 St
421 1574 602 1616 distincte
643 1582 771 1617 onmia
812 1581 1011 1632 possibilia
1039 1583 1088 1620 ab
1117 1584 1275 1634 Angelis

157 1627 355 1675 cogbnosci3
386 1630 487 1682 quod
516 1645 630 1668 nemo
658 1635 814 1670 asserit.
844 1632 893 1669 Et
922 1633 990 1672 illa
1020 1637 1124 1673 enim
1155 1639 1274 1676 conti·

155 1687 294 1715 nentur
323 1680 421 1717 intra
449 1681 641 1732 sphaeram
671 1686 893 1735 cognitionis
924 1686 1145 1737 Angelicae.

214 1731 301 1768 150.
333 1731 445 1784 Resp.
473 1736 664 1775 secundo.
701 1737 752 1774 Ut
782 1737 932 1790 aliquid
961 1743 1085 1793 reipsa
1115 1741 1164 1780 ab
1194 1743 1271 1781 An-

156 1781 251 1831 gelis
279 1795 523 1834 cognoscatur
541 1817 551 1835 ,
581 1802 654 1827 non
674 1789 871 1839 sufficere,
901 1794 1001 1842 quod
1022 1793 1120 1832 illud
1150 1796 1194 1833 sit
1212 1808 1273 1834 or-

154 1835 253 1893 dinis
281 1837 485 1887 naturalis,
515 1850 627 1893 atque
649 1842 850 1894 Angelicae
880 1847 1082 1896 cognitioni
1115 1861 1273 1899 propor-

154 1895 364 1946 tiona1um3
393 1893 456 1929 sed
487 1897 632 1946 requiri
655 1895 838 1943 ulterius,
870 1906 909 1934 ut
939 1896 1037 1937 illud
1068 1900 1204 1938 habeat
1233 1916 1273 1938 a·

154 1938 303 1991 liquam
334 1947 600 1984 connexionem
631 1962 720 1986 curn
751 1949 831 2000 ipso
853 1949 1088 2001 Angelorum
1120 1952 1271 1991 intelle-

154 2001 215 2030 ctu
235 2024 244 2041 ,
275 2009 350 2048 qua
379 1996 445 2034 fiat
475 2000 598 2037 eidem
630 2000 841 2040 intellectui
873 2017 1061 2054 praesens.
1104 2006 1157 2044 Ut
1187 2021 1276 2046 vero

154 2059 269 2105 supra
312 2061 422 2087 num.
449 2051 536 2090 155.
567 2067 657 2092 011111
695 2055 736 2092 S.
769 2054 918 2095 Thoma
959 2067 1145 2097 ostensum
1189 2070 1273 2110 est,

153 2108 314 2159 anternae
348 2100 549 2142 hominum
579 2108 819 2158 cogitationes
848 2109 917 2147 soli
946 2110 1055 2160 Deo,
1086 2112 1120 2149 8t
1149 2112 1272 2153 homi-

158 2152 271 2212 nibus
319 2157 566 2205 cogitantibus
612 2171 815 2211 praesentes
858 2172 970 2202 sunt.
1018 2166 1059 2202 ld
1108 2165 1272 2218 explicat

158 2211 314 2242 noerius
330 2206 370 2243 S.
391 2208 529 2247 Docior
558 2226 596 2263 q.
618 2212 727 2252 XVI.
757 2214 805 2252 de
826 2216 934 2254 maio
953 2226 1021 2255 art.
1045 2217 1082 2256 8.
1113 2219 1269 2258 dicens:

166 2286 191 2304 „
223 2258 264 2294 id
293 2260 391 2310 quod
408 2263 507 2300 cadit
535 2265 605 2302 sub
634 2267 763 2305 ordine
786 2271 993 2319 superioris
1013 2285 1163 2320 causae,
1194 2287 1270 2312 non

161 2338 186 2358 „
216 2320 333 2371 potest
363 2327 583 2364 cognoscere
613 2317 769 2356 inferior
797 2335 909 2359 causa
927 2352 937 2370 ,
966 2324 1029 2361 sed
1057 2324 1180 2362 solum
1210 2340 1271 2364 su-

163 2391 189 2410 „
219 2377 345 2424 perior
370 2380 487 2424 *causa
516 2382 697 2419 movens,
746 2373 780 2408 ἃ
811 2374 903 2422 illa,
947 2389 1035 2426 quae
1065 2386 1237 2416 movetur
1259 2407 1269 2418 .

156 2443 183 2462 9,
212 2418 320 2453 bicut
348 2431 377 2454 31
396 2419 534 2472 aliquis
555 2424 648 2460 civis
670 2434 720 2461 est
751 2426 819 2463 sub
836 2426 1061 2478 Praeposito,
1091 2439 1270 2482 tanquam

153 2496 182 2515 υ
207 2467 278 2505 sub
309 2471 488 2510 interiore
516 2489 628 2512 causa
645 2506 655 2524 ,
686 2476 719 2512 δε
749 2479 818 2515 snb
842 2481 966 2531 Rege,
997 2480 1177 2534 tanquam
1199 2485 1268 2522 sub

153 2548 181 2568 „
208 2534 388 2582 suprema
405 2555 415 2572 ,
445 2540 519 2565 non
550 2532 686 2579 poterit
709 2530 936 2583 Praepositus
951 2547 1174 2586 cognoscere
1193 2539 1267 2575 cir-

152 2601 179 2620 „
209 2587 433 2639 can-civem,
464 2581 494 2617 si
526 2583 619 2631 quid
652 2585 869 2623 immediate
901 2585 978 2624 Rex
1007 2590 1110 2626 circa
1139 2592 1264 2641 ipsum

147 2653 178 2672 7,
208 2631 463 2685 ordinaverim
491 2634 555 2669 sed
586 2633 657 2671 hoc
687 2637 776 2673 sciet
805 2638 927 2675 solnm
951 2639 1051 2688 Rex,
1082 2642 1116 2678 ἃ
1148 2645 1264 2691 civis,

153 2705 179 2725 „
208 2692 274 2728 qui
305 2692 475 2720 movetur
503 2687 713 2725 secundum
756 2691 927 2728 ordinem
958 2691 1096 2744 Regis.
1152 2695 1264 2733 Unde

154 2758 180 2777 ,‚
209 2743 296 2768 cum
327 2735 498 2775 voluntas
526 2738 684 2778 interius
714 2754 790 2780 11011
821 2745 931 2793 possit
960 2746 1009 2782 ab
1038 2747 1141 2794 alio,
1187 2750 1264 2787 nisi

152 2810 182 2829 „
209 2797 230 2819 a
260 2782 340 2820 Deo
369 2792 540 2838 moveri,
576 2793 688 2844 cujus
708 2796 833 2833 ordini
863 2797 1085 2836 immediate
1113 2799 1264 2848 subest,

155 2863 182 2883 ,‚
210 2845 333 2897 mot-us
351 2839 586 2898 ‘vol-uniatis,
616 2847 649 2882 ἃ
681 2862 747 2898 per
775 2861 1008 2900 consequens
1036 2850 1263 2890 voluntariae

154 2915 181 2935 ,‚
210 2899 467 2949 cogitationis,
498 2907 568 2932 non
598 2909 711 2948 potest
741 2903 940 2952 cognosci,
970 2916 1093 2956 neque
1122 2919 1144 2941 a
1170 2905 1265 2943 Dae-

153 2968 179 2987 „
209 2943 406 2990 monibus,
443 2958 563 2996 neque
592 2963 613 2984 a
642 2966 885 3006 quocumque
913 2955 1015 3004 alio,
1053 2958 1123 2995 nisi
1153 2958 1203 2996 ab
1231 2960 1264 2997 i·-

154 3020 182 3041 „
213 3008 278 3043 pso
306 2995 412 3043 Deo,
443 2997 478 3033 St
505 2999 554 3036 ab
583 3000 735 3042 homine
755 3007 930 3056 volente,
960 3008 993 3045 &
1014 3012 1197 3062 cogitante
1213 3014 1263 3050 “-

215 3048 301 3085 151.
332 3049 472 3089 Dices.
515 3051 641 3090 Multa
670 3056 745 3094 alia
775 3070 884 3109 sunt,
914 3075 1002 3113 quae
1031 3063 1080 3100 ab
1110 3063 1269 3115 Angelis

154 3111 228 3136 non
257 3101 495 3153 dependent,
525 3119 592 3144 uec
613 3121 700 3148 cum
731 3111 777 3146 iis
797 3125 1090 3164 connectuntur,
1120 3126 1160 3154 ut
1180 3131 1262 3156 cor-

155 3164 250 3203 pora
279 3154 445 3198 ecclesiia
463 3186 473 3204 ,
502 3160 640 3196 animae
662 3171 798 3199 nosti-ae
829 3165 921 3215 δια,
950 3183 1038 3221 quae
1068 3171 1262 3212 tamenab

155 3204 312 3257 Angelis
339 3221 647 3259 cognoscitiitur2.
668 3227 756 3265 ergo
784 3215 854 3254 &c-

216 3260 303 3298 152.
334 3260 444 3313 Resp.
462 3292 472 3310 ,
503 3262 586 3302 liaec
609 3268 792 3316 pertinere
820 3270 876 3311 ad
889 3270 1113 3324 physicam,
1142 3276 1175 3314 ἃ
1196 3291 1269 3315 na-

156 3311 320 3357 turalem
349 3315 484 3358 mundi
526 3319 818 3374 perfectionem5
869 3327 1107 3378 cogitationes
1135 3339 1262 3372 autem

1359 217 1405 253 ad
1433 217 1603 254 ordinem
1634 216 1840 264 moralem,
1883 217 1917 254 81:
1945 216 2140 266 liberum;
2177 220 2275 259 unde
2304 232 2378 258 non
2407 233 2462 259 se-

1359 270 1514 322 quitur,
1543 270 1573 307 si
1591 268 1745 319 Angelis
1774 271 1897 321 prima
1925 279 2012 309 nota
2039 281 2144 320 sunt,
2173 275 2286 311 etiam
2316 273 2391 311 alia
2410 276 2467 313 in-

1360 331 1576 369 notescere,
1605 335 1693 373 quae
1725 321 1826 359 Deus
1856 323 1975 361 voluit
2002 324 2075 362 sibi
2105 326 2420 365 unireservare.

1418 376 1504 413 155.
1535 375 1648 413 Dices
1676 373 1828 416 adhuc.
1859 376 1932 427 Ipsi
1963 377 2075 415 etiarn
2093 376 2206 416 liberi
2228 379 2463 427 intellectus,

1358 442 1402 466 ac
1431 427 1631 466 voluntatis
1661 436 1767 465 actus
1807 427 1853 464 ad
1885 429 2050 466 universi
2080 431 2348 480 perfectionem
2380 445 2466 483 pet-

1356 482 1495 521 tinent:
1543 493 1630 532 ergo
1671 479 1854 532 angelicae
1897 482 2163 532 cognitioni&
2204 485 2277 535 ipsi
2314 484 2465 523 subesse

1356 534 1492 572 debent
1508 561 1519 572 .

1417 587 1503 632 154.
1535 586 1646 638 Hesp.
1663 616 1673 634 ,
1704 595 1807 624 actus
1835 585 1977 623 liberos
1997 587 2279 626 indeterminate
2300 589 2464 638 pertine-

1356 652 1396 676 re
1425 641 1470 677 ad
1502 642 1666 677 universi
1690 640 1957 692 perfectionem
1976 668 1986 686 ,
2016 652 2103 690 quae
2125 650 2224 678 certe
2253 642 2392 691 exigit,
2424 650 2463 680 ut

1356 693 1678 744 quemadmodum
1711 695 1749 731 111
1778 705 1821 730 eo
1850 700 1932 729 sunt
1961 690 2116 729 effectus
2145 692 2267 745 aliqui
2298 707 2467 732 necessa·

1356 747 1431 793 rii,
1463 747 1513 783 ita
1541 747 1612 784 sint
1640 747 1753 783 etiam
1783 745 1850 782 alii
1881 746 2156 795 contingentes,
2187 744 2219 780 8<
2241 745 2377 791 liberi3
2406 747 2464 785 ni-

1354 796 1410 835 hil
1441 807 1567 836 tamen
1595 798 1642 836 ad
1673 799 1837 836 universi
1868 798 2137 850 perfectionem
2178 798 2379 846 conferre,
2423 808 2462 838 ut

1352 851 1415 888 isti
1445 852 1567 902 potius
1596 851 1839 889 determinate
1868 859 1973 888 actus
2003 850 2113 887 liberi
2142 852 2239 898 sint,
2276 865 2394 903 quam
2423 866 2464 889 a-

1351 901 1424 948 lii3
1455 902 1614 955 Angelos
1644 905 1802 958 proinde
1831 904 2001 955 primum
2018 916 2268 956 cognoscere,
2297 917 2373 942 non
2403 904 2460 942 al-

1352 964 1473 993 terurn
1493 983 1503 994 .

1410 1010 1496 1047 155.
1527 1007 1620 1060 Obj.
1662 1010 1732 1047 ult.
1770 1008 1906 1060 Angeli
1949 1008 2273 1061 comprehendunt
2314 1010 2464 1048 animos

1349 1070 1520 1107 nostros;
1552 1061 1584 1096 8<
1606 1062 1741 1113 Angeli
1770 1064 1981 1114 superiores
2009 1061 2333 1114 comprehendunt
2362 1063 2461 1100 infe-

1348 1114 1490 1150 riores:
1522 1129 1609 1166 ergo
1639 1115 1710 1152 Sic.
2409 1152 2411 1154 .

1407 1164 1494 1203 156.
1527 1167 1639 1218 Hesp.
1670 1182 1753 1219 neg.
1783 1180 1884 1205 cons.
1915 1167 2010 1204 Haec
2039 1168 2145 1205 enim
2173 1167 2460 1219 comprehensio

1346 1232 1420 1257 non
1449 1219 1591 1270 exigit,
1623 1228 1662 1256 ut
1691 1234 1734 1257 ea
1762 1221 1877 1257 etiam
1905 1229 2204 1270 cognoscantur,
2241 1235 2329 1272 qnae
2359 1236 2382 1258 a
2410 1220 2460 1259 li-

1344 1271 1437 1309 bera
1478 1270 1708 1319 hominum,
1755 1271 1788 1306 &
1819 1271 2050 1320 Angelorum
2093 1273 2286 1311 voluntate
2328 1287 2461 1326 proce-

1344 1324 1465 1372 dunt,
1495 1323 1529 1360 81
1559 1325 1725 1377 quodam
1747 1323 1856 1376 quasi
1886 1321 2076 1360 velamine
2094 1325 2355 1365 occultantur.
2384 1327 2462 1364 Ne-

1344 1389 1418 1428 que
1448 1378 1518 1415 ista
1546 1377 1778 1428 Angelorum
1821 1374 2108 1426 comprehensio
2142 1376 2303 1414 infinitae
2341 1381 2460 1416 virtu-

1343 1430 1391 1467 tis
1421 1439 1499 1477 est,
1529 1444 1572 1470 ac
1593 1430 1750 1468 Divinae
1773 1428 2098 1480 comprehensioni
2128 1428 2290 1480 aequalis
2307 1456 2318 1468 .
2348 1430 2396 1469 Et
2411 1431 2460 1469 de

1343 1480 1414 1519 liac
1445 1482 1727 1534 TheolQorum
1756 1483 1938 1532 opinione
1966 1482 2082 1519 satis.

1396 1534 1557 1580 Qnaeres
1567 1564 1578 1583 ,
1595 1548 1649 1573 <ziz
1662 1535 1804 1587 Angeli'
1819 1542 2063 1585 cognoscant
2072 1538 2271 1586 mysteria
2280 1538 2426 1587 gratiae
2436 1534 2466 1572 ‚²

1401 1588 1489 1638 157.
1520 1587 1728 1640 Respondet
1759 1587 1799 1625 S.
1832 1586 2002 1624 Thomas
2042 1601 2082 1639 q.
2105 1589 2168 1639 57.
2206 1597 2278 1626 art.
2301 1590 2338 1626 5.
2368 1602 2460 1627 011111

1343 1641 1385 1683 in
1415 1640 1568 1692 Angelis
1611 1640 1754 1694 duplex
1783 1642 1830 1677 sit
1860 1641 2053 1691 cognitio,
2102 1649 2145 1677 ut
2184 1654 2299 1693 snpra
2328 1655 2368 1679 n.
2389 1654 2460 1693 99·

1343 1694 1489 1732 dictum
1519 1703 1597 1743 est,
1626 1694 1770 1732 scilicet
1799 1706 1874 1729 una
1892 1690 2102 1741 naturalis,
2132 1706 2209 1745 qua
2228 1702 2461 1745 cognoscunt

1345 1760 1405 1785 res
1434 1760 1501 1798 per
1530 1761 1663 1785 earum
1692 1747 1835 1798 species
1865 1745 1940 1783 sibi
1970 1745 2131 1791 inditam
2171 1746 2250 1784 alia
2278 1761 2462 1799 superna-

1342 1799 1504 1848 turalis,
1531 1800 1676 1838 scilicet
1704 1801 1743 1837 in
1762 1797 1918 1846 VerbO,
1946 1798 2192 1836 manifestum
2223 1808 2301 1848 est,
2332 1802 2458 1851 prima.

1341 1851 1556 1904 cognitione
1586 1851 1749 1904 Angelos
1778 1852 1959 1904 mysteria
1978 1853 2109 1903 gratiae
2131 1865 2353 1903 cognoscere
2381 1866 2459 1895 nou

1341 1919 1476 1958 posse.
1507 1935 1534 1954 ‚,
1564 1906 1629 1945 Est
1658 1914 1782 1943 autem
1800 1935 1811 1952 ,
1841 1903 1966 1941 subdit
1996 1904 2037 1941 S.
2067 1903 2243 1952 Doctor,
2273 1905 2350 1942 alia
2378 1906 2472 1943 Anae

1343 1988 1370 2008 „
1399 1957 1570 2009 gelorum
1599 1960 1764 2010 cognitio
1793 1970 1882 2011 quae
1900 1971 1960 1994 eos
1989 1957 2117 1994 beatos
2146 1958 2264 2005 facit,
2293 1971 2370 2010 qua
2399 1960 2456 1996 vi-

1399 2013 1487 2050 dent
1507 2011 1704 2059 Verbum,
1734 2011 1768 2047 8<
1797 2025 1855 2049 res
1885 2012 1923 2048 in
1944 2009 2100 2054 Verbo;
2129 2009 2162 2045 81
2194 2009 2266 2047 hac
2294 2011 2455 2063 quidem

1398 2065 1544 2103 visione
1573 2072 1801 2117 cognoscunt
1841 2065 2022 2116 mysteria
2050 2063 2184 2113 gratiae
2205 2092 2216 2111 ,
2263 2076 2339 2101 11011
2369 2066 2458 2115 qui-

1398 2118 1486 2156 dem
1514 2120 1672 2165 omnia,
1701 2130 1772 2155 nec
1802 2115 2002 2168 aequaliter
2029 2128 2184 2164 omnes,
2231 2117 2294 2154 sed
2323 2129 2456 2156 secuu-

1396 2172 1488 2209 dum
1518 2173 1618 2223 quod
1649 2172 1751 2209 Deus
1780 2170 1943 2208 voluerit
1985 2170 2038 2206 eis
2063 2168 2237 2207 ‘revelare
2256 2199 2265 2214 ,
2321 2180 2464 2208 secun—⁴

1394 2225 1489 2262 dum
1518 2224 1615 2262 illud
1644 2223 1817 2276 Apostoli
1852 2236 1885 2261 1.
1913 2223 1999 2260 Cor.
2021 2221 2091 2259 XI.
2127 2234 2211 2260 io.:
2240 2222 2359 2260 Nobis
2386 2237 2455 2261 au-

1396 2285 1472 2315 tem
1502 2277 1688 2316 revelavit
1716 2277 1821 2314 Deus
1849 2289 1915 2328 per
1935 2275 2123 2327 Spiritum
2153 2289 2292 2320 suuin;
2322 2279 2375 2313 ita
2395 2285 2451 2315 ta·-

1399 2345 1486 2368 men
1516 2331 1617 2382 qnod
1646 2330 1858 2382 superiores
1888 2327 2020 2379 Angeli
2053 2329 2308 2380 perspicacius
2338 2329 2452 2367 Divi-

1341 2414 1367 2434 „
1396 2383 1487 2421 nain
1529 2384 1755 2434 sapientiam
1798 2381 2119 2433 contemplantes,
2167 2380 2280 2433 plura
2309 2391 2451 2434 myste-

1340 2467 1366 2485 „
1396 2438 1480 2484 ria,
1511 2435 1543 2472 8(
1573 2435 1709 2473 altiora
1737 2436 1775 2473 in
1806 2436 1887 2486 ipsa
1915 2434 1990 2472 Dei
2020 2435 2161 2472 visione
2190 2445 2452 2485 cognoscunt,

1340 2480 1365 2539 „
1394 2503 1482 2540 quae
1514 2489 1756 2528 inferioribus
1784 2487 2051 2534 manifestant,
2081 2500 2143 2525 eos
2172 2485 2451 2527 illuminando.

1336 2572 1363 2592 „
1393 2542 1441 2580 Et
1473 2541 1609 2580 horum
1639 2535 1752 2578 etiam
1781 2541 2052 2592 mysteriorum
2087 2539 2266 2592 quasdam
2296 2555 2322 2577 a.
2346 2542 2453 2592 prin-

1392 2596 1494 2646 cipio
1523 2608 1602 2632 suae
1632 2593 1833 2632 creationis
1862 2600 2141 2643 cognoverunt,
2170 2592 2351 2641 quaedam
2380 2606 2446 2629 ve-

1334 2677 1359 2696 „
1390 2660 1431 2684 ro
1458 2646 1727 2700 postmodum,
1774 2645 1983 2682 secundum
2010 2643 2112 2696 quod
2154 2655 2284 2682 eorum
2313 2642 2452 2684 officiis

1334 2697 1359 2748 „
1390 2701 1593 2746 convenit,
1623 2698 1825 2734 edocentur
1841 2699 1897 2733 “.

1391 2750 1478 2789 158.
1508 2752 1549 2788 In
1580 2763 1677 2801 resp.
1707 2757 1834 2786 autem
1882 2747 1929 2785 ad
1959 2749 2130 2799 primum
2173 2759 2446 2801 argumentum

1332 2804 1464 2849 docet,
1511 2803 1736 2855 mysterium
1765 2801 2044 2839 Iiicarnatiouis
2084 2802 2225 2841 divinae
2255 2807 2296 2841 in
2323 2817 2447 2856 gene·

1332 2856 1410 2894 ruli
1438 2856 1554 2893 fuisse
1582 2855 1632 2893 ab
1660 2856 1771 2892 initio
1795 2854 1974 2892 omnibus
2005 2854 2160 2905 Angelis
2197 2856 2408 2895 revelatum
2430 2888 2442 2906 ,

1332 2910 1424 2959 quia
1451 2909 1498 2946 ad
1528 2910 1653 2960 ipsum
1682 2916 1766 2946 sunt
1792 2909 1923 2945 omnia
1951 2906 2183 2958 Angelorum
2225 2909 2353 2948 officia
2381 2925 2443 2948 or·-

1332 2962 1458 2999 dinata
1475 2991 1486 3009 ,
1514 2961 1588 2999 Sed
1616 2962 1661 2998 de
1690 2960 1919 3012 specialibus
1937 2959 2118 3011 ‘ejusdem
2139 2962 2444 3012 conditionibus,

1332 3013 1366 3050 ἃ
1395 3015 1687 3053 circumstantiis
1724 3026 1795 3051 non
1825 3014 1941 3051 fuisse
1968 3026 2100 3052 omnes
2129 3014 2292 3066 Angelos
2333 3015 2383 3053 ab
2411 3017 2445 3054 i-

1331 3068 1424 3106 nitio
1439 3068 1606 3115 edoctos,
1625 3067 1687 3104 sed
1702 3065 1880 3119 quaedam
1897 3075 2022 3118 postea
2036 3069 2274 3117 cognovisse.
2296 3068 2444 3115 Quem-

1331 3121 1535 3159 admodum
1577 3121 1690 3158 etiam
1720 3118 1918 3174 Prophetas
1953 3121 2175 3171 posteriores
2219 3124 2234 3172 (
2266 3131 2305 3159 ut
2335 3123 2439 3159 idem

1329 3173 1371 3211 S.
1401 3173 1569 3212 Thomas
1595 3173 1768 3213 observat
1795 3174 1842 3212 ad
1873 3173 1911 3212 3.
1940 3172 1956 3221 )
1987 3173 2099 3224 plura
2127 3173 2172 3210 de
2201 3173 2271 3211 1100
2302 3185 2440 3227 myste-

1329 3228 1386 3264 rio
1413 3235 1668 3278 cognoverunt
1685 3255 1702 3273 ‚b
1726 3239 1843 3278 quain
1873 3226 2014 3278 priores
2031 3252 2041 3263 .
2085 3225 2197 3263 Unde
2225 3227 2264 3265 S.
2296 3229 2438 3277 Grego-

1328 3280 1408 3317 rius
1437 3278 1579 3317 Homit.
1601 3278 1709 3316 XVI.
1738 3280 1777 3316 in
1806 3277 2000 3317 Ezechiel.
2031 3280 2150 3318 dicit:
2206 3279 2281 3317 Per
2309 3283 2438 3316 incre-

1329 3341 1470 3373 menta.
1497 3341 1718 3384 temporum
1745 3336 1862 3373 crevit
1890 3335 2058 3375 scientia.
2077 3333 2338 3385 spiritualium
2356 3331 2438 3370 Pii«

2245 3394 2350 3425 trum
2368 3415 2379 3435 ,

1343 2042 1369 2061 29

1343 2096 1369 2115 θ’

1343 2149 1369 2168 2>

1341 2202 1367 2221 ³>

1340 2256 1366 2274 >³

1340 2308 1366 2328 >2

1342 2361 1368 2380 7)

1337 2625 1364 2643 >J
