2583 3685
855 170 936 217 DE
969 168 1168 215 OPERE
1199 161 1521 211 SECUNDAE
1550 162 1700 208 DIEI.

125 266 191 298 mo
214 250 387 295 CXLVI.
416 248 456 293 8.
507 250 584 304 Qui
612 251 737 304 operit
776 251 918 290 coelum
956 249 1142 297 nubibus,
1183 249 1235 291 ὠν

150 316 241 349 arat
268 317 390 346 terrae
415 307 588 357 pluviam
606 333 616 344 .
645 305 823 344 Jeremiae
856 308 999 359 pariter
1018 303 1070 343 X.
1094 304 1156 342 23.
1186 305 1233 342 de

120 323 205 403 Boo
232 374 321 400 vero
349 361 506 400 dicitur:
529 391 554 409 „
580 360 636 398 Ad
666 374 798 400 vocem
830 374 939 398 suam
969 359 1031 398 dat
1060 356 1232 394 multitu·

119 444 147 468 „
175 415 305 454 dinem
334 428 523 469 aquarum
554 415 591 452 in
621 413 721 452 coelo
742 444 754 463 ,
783 414 817 452 &
846 414 967 452 elevat
995 408 1152 450 nebulas
1181 410 1231 448 ab

117 497 146 526 „
174 468 478 508 extremitatibus
507 477 641 506 terrae:
683 467 835 519 fulgura
863 468 902 505 in
932 464 1106 518 pluviam
1137 462 1228 502 facit

117 550 146 572 „
173 520 245 561 &m
279 521 380 574 Quoe
407 530 636 574 repetuntur
655 533 746 572 cap.
767 519 837 559 LI.
859 519 918 558 16.
949 517 1070 556 Dante
1099 529 1143 554 eo
1162 529 1228 554 vo·

116 605 144 626 „
172 589 257 614 cem
279 606 291 625 ‚
321 575 626 629 multiplicantur
654 586 766 627 aquas
796 576 843 612 in.
865 571 986 616 ccelo;
1028 571 1096 623 qui
1127 569 1227 608 levat

116 657 145 680 ,‚
173 628 294 668 nubes
323 628 372 669 ab
401 639 569 669 extremo
610 638 748 676 terrae,
790 625 943 676 fulgura
973 625 1011 662 in
1051 623 1228 675 pluviam

116 711 145 732 „
177 683 265 722 fecit
294 682 365 722 &c.
384 686 410 706 ‘⁶
428 710 439 721 .
468 682 622 731 Quibus
641 680 862 719 testimoniis
890 678 1088 716 manifeste
1107 687 1227 715 ozten-

116 734 247 785 ditur,
277 737 565 775 firmamentum
594 733 713 782 coeli,
755 745 832 785 quo
861 744 981 784 aqna:⁴
1003 731 1228 769 dividuntur

116 788 166 827 ab
195 791 331 843 aquis,
372 803 446 829 non
474 803 578 838 esse,
619 788 699 826 nisi.
721 787 819 824 aeris
847 785 964 823 nostri
1006 798 1236 837 supremam

115 844 388 895 superficiem,
431 844 479 883 ad
505 855 622 896 quam
650 852 817 893 vapores-
836 839 949 891 aquei
993 838 1226 888 ascendunt,

116 893 151 933 ἃ
181 897 220 935 iu
249 910 326 950 qua
355 909 510 935 rursum
535 899 576 934 in
602 907 720 948 aquas
748 900 1029 941 concrescunt,
1058 900 1173 946 atque
1188 895 1227 932 in

114 946 292 1004 pluviam
320 949 527 988 decidunt.

173 1003 238 1056 57.
266 1002 400 1056 Neque
429 1015 518 1041 vero
546 1001 637 1041 huic
679 999 977 1054 interpretationi
1005 998 1125 1038 obstat
1155 1012 1228 1038 vox

105 1054 394 1110 firmamenti,
425 1070 514 1110 quae
543 1055 692 1109 aliquid
722 1054 887 1094 solidum
906 1085 916 1103 ,
946 1052 980 1090 8(
1009 1054 1148 1091 durum
1179 1055 1228 1093 si·

113 1110 300 1162 gnificare
328 1111 502 1160 videtur,
538 1109 755 1162 cujusmodi
787 1119 888 1147 certe
917 1122 992 1145 non
1022 1116 1074 1145 est
1104 1121 1168 1145 aer
1197 1109 1232 1146 i-

113 1171 168 1202 ste
196 1164 318 1203 Lunae
347 1163 567 1216 subjectns,
610 1177 726 1216 quem
757 1176 822 1200 nos
851 1174 920 1214 pro
963 1160 1241 1210 firmamento„

115 1215 177 1255 vel
207 1217 341 1256 saltem
402 1231 441 1255 ro
471 1226 577 1267 parte
607 1216 839 1254 firmamenti
861 1216 1097 1266 accipimus.
1128 1215 1228 1254 Hine

112 1259 206 1311 Elin
236 1271 338 1322 apud
391 1271 440 1308 ob
461 1268 670 1308 XXXVII.
706 1268 766 1307 18.
797 1267 1020 1320 inquiebat:
1062 1264 1117 1304 Τιι
1144 1267 1228 1318 for-

113 1326 222 1374 sitan
264 1335 356 1362 cum
385 1336 433 1360 eo
449 1320 684 1374 jabricutus
712 1335 754 1359 er
783 1321 901 1359 coelos
918 1351 929 1369 ‚
959 1325 1022 1367 qui
1042 1315 1239 1361 solislissi«

115 1380 174 1415 mi
201 1379 317 1428 quasi
344 1387 428 1414 oere
442 1374 534 1426 fusi
563 1384 651 1413 sunt
672 1373 698 1411 ?
734 1374 861 1413 Etiam
886 1372 1009 1413 LXX.
1039 1375 1229 1428 Interpre-

116 1437 172 1468 tes
215 1442 344 1468 vocem
389 1428 610 1466 hebraicam
649 1423 773 1478 ¹525?
805 1426 989 1478 Racliyali
1033 1437 1230 1468 verterunt

111 1479 338 1531 walum«,
367 1480 468 1532 quod
497 1479 690 1532 significat·
713 1491 851 1529 corpus
879 1478 1047 1517 solidum
1064 1506 1076 1518 .

169 1531 235 1571 58.
266 1531 353 1570 Non
384 1533 541 1585 inquam
573 1533 611 1570 id
653 1531 784 1577 obest;
827 1544 902 1569 non
934 1533 1036 1569 enim
1079 1546 1230 1584 semper

113 1585 189 1625 v'ox
215 1582 402 1639 firtmzre
432 1587 471 1623 in
501 1586 618 1624 sacris
647 1585 793 1636 paginis
832 1584 1022 1636 significat
1052 1585 1194 1623 durum
1219 1616 1229 1635 ‚

113 1652 160 1678 ae
187 1639 358 1678 solidum.
381 1637 559 1686 efficere3
608 1646 646 1676 ut
676 1651 766 1676 cum
809 1639 911 1689 apud
943 1638 1089 1676 Lucam
1119 1638 1231 1678 XVI.

117 1691 190 1734 26-
213 1693 362 1732 dicebat
392 1691 556 1732 Lazarus
584 1691 778 1744 Epuloui:
816 1690 926 1730 Inter
954 1705 1058 1740 nos,
1087 1692 1139 1733 (9-
1168 1706 1233 1732 ros

115 1744 238 1785 chaos
276 1759 474 1800 magnum
502 1746 727 1800 firmatum
757 1753 843 1795 est,
885 1744 985 1784 nihil
1033 1745 1139 1784 aliud
1182 1748 1232 1784 si-

108 1794 306 1852 guificare>
338 1800 497 1850 volens,
540 1814 657 1854 quam
703 1800 801 1837 inter
837 1800 1061 1849 infernum,
1109 1799 1144 1836 &
1183 1801 1243 1839 si·

113 1867 211 1892 num
253 1852 428 1892 Abrahae·
463 1856 629 1908 spatium
674 1854 914 1891 immensum.
946 1857 1232 1903 constitutum,

115 1905 179 1945 vel
223 1916 435 1950 extensum
477 1921 591 1946 essen.
625 1907 727 1946 Hinc
770 1906 810 1945 S.
840 1907 901 1945 J0.
939 1907 1233 1960 Clirysostomus

115 1957 308 1999 Hom.11'..
333 1959 381 1998 de
395 1959 780 2011 incomprehmisibilz'
809 1961 966 2009 asserit,
995 1961 1158 1999 dubium
1177 1975 1232 2000 es-

116 2025 184 2062 se,
213 2011 247 2050 ἃ
277 2014 492 2062 incertum,
532 2029 580 2052 au
610 2014 754 2052 caelum
784 2017 833 2050 sit
862 2015 1080 2066 crystallus
1111 2014 1232 2053 (lura-

113 2073 186 2114 ιιι,
223 2079 280 2104 an
309 2065 437 2106 densa
466 2066 614 2117 nubes,
644 2080 702 2106 an
731 2080 806 2119 aei·
834 2069 1112 2120 corpulentus.
1156 2068 1230 2107 V-el

113 2117 269 2158 fortasse
312 2120 395 2161 haec
423 2120 586 2161 firmitas
614 2134 689 2160 non
717 2122 762 2159 ad
794 2122 886 2160 coeli
930 2124 1199 2174 expansionem
1217 2153 1230 2172 ,

111 2174 175 2212 sed
204 2174 251 2212 ad
279 2173 426 2214 div-inae
462 2177 695 2227 operationis
742 2175 985 2214 stabilitatem
1031 2177 1231 2216 reserenda

112 2235 192 2274 est,
234 2236 391 2282 propter
421 2228 828 2282 intransgressibilem
864 2234 1084 2268 terminum
1114 2244 1228 2282 supe·

110 2282 260 2319 riorum
280 2311 293 2331 ,
336 2282 387 2324 (9·
415 2281 649 2335 inferiorum
679 2296 879 2334 aquarum
902 2314 912 2331 ,
957 2294 996 2321 ut
1025 2284 1066 2322 S.
1099 2285 1229 2336 Augu-

110 2334 234 2373 stinus
262 2334 433 2389 loquitur
453 2337 544 2376 Lib.
566 2337 614 2375 ll.
645 2335 693 2374 tle
725 2335 828 2374 Gen.
859 2337 914 2374 αλ
943 2338 1014 2375 litt.
1045 2352 1131 2391 cap.
1169 2352 1228 2377 ιο.

110 2386 303 2435 Quamvis
328 2391 438 2428 enim
463 2404 575 2443 aquae
606 2390 784 2428 continuo
813 2391 858 2428 de
888 2391 988 2429 coelo
1011 2393 1047 2428 iu
1077 2392 1229 2444 pluvias

108 2440 289 2478 resolutae
317 2442 543 2489 decidant,-
569 2456 706 2493 magna
748 2453 874 2480 tamen
922 2443 1078 2482 illarum
1115 2448 1227 2497 copia

110 2505 225 2541 siipra
254 2491 544 2531 firmamentum
575 2504 812 2531 reservatur.
845 2495 917 2531 Vel
948 2496 1107 2534 deinum
1135 2511 1226 2535 cum

111 2543 153 2584 S.
171 2543 323 2583 Thoma
351 2559 441 2584 mox
468 2544 572 2584 land.
588 2576 599 2594 ,
630 2544 698 2583 illa
727 2559 815 2597 pars
834 2547 924 2583 coeli
944 2576 954 2592 ,
985 2549 1023 2584 in
1043 2561 1121 2599 qua
1139 2562 1227 2586 cou-

111 2597 319 2636 densantur
348 2599 496 2646 nubes,
537 2600 615 2637 dici
647 2609 765 2651 potest
790 2597 1111 2651 firmamentum
1139 2613 1228 2650 pro-

108 2660 198 2704 pter
216 2651 510 2701 spissitudinem
530 2655 638 2690 aeris
669 2655 710 2688 in
730 2663 846 2702 parte
866 2654 934 2690 ella
953 2679 963 2690 .
994 2652 1107 2690 Num
1129 2653 1230 2703 quod

101 2713 171 2751 ,est
191 2708 360 2754 spissum
376 2736 386 2748 ,
416 2706 466 2746 (9⁶
486 2704 655 2743 solillum
672 2734 684 2753 ‚
714 2704 857 2742 <licitur
873 2719 961 2744 esse
991 2719 1130 2756 corpus
1157 2707 1227 2756 fir-

110 2771 222 2797 mum
244 2788 257 2807 ‚
304 2757 360 2797 ιιιὶ
388 2755 661 2806 differentiam
705 2763 878 2808 corporis
916 2755 1196 2798 mathematici
1217 2791 1227 2810 ,

111 2820 154 2850 ut
182 2808 277 2850 ‹licir
305 2811 478 2851 Basilius
510 2810 749 2851 Hamil-III.
780 2817 821 2850 in
854 2812 1128 2851 Hexoemeron
1146 2840 1156 2852 .

169 2865 191 2903 5
223 2893 233 2904 .
262 2865 391 2905 Verba
419 2877 546 2905 autem
579 2866 671 2904 Elin
699 2869 799 2918 apud
832 2867 974 2905 Jobuiu
1006 2880 1049 2904 ex
1082 2869 1119 2904 vi
1150 2877 1228 2905 tex-

104 2925 171 2973 ’ωε
194 2879 369 2959 Ῥιεὸῐᾶίοἰ
401 2922 523 2972 potius
555 2921 747 2958 levitatem
790 2920 978 2958 coelorum
1007 2920 1229 2972 explicant,

116 2983 233 3023 quam
269 2973 482 3020 duritiem5
525 2988 569 3012 ea
600 2972 757 3024 proinde
787 2975 836 3011 ita
867 2975 976 3011 vertit
1004 2975 1092 3011 Car.
1123 2973 1228 3011 Hou-

117 3021 267 3077 bigam:
299 3025 350 3066 Ut
378 3031 494 3082 quasi
509 3026 652 3082 facies
667 3030 762 3066 aeris
789 3027 906 3068 loeres
935 3036 1066 3067 essent
1083 3057 1094 3078 ,
1124 3028 1230 3067 simi-

169 3209 216 3239 (α)
242 3205 406 3260 Ceterum
430 3211 547 3256 'negari
571 3212 719 3256 nequit,
742 3212 835 3246 lianc
860 3210 902 3245 (le
916 3212 1084 3246 coelornm
1111 3209 1230 3244 solidi-

106 3258 195 3303 .⁸¹¹²‚'‘
213 3275 222 3292 ,
249 3254 460 3305 &firmitate
483 3258 681 3301 opium-nem
707 3271 929 3292 communem
957 3270 1042 3303 pene
1069 3260 1172 3291 fnisse
1195 3258 1229 3290 in

119 3296 340 3344 leln-oplim
371 3299 595 3337 Heliraeorum
612 3326 623 3345 ,
659 3306 719 3350 qui
747 3314 817 3338 tres
841 3305 945 3338 coelos
971 3303 1230 3343 admittebant5

121 3345 314 3379 suissvvnare
341 3358 475 3386 unum,
513 3347 601 3379 unde
628 3362 706 3390 ros,
732 3352 850 3395 pluvia
869 3372 880 3391 ‚
917 3352 975 3384 nix
996 3372 1006 3390 ,
1033 3356 1064 3383 δε
1090 3349 1231 3395 grandi-

126 3401 186 3425 nes
202 3389 367 3427 decidunt
383 3404 394 3434 5
420 3405 623 3440 supremum
640 3396 789 3432 alterum
806 3418 820 3440 ‚
845 3398 902 3432 cui
917 3406 1011 3431 astra
1036 3397 1136 3443 qnasi
1151 3407 1233 3431 con-

2296 166 2357 221 ⁵9

1302 244 1466 283 litudine
1507 244 1620 282 ducta
1648 258 1670 282 a
1699 240 1888 294 speculis,
1931 253 2022 298 quae
2056 241 2153 283 olim
2194 240 2339 281 fiebant
2369 255 2416 282 ex

1301 311 1379 336 aere
1408 299 1613 350 laevigat05
1643 307 1683 336 ιιι
1711 311 1838 335 sensus
1868 300 1940 346 sit,
1970 311 2130 350 corpora
2144 296 2416 336 coelestiatan·

1331 366 1418 391 uam
1450 354 1488 390 in
1528 350 1686 404 speculo
1732 350 1937 388 laevi‚si1no
1965 352 2077 390 nobis
2120 353 2414 404 repraesentari·

1299 367 1389 444 ibici
1419 407 1537 444 etiam
1567 414 1682 458 potest
1711 403 1998 442 firmamentum
2027 406 2247 451 στερέωμα,
2290 406 2320 443 si
2350 418 2413 442 su-

1298 467 1427 498 matur
1455 471 1528 498 vox
1557 461 1627 497 ista
1655 470 1730 497 non
1750 470 1820 510 pro
1847 458 2054 506 soliditate,
2084 458 2146 495 sed
2176 471 2244 509 pro
2265 458 2411 496 stabili-

1294 520 1391 561 tate,
1421 513 1455 550 ἀ
1476 513 1684 551 constantia
1699 541 1709 560 ,
1739 525 1856 564 quam
1874 511 1975 549 Deus
2003 514 2066 550 toti
2088 511 2305 550 coelestium
2327 524 2410 547 cor-

1295 580 1436 619 porum
1464 566 1659 620 systemati
1688 566 1905 616 impertitus
1932 574 2014 614 est,
2052 577 2219 617 quaeque
2258 565 2297 602 in
2327 577 2414 616 per-

1295 630 1436 672 petua,
1480 620 1515 658 &
1544 619 1783 659 immutabili
1810 619 2035 658 eorumdem
2075 619 2315 658 revolutione
2343 632 2412 672 ap·

1296 684 1402 728 paret
1432 675 1497 725 (ιι)
1514 700 1537 713 ι

1350 728 1416 767 60.
1446 728 1487 766 Si
1517 729 1634 780 igitur
1661 727 1817 765 nomine
1845 725 2077 765 firmamenti
2099 724 2337 777 intelligatur
2356 724 2414 762 lo·

1294 794 1362 820 eus
1389 782 1544 820 citimus
1572 790 1683 819 terrae
1702 810 1714 829 ,
1743 783 1781 819 in
1810 793 1887 832 qno
1914 793 2074 832 vapores
2102 781 2216 832 aquei
2247 779 2414 817 conden-

1294 844 1425 873 santur
1453 836 1493 873 in
1524 834 1726 888 pluviam,
1764 833 1887 872 soluta
1916 844 1967 872 est
1997 836 2151 886 prima,
2181 831 2216 868 ἃ
2245 833 2414 870 secunda

1294 887 1500 927 difficultas
1527 889 1575 926 de
1605 888 1873 936 firmamento,
1920 888 1955 925 ἀ
1984 887 2030 926 de
2058 888 2250 926 divisione
2291 899 2413 938 aqua·

1294 955 1410 991 rum,
1439 957 1527 994 qnae
1555 952 1639 981 sunt
1668 955 1709 980 su
1743 955 1784 979 ra
1811 940 1980 990 coelum,
2010 941 2060 978 ab
2090 940 2175 987 liis,
2205 951 2295 992 quae
2325 947 2413 977 snut

1294 996 1394 1034 infra
1411 1024 1421 1034 .
1452 997 1552 1035 Cum
1581 998 1688 1035 enim
1714 957 1802 1033 liaec
1830 1005 1955 1033 nostra
1983 993 2241 1046 atmospliaera
2259 992 2417 1030 densior

1294 1051 1349 1088 sit·
1370 1064 1488 1103 prope
1519 1059 1687 1098 terram,
1730 1049 1764 1085 8<
1793 1051 1944 1087 tenuior
1987 1050 2148 1096 evadat,
2185 1058 2264 1100 quo
2292 1047 2416 1097 magis

1295 1113 1432 1142 a-terra
1460 1103 1671 1151 attollitur,
1702 1102 1818 1141 facile
1847 1102 2098 1153 intelligitur,
2127 1100 2319 1153 quomodo
2347 1113 2416 1137 va·

1295 1170 1406 1209 potes
1433 1159 1546 1212 aquei
1578 1158 1781 1204 rarefacti,
1829 1170 1874 1194 ac
1903 1155 2084 1207 specifice
2130 1154 2292 1190 leviores
2328 1165 2417 1189 aere

1297 1210 1419 1249 effecti
1449 1212 1650 1249 ascendant
1680 1211 1726 1249 ad
1755 1219 1896 1248 certam
1912 1208 2157 1246 altitudinem
2178 1235 2189 1253 ,
2219 1206 2353 1257 ibique
2375 1206 2417 1244 in

1296 1264 1424 1302 nubes·
1442 1266 1719 1303 condensentur
1736 1294 1747 1311 ,
1776 1278 1821 1302 ac
1835 1263 1995 1300 demum
2024 1262 2063 1299 iu
2082 1269 2203 1312 guttas
2222 1289 2233 1307 ‚
2261 1272 2305 1296 ac
2329 1257 2414 1310 plu-

1297 1319 1378 1355 vias
1406 1327 1675 1365 concrescant,
1722 1330 1812 1370 quae
1841 1316 1888 1354 ad
1926 1325 2066 1353 terram
2111 1312 2414 1352 foecundandam

1297 1370 1501 1408 utilissime
1528 1371 1733 1417 decidunt,
1781 1370 1815 1406 St
1844 1370 1891 1406 de
1919 1367 2022 1407 coelo
2063 1367 2242 1405 decidere
2278 1367 2415 1404 dicun·

1296 1432 1382 1461 tur:
1414 1424 1514 1462 unde
1544 1422 1639 1461 illud
1669 1423 1816 1460 dictum
1837 1436 1859 1459 a
1879 1420 1952 1459 Job
1980 1421 2028 1458 de
2043 1420 2128 1458 Deo
2153 1433 2240 1472 cap.
2262 1417 2415 1458 XXVI.

1298 1476 1338 1514 8.
1372 1476 1448 1526 Qui
1478 1479 1578 1529 ligat
1606 1489 1735 1527 aquae
1772 1480 1812 1512 ιή
1842 1471 2005 1511 nubibus
2039 1476 2148 1520 sm's,
2190 1482 2230 1509 ut
2264 1485 2344 1508 non
2375 1485 2415 1510 e·

1298 1539 1489 1577 rumpant
1519 1535 1668 1581 puriter
1699 1529 1882 1567 deorsum
1900 1555 1910 1566 .
1942 1527 1989 1564 Et
2018 1526 2170 1579 quando
2198 1538 2311 1578 aquae
2341 1538 2418 1565 uon

1298 1581 1504 1628 decidunt,
1534 1582 1677 1619 coelinn
1701 1584 1881 1619 clansam
1914 1580 2146 1618 essedicitur
2164 1610 2172 1626 ,
2205 1590 2242 1616 ut
2266 1578 2303 1616 3.
2324 1578 2419 1617 Lib.

1301 1633 1393 1685 Reg.
1411 1634 1515 1672 Vlll.
1537 1635 1602 1672 55.
1632 1636 1733 1685 quod
1763 1637 1910 1671 nonnisi
1940 1633 1988 1670 ‹le
2016 1633 2116 1670 coelo
2135 1632 2338 1670 sublunari
2360 1633 2416 1670 in-

1299 1687 1421 1739 telligi
1452 1697 1597 1739 potest.
1629 1686 1689 1725 Ab
1721 1687 1982 1737 iisrleniaqnis
2010 1699 2123 1736 super
2144 1687 2327 1723 verticem
2351 1698 2416 1722 no·

1299 1751 1420 1780 strum
1452 1741 1642 1793 suspensis
1671 1741 1928 1777 communiter
1966 1740 2148 1790 repetitur
2185 1737 2418 1788 jucundissi-

1302 1809 1388 1834 mus
1435 1794 1503 1833 ille
1531 1794 1636 1832 color
1676 1794 1897 1840 ceruleus,
1945 1805 2022 1844 quo
2050 1791 2141 1830 coeli
2186 1788 2419 1829 mirabiliter

1300 1850 1396 1903 picti
1426 1858 1635 1901 apparent:
1665 1847 1707 1884 δι’
1729 1849 1782 1886 sic
1813 1846 1929 1885 facile
1957 1844 2184 1897 intelligitur
2211 1846 2350 1883 divisio
2377 1858 2420 1883 a·

1300 1916 1465 1956 quarum
1497 1904 1760 1955 superiorum,
1791 1915 1835 1940 ex
1866 1900 2008 1954 quibus
2038 1900 2157 1937 nubes
2176 1929 2185 1947 ,
2217 1897 2416 1951 &pluvias

1299 1956 1545 2005 conflantur,
1593 1956 1983 2008 atque-inferiorum,
2013 1966 2102 2007 quae
2134 1955 2174 1991 in
2205 1954 2331 2001 mari,
2359 1951 2418 1990 la·

1299 2010 1448 2059 cubus,
1480 2010 1514 2046 &
1543 2009 1674 2048 fluviis
1703 2010 1951 2047 inveniuntur
1972 2034 1983 2046 .

1353 2064 1419 2103 61.
1449 2064 1520 2101 Sed
1551 2063 1786 2102 dissimulari
1817 2064 1975 2114 nequit,
2013 2073 2089 2098 non
2119 2060 2252 2111 paucis
2281 2059 2418 2096 veteri-

1298 2117 1370 2157 bus
1399 2116 1572 2156 Patribus
1602 2119 1727 2155 visum
1757 2117 1898 2164 fuisse,
1929 2113 2337 2153 nomine-fismannenii
2358 2113 2418 2150 di·

1298 2173 1461 2210 videntis
1502 2185 1621 2224 aquas
1662 2171 1713 2209 ab
1740 2171 1851 2223 aquis
1892 2169 2048 2206 cceluin.
2083 2168 2239 2220 proprie
2268 2167 2417 2204 dictum

1297 2227 1534 2277 significari.
1565 2225 1653 2272 Qua
1683 2225 1720 2262 in
1750 2237 1790 2261 re
1820 2224 1946 2275 primo
1975 2229 2076 2260 notat
2108 2220 2315 2271 Angelicus
2345 2228 2416 2257 art.

1298 2279 1337 2325 4.
1367 2291 1441 2318 non
1471 2292 1550 2318 esse
1580 2291 1698 2317 uuam
1740 2278 1918 2315 omnium
1946 2275 1993 2313 de
2023 2287 2183 2314 numero
2225 2273 2417 2312 coelorum

1297 2333 1520 2371 seutentiam
1534 2359 1544 2370 .
1575 2332 1674 2370 Nam
1696 2331 1817 2384 aliqui
1835 2337 2041 2383 posuerunt
2061 2337 2146 2366 tres⁴
2165 2327 2282 2366 coeloe
2299 2357 2309 2375 ‚
2341 2327 2420 2377 pri·

1298 2401 1406 2425 mum
1435 2387 1600 2425 totaliter
1629 2385 1802 2424 lucidum
1821 2414 1831 2432 ‚
1860 2384 1961 2437 quod
1992 2392 2126 2421 vocant
2155 2394 2414 2434 empyreum5

1297 2441 1508 2479 secundum
1538 2439 1701 2478 totaliter
1729 2437 1967 2488 diaplianum
1987 2467 1997 2485 ,
2039 2437 2141 2489 quod
2173 2445 2305 2472 vocant
2337 2447 2415 2470 coe·

1295 2493 1378 2531 lum
1395 2509 1561 2546 aqueum
1580 2524 1590 2541 ‚
1613 2492 1648 2529 8(
1667 2492 1962 2545 crystallinum,
1992 2493 2146 2528 tertium
2172 2499 2309 2539 partini
2331 2487 2413 2524 dis-

1295 2546 1496 2596 phanum,
1527 2546 1561 2582 8(
1589 2547 1733 2597 partim
1763 2545 1935 2582 lucidum
1972 2554 2087 2590 actu,
2129 2542 2231 2593 qaod
2275 2548 2409 2591 vocant

1295 2597 1437 2634 ceelum
1469 2600 1659 2634 sidereum
1678 2622 1690 2635 .
1721 2597 1810 2633 Alio
1829 2604 1956 2631 tamen
1986 2608 2094 2631 sensu
2124 2604 2195 2630 tres
2211 2593 2330 2629 coelos
2350 2592 2409 2628 di-

1295 2651 1425 2686 stinxit
1449 2649 1708 2687 Damascenus
1741 2647 1827 2685 Lib.
1851 2646 1897 2683 ll.
1927 2645 1976 2684 de
1992 2645 2085 2698 file
2113 2643 2263 2681 orflzol.
2295 2645 2413 2696 capit.

1296 2701 1335 2740 6.
1365 2703 1509 2740 scilicet
1539 2705 1712 2755 primum
1755 2713 1936 2746 aereum,
1980 2697 2087 2736 aliud
2130 2698 2320 2735 sidereum
2339 2728 2348 2743 ‚
2379 2696 2415 2734 ἃ

1297 2757 1453 2794 tertium
1471 2758 1645 2807 superius
1662 2785 1672 2803 ,
1704 2752 1798 2792 illud
1821 2766 1981 2804 nempe,
2009 2750 2110 2804 qnod
2133 2751 2304 2789 incolunt
2321 2751 2412 2789 bea-

1295 2810 1327 2847 ti·
1353 2811 1503 2859 spiritus
1535 2809 1702 2847 videntes
1732 2807 1858 2845 Deum
1882 2836 1891 2852 ,
1922 2805 1956 2842 &
1984 2808 2029 2843 ad
2061 2805 2162 2858 quod
2193 2814 2320 2856 raptus
2342 2804 2416 2842 fuit

1297 2864 1337 2902 S.
1370 2862 1533 2900 Paulus.
1582 2862 1654 2900 Alii
1687 2862 1815 2914 plures
1844 2859 1963 2898 coelos
1992 2859 2271 2906 distinxerunt,
2309 2857 2342 2894 ἃ
2375 2860 2413 2896 in

1297 2917 1409 2955 coelis
1442 2916 1568 2968 plures
1598 2918 1712 2953 etiam
1732 2915 1919 2966 upliaeras3
1948 2927 2043 2964 quas
2074 2913 2410 2963 veierumopmio-

1299 2984 1361 3008 nes
1390 2984 1501 3008 novae
1531 2968 1788 3019 Philosophiae
1818 2975 2019 3019 systemata
2047 2975 2291 3013 everterunt,
2337 2966 2413 3004 for·

1296 3034 1391 3064 tasse
1420 3023 1454 3061 &
1483 3027 1563 3077 ipsa
1594 3022 1643 3061 ab
1671 3020 1760 3060 aliis
1788 3019 2030 3073 postmodum
2059 3020 2288 3058 evertenda.

2290 3071 2359 3113 62.

1298 3209 1365 3243 lixa
1392 3213 1498 3245 sunt,
1534 3206 1568 3237 δε
1589 3213 1694 3248 supra
1717 3202 1810 3248 quocl
1837 3203 2044 3236 immensam
2071 3213 2243 3244 aquarum
2271 3201 2405 3246 copiam

1296 3254 1411 3300 primii
1441 3254 1557 3291 Dens,
1600 3250 1729 3294 quibus
1755 3262 1835 3282 euin
1861 3261 1963 3282 nsum
1989 3251 2094 3282 fnizse
2119 3251 2239 3281 vol-int
2262 3270 2271 3287 ,
2298 3259 2407 3291 quan·

1298 3301 1342 3336 (lo
1366 3300 1465 3343 aquis
1491 3297 1613 3331 diluvii
1639 3297 1830 3330 submersit
1857 3298 2055 3330 univers-am
2077 3307 2233 3333 rere-..1113
2263 3294 2406 3325 tri-rium

1297 3356 1530 3392 empyreum,
1565 3343 1625 3377 nbi
1651 3344 1712 3377 Dr·
1742 3343 1907 3387 majestas
1934 3355 1950 3375 a
1977 3344 2087 3375 innuis
2115 3341 2251 3372 vul-ew
2271 3361 2281 3379 ‚
2309 3342 2337 3370 Sc
2365 3335 2408 3371 ad

1298 3393 1392 3441 quod
1416 3395 1450 3426 ὅ.
1479 3391 1626 3426 Paulum
1652 3400 1793 3436 raptum
1817 3390 1924 3424 fuisse
1951 3401 2012 3424 nos
2039 3388 2236 3423 credimus.
