2583 3685
220 159 280 202 90

158 237 298 264 nomen
327 218 501 273 Virginis
539 217 720 272 adaptare
747 216 982 257 mulieribus
1021 216 1103 270 jam
1144 229 1276 256 corru-

157 280 232 330 ptis
261 275 349 328 (a).

214 342 304 367 210.
336 326 470 379 Resp.,
503 323 654 363 futilem
671 337 770 373 esse,
800 323 1040 363 &contextui
1060 337 1276 378 repugnan-

157 392 232 421 tem
263 380 362 419 hanc
390 379 646 433 quorumdam
666 377 931 417 Rabbinorum
950 378 1244 430 explicationem
1263 404 1273 415 .

155 436 271 474 Isaias
299 434 404 471 enim
436 433 632 485 proposuit
659 432 791 470 domui
822 432 952 471 David
984 440 1211 484 conceptum
1240 430 1275 467 8t

156 498 311 541 partum
340 486 513 539 Virginis
542 495 741 537 tamquam
771 486 923 538 signum
967 485 1123 538 aliquod
1153 495 1276 524 extra-

156 542 396 580 ordinarium
415 570 425 588 ,
455 540 556 591 quod
585 539 689 578 Deus
719 540 958 591 omnipotens
987 540 1143 577 daturus
1172 545 1274 584 erat3

153 595 301 633 dixerat
330 594 433 631 enim
464 593 571 645 prius
600 594 680 645 regi
710 592 860 631 Achaz:
892 591 987 630 Pete
1016 589 1082 629 tihi
1111 595 1273 644 signum

155 662 184 687 a
214 648 390 686 Domino
419 644 509 685 Deo
538 654 602 684 tuo
631 650 674 684 ἰη
702 644 946 698 profundum
974 645 1152 695 inferni,
1195 648 1274 682 sive

158 707 200 739 z'n
228 701 435 739 excelsum
464 713 617 749 supra:
660 706 840 737 renuente
868 706 997 736 autem
1028 697 1154 735 Achaz
1183 697 1274 736 sub—

154 755 210 792 dit
231 753 441 804 Propheta:
471 753 595 791 Dabit
614 752 817 790 Dominus
845 754 926 802 ipse
956 749 1058 789 vobis
1088 755 1274 804 signum:

153 807 265 846 Ecce
296 806 419 859 Virgo
446 807 534 847 (90.
563 805 736 844 Profecto
764 806 858 844 risui
887 806 1064 843 omnium
1093 819 1132 842 se
1161 817 1275 856 expo-

153 863 286 901 suisset
314 859 530 913 Propheta,
572 860 605 897 si
634 859 707 898 hoc
736 860 888 912 signum
916 857 1018 896 nihil
1063 857 1168 897 aliud
1199 870 1275 895 esse

155 914 361 963 voluisset,
403 927 520 965 quam
551 922 780 966 conceptum
799 943 809 961 ‚
853 911 888 947 ἃ
917 921 1069 964 partum
1102 910 1246 964 puellae
1266 941 1276 959 ,

154 982 245 1022 quae
275 978 359 1008 ante
389 967 508 1020 Virgo
536 976 642 1016 erat,
691 966 724 1002 δι
755 966 982 1017 virginitatis
1013 965 1203 1015 jacturam
1235 965 1275 1001 in

154 1021 409 1075 concipiendo
439 1022 599 1060 fecerit.
647 1019 721 1059 Sin
749 1026 888 1057 autem
910 1048 920 1066 ‚
951 1019 1078 1070 inquit
1106 1019 1276 1070 apposite

158 1077 422 1128 Hieronymus
444 1075 482 1113 in
503 1073 607 1113 hunc
635 1073 710 1111 loc.
728 1103 740 1122 ,
763 1071 1009 1124 juvencula,
1039 1072 1097 1109 vel
1123 1071 1277 1121 puella,

155 1140 196 1168 ut
225 1128 354 1168 Jmlaez·
384 1129 542 1176 colunt,
571 1128 621 1168 (9·
650 1139 733 1164 non
762 1130 870 1178 virgo
898 1128 1056 1174 pariat,
1087 1124 1204 1175 quale
1226 1127 1279 1162 si-

156 1198 283 1238 gnum
313 1186 456 1235 poterit
484 1181 704 1233 appellari,
734 1193 854 1232 quum
884 1178 955 1216 hoc
975 1190 1124 1215 nomen
1143 1181 1279 1216 aetatis

154 1247 229 1287 stt,
259 1251 339 1276 non
366 1234 651 1289 integritatis?
679 1234 729 1273 Et
757 1233 798 1272 S.
828 1233 997 1271 Irenaeus
1020 1231 1155 1271 L.111.
1185 1231 1276 1271 actv.

157 1292 253 1330 haer.
283 1305 368 1343 cap.
400 1303 465 1342 27.
498 1288 604 1340 Quid
632 1292 743 1326 enim
772 1299 993 1340 magnum,
1025 1285 1176 1338 inquit,
1206 1294 1278 1322 aut

157 1344 261 1398 quod
289 1349 448 1397 signum
478 1343 605 1397 fieret
633 1346 676 1380 in
703 1354 751 1380 eo
774 1371 785 1389 ,
832 1339 934 1392 quod
975 1338 1276 1378 adolescentula

157 1403 384 1449 concipiens
413 1410 467 1436 ex
496 1401 575 1435 viro
601 1399 816 1448 peperisset
833 1424 844 1442 ‚
874 1392 976 1446 quod
1006 1396 1132 1431 evenit
1146 1395 1277 1431 omni·

161 1452 261 1500 bus,
304 1464 394 1502 quoe
420 1454 609 1502 pariunt,
657 1445 925 1487 mulieribus?
972 1446 1106 1484 Voluit
1148 1447 1279 1499 itaque

155 1505 413 1559 proculdubio
442 1503 630 1557 Propheta
657 1502 714 1542 ibi
751 1514 966 1554 proponere
1008 1502 1163 1552 signum
1205 1499 1277 1538 ali-

155 1560 257 1612 quod
289 1572 497 1611 magnum,
527 1558 747 1596 inusitatum
766 1586 776 1604 ‚
805 1556 848 1604 ’,δε
878 1556 978 1607 quod
1007 1567 1140 1592 omnes
1170 1563 1280 1592 natu-

155 1625 210 1650 rae
240 1615 339 1653 vires
368 1612 591 1660 excederet,
619 1609 735 1664 quale
765 1618 891 1660 petere
921 1623 944 1646 a
975 1608 1056 1646 Deo
1086 1606 1206 1646 noluit
1227 1607 1279 1645 A-

157 1666 249 1704 chaz
267 1697 277 1715 ,
308 1666 342 1702 ἃ
371 1666 473 1717 quod
504 1665 608 1711 Deus
636 1665 769 1702 domui
787 1662 914 1700 David
944 1662 1035 1699 dare
1063 1661 1279 1708 constituit,

158 1734 295 1772 nempe
325 1728 552 1770 conceptum
568 1747 580 1766 ,
610 1717 644 1753 8(
665 1725 817 1769 partum
837 1715 1032 1766 Virginis:
1063 1712 1174 1752 Ecce
1192 1710 1280 1751 Vtr-

156 1786 209 1826 go
237 1775 431 1822 concipiet
449 1802 459 1819 ,
487 1771 537 1810 (9·
565 1774 695 1821 parier
723 1769 794 1807 Sec.

218 1838 311 1865 211.
341 1827 431 1864 Inst-
476 1825 560 1876 Ipse
590 1824 705 1861 isaias
743 1836 828 1874 cap.
859 1835 937 1874 seq.
987 1823 1001 1872 (
1034 1820 1139 1859 VIII.
1174 1819 1233 1858 18.
1264 1820 1280 1868 )

160 1881 307 1932 inquit:
337 1877 447 1917 Ecce
476 1891 573 1930 ege,
601 1877 651 1917 (9·
680 1879 790 1929 pueri
811 1879 917 1923 mei,
947 1887 1043 1926 quos
1072 1873 1178 1912 dedit
1207 1877 1282 1911 mi-

161 1932 200 1971 Izi
215 1931 416 1971 Dominus
446 1935 487 1969 in
516 1935 703 1982 signum,
732 1929 782 1970 (9·
812 1933 854 1967 in
882 1937 1107 1980 portentum
1129 1927 1283 1972 Israel,-

161 1988 258 2040 quin
287 1995 414 2024 tamen
446 1984 510 2022 hic
540 1983 660 2032 velit,
703 1985 856 2034 signum
885 1982 1042 2034 aliquod
1071 1995 1186 2034 supra
1214 1995 1282 2020 na-

159 2050 258 2079 turae
290 2041 390 2080 vires
420 2038 620 2084 indicare;
666 2049 756 2088 ergo
790 2036 970 2073 similiter
1012 2036 1051 2073 in
1080 2049 1166 2087 cap.
1197 2034 1285 2073 VII.

160 2095 282 2147 potuit
311 2104 524 2146 proponere
543 2092 694 2143 signum
713 2088 872 2140 aliquod
892 2101 1120 2135 commune,
1150 2088 1184 2124 δε
1199 2088 1286 2127 vul-

163 2160 253 2200 gare
280 2155 513 2199 conceptus,
543 2143 577 2180 ἃ
607 2152 738 2196 partus
767 2141 941 2194 Virginis
970 2140 1051 2191 jam
1081 2142 1226 2179 vitiatae
1246 2167 1257 2179 .

219 2214 310 2239 212.
340 2199 454 2252 Resp.
484 2197 519 2235 8(
548 2211 594 2235 ex
622 2196 836 2248 adjunctis,
866 2193 901 2230 &
931 2207 974 2232 ex
996 2196 1077 2245 ipso
1098 2194 1210 2231 modo
1230 2191 1286 2231 lo·

165 2254 309 2307 quendi
338 2252 469 2306 palam
499 2251 585 2290 fieri
614 2252 822 2292 discrimen
853 2249 951 2287 inter
995 2256 1201 2301 utrumque
1229 2246 1285 2283 10-

161 2320 252 2346 cnm
271 2333 281 2346 .
320 2308 363 2345 ln
395 2307 521 2358 primo
551 2306 655 2343 enim
684 2302 914 2357 loquebatur
942 2299 1130 2354 Propheta
1158 2301 1206 2339 de
1235 2301 1284 2339 si-

162 2374 265 2412 gno,
295 2360 396 2413 quod
428 2358 554 2397 Achaz
582 2366 708 2410 petere
737 2356 948 2409 jubebatur
976 2357 1017 2395 in
1047 2354 1285 2406 profundum

163 2415 309 2454 inferni
328 2444 338 2463 ,
367 2414 448 2452 sive
468 2414 508 2452 in
530 2412 720 2451 excelsum
736 2422 874 2464 supra:
906 2408 1000 2447 Pete
1020 2408 1086 2447 tibi
1100 2412 1285 2462 signum:

164 2480 291 2507 sermo
320 2469 437 2520 igitur
466 2475 545 2506 erat
575 2466 621 2505 de
649 2477 741 2505 vero
768 2464 971 2517 prodigio,
1000 2462 1129 2502 Achaz
1158 2471 1285 2500 autem

164 2530 350 2560 renuente
378 2521 567 2560 convertit
594 2533 633 2559 se
652 2519 768 2558 Isaias
787 2519 835 2556 ad
854 2518 1011 2556 domum
1027 2516 1174 2555 David:
1192 2516 1284 2554 'Au-

166 2574 247 2614 dite
276 2574 417 2613 domus
433 2572 593 2621 David,
624 2571 659 2609 ἃ
677 2574 830 2624 signum
846 2570 926 2610 illis
942 2570 1153 2623 promittit,
1183 2569 1285 2620 quod

168 2629 272 2668 dabit
302 2629 393 2681 ipsis
409 2628 538 2674 Deus;
568 2627 702 2678 utique
730 2638 866 2665 verum
896 2624 1116 2677 prodigium
1134 2650 1146 2662 .
1175 2622 1286 2662 Nihil

170 2692 296 2720 autem
325 2682 398 2720 tale
428 2684 469 2720 in
499 2695 586 2734 cap.
615 2680 733 2727 V11.;
780 2680 845 2718 sed
873 2679 988 2717 lsaias
1017 2679 1195 2730 proponit
1223 2692 1287 2726 se,

173 2735 206 2772 &
236 2750 370 2787 pueros
400 2748 485 2774 suos
515 2738 529 2785 (
561 2733 632 2772 hoc
663 2742 715 2771 est
744 2732 837 2772 alios
866 2730 1097 2784 Prophetas,
1127 2730 1188 2770 vel
1218 2730 1289 2769 Di-

173 2789 339 2840 scipulos
367 2789 442 2828 sibi
472 2804 494 2828 a
513 2788 597 2828 Deo
625 2787 730 2826 datos
758 2787 774 2836 )
805 2789 846 2824 in
875 2789 1035 2837 signum
1054 2785 1104 2825 (9·
1132 2792 1290 2834 porten-

174 2852 259 2878 sum
277 2872 288 2890 ,
316 2845 408 2896 quia
436 2843 708 2896 praedicatores
737 2849 844 2878 erant
871 2840 953 2878 veri
975 2838 1049 2876 Dei
1079 2838 1228 2884 cultns;
1257 2837 1291 2873 &

175 2893 269 2932 tales
296 2898 561 2947 praedicatores
589 2903 745 2948 propter
773 2893 932 2933 illorum
975 2901 1190 2943 temporum
1228 2904 1294 2929 ne-

175 2948 339 3000 quitiam
367 2950 599 3003 contemptui
638 2948 906 2992 habebantur3
949 2946 1051 2983 unde
1081 2946 1205 2997 regius
1234 2943 1294 2982 Ps.

178 2999 307 3040 Lxx.
339 3015 375 3051 7.
405 3003 629 3056 inquiebat:
667 3012 882 3053 tamquam
909 2998 1131 3052 prodigium
1148 2997 1297 3050 factus

179 3067 267 3093 sum
298 3054 430 3092 multis
448 3081 458 3093 .
486 3058 528 3095 ln
556 3069 634 3110 quo
663 3066 790 3094 tamen
820 3056 893 3107 ipsi
914 3053 1018 3102 filii,
1047 3052 1109 3092 vel
1129 3053 1296 3104 discipu-

178 3107 210 3147 li
238 3108 348 3146 lsaiae
379 3107 502 3159 figura
538 3111 693 3149 fuerunt
722 3106 1022 3162 Apostolorum,
1065 3105 1099 3143 ἃ
1128 3106 1296 3158 discipu-

226 3239 274 3281 (α)
303 3239 437 3273 Notum
462 3246 514 3271 est
539 3237 625 3270 illud
650 3240 794 3283 Virgilii
821 3238 958 3282 Ecloga
981 3236 1045 3270 Vl.
1072 3236 1131 3281 47.
1165 3235 1208 3270 de
1233 3236 1301 3270 Pa-

186 3286 308 3334 siphae
335 3286 443 3319 trium
470 3284 620 3318 filiorum
647 3294 758 3319 matre

278 3333 336 3366 Ah
363 3336 456 3377 virgo
485 3330 638 3375 infelix,
664 3343 728 3374 quae
755 3339 789 3366 te
813 3333 990 3367 dementia
1015 3332 1130 3376 cepit!
1158 3339 1234 3365 tum
1254 3329 1299 3363 il-

183 3379 244 3414 lud
274 3380 410 3415 Horatii
438 3378 517 3413 Lib.
543 3378 570 3411 1.
598 3375 670 3412 Ode
698 3386 753 3420 ²9·

713 137 796 182 DE
829 134 1081 180 INCARN.
1113 133 1284 180 SEC'T·
1307 133 1365 178 11„
1408 130 1634 178 Dlss.11.
1668 133 1798 180 CAP.
1832 136 1910 180 VI.

1301 246 1309 256 .
1343 215 1468 253 lorum
1497 210 1666 261 Christi,
1697 218 1766 266 qui
1795 217 1835 254 in
1865 222 2023 268 signum
2041 248 2051 266 ,
2081 216 2116 254 ἆ
2143 222 2368 267 portentum
2397 216 2455 256 fa-

1342 270 1393 307 cti
1422 275 1533 314 sunt,
1563 278 1702 307 novam
1729 269 1850 320 ipsius
1879 270 2088 309 doctrinam
2118 272 2263 324 ubique
2292 284 2456 324 evange-

1343 321 1525 361 lizautes.

1398 374 1489 414 215.
1519 372 1612 425 Obj.
1642 373 1834 412 secundo.
1871 373 1957 414 Non
1985 386 2171 428 apparet,
2200 378 2390 431 quomodo
2419 378 2455 415 l'«

1342 429 1437 467 saias
1467 440 1510 464 eo
1539 426 1613 466 loci
1644 429 1806 478 potuerit
1848 427 1893 464 de
1923 440 2138 478 conceptu,
2187 431 2221 466 δι
2259 433 2457 472 nativitate

1343 481 1496 521 Messiae
1526 481 1723 518 vaticinari
1740 505 1752 518 0
1783 479 1946 518 Volebat
1975 477 2077 519 enini
2098 482 2228 534 aliquo
2240 486 2349 535 signo
2370 499 2457 537 perr·

1341 536 1498 574 suadere
1530 534 1621 585 Regi
1652 532 1804 581 Achaz,
1844 534 2109 572 destruendam
2140 548 2218 573 esse
2248 540 2460 587 potentiam

1342 589 1508 626 duorum
1538 587 1812 625 foederatorum
1844 586 1991 640 Regum
2021 587 2221 639 Assyriae,
2260 587 2295 623 8<
2323 589 2457 629 Sama-

1341 643 1439 688 riae3
1472 649 1672 693 propterea
1702 639 1759 678 illi
1791 640 1925 690 jubet,
1958 648 1998 677 ut
2026 648 2127 692 petat
2155 643 2307 693 signum
2336 655 2359 679 a
2380 642 2459 679 Do-

1341 696 1450 733 mino
1479 694 1582 740 Deo;
1611 704 1790 732 renuente
1819 703 1945 732 autem.
1975 693 2071 742 itt-o,
2100 692 2137 730 Bt
2163 695 2337 734 dicente:
2366 693 2464 732 Non

1341 756 1480 798 petam
1497 777 1508 795 ,
1550 749 1601 789 (θ’
1630 761 1711 786 ηοη
1739 743 1900 786 tentabo
1930 744 2182 797 Dominum,
2230 748 2344 787 Isaias
2372 760 2461 800 pto-

1343 802 1458 839 mittit
1488 802 1568 853 ipse
1597 802 1747 853 signum
1790 816 1813 839 a
1842 801 1951 839 Deo.
2001 801 2048 839 At
2077 813 2167 842 vero
2195 800 2269 840 hoc
2309 803 2462 853 signum

1343 855 1562 906 praecedere
1592 856 1756 894 debebat
1784 855 2082 893 destructionem
2126 854 2290 893 duorum
2329 868 2463 906 regno-2

1346 921 1433 944 rum
1444 936 1455 955 ‚
1473 920 1560 958 quae
1579 910 1892 960 conspiraverant
1908 908 2085 947 adversus
2099 907 2464 955 Jerusalem3Ch1-i-

1345 969 1421 998 stus
1451 969 1579 998 autem
1609 970 1719 999 natus
1759 973 1811 1000 est
1853 963 2063 1010 sexcentis,
2110 971 2176 999 aut
2218 963 2464 1015 septingentis

1347 1022 1429 1065 post
1459 1014 1592 1051 annis:
1622 1027 1710 1065 ergo
1739 1014 1809 1054 ἃς.
1857 1017 1915 1055 En
1945 1029 2119 1068 expressa
2147 1014 2346 1068 Prophetae
2378 1029 2465 1056 ver·-

1347 1068 1420 1106 ba:
1452 1096 1478 1114 „
1507 1065 1608 1104 Ecce
1638 1066 1759 1118 Virgo
1788 1071 2002 1121 concipiet,
2033 1068 2068 1105 δε
2096 1070 2220 1121 pariet
2239 1067 2369 1108 filium
2387 1099 2398 1118 ‚
2428 1068 2464 1106 &

1348 1150 1375 1169 „
1405 1119 1609 1157 vocabitur
1651 1132 1793 1158 nomen
1829 1121 2201 1181 ejtiQEmmanuel.
2249 1123 2467 1176 Butyrum,

1348 1204 1375 1224 „
1404 1173 1439 1209 8<
1469 1171 1546 1210 mel
1576 1173 1776 1222 comedet,
1806 1182 1848 1210 ut
1877 1183 1969 1211 sciat
1997 1175 2202 1225 reprobare
2223 1175 2370 1215 malum
2388 1206 2399 1225 ,
2430 1175 2466 1213 ἃ

1348 1258 1375 1277 „
1403 1226 1545 1278 eligere
1573 1226 1720 1264 bonum
1739 1253 1750 1264 .
1802 1225 1936 1279 Quia,
1979 1235 2202 1277 antequam
2230 1233 2333 1267 sciat
2369 1240 2468 1282 puer

1347 1311 1377 1330 „
1408 1279 1624 1333 reprobare
1654 1280 1836 1329 malum,
1864 1279 1915 1322 ὠ·
1944 1279 2089 1330 eligere
2109 1278 2290 1332 bonum(
2321 1281 2392 1321 hoc
2412 1291 2465 1323 est

1349 1365 1375 1383 ,‚
1405 1345 1610 1387 antequam
1641 1334 1795 1372 rationis
1825 1347 1937 1371 usum
1976 1334 2133 1385 attingat
2162 1333 2177 1384 )
2222 1332 2466 1385 derelinque-

1348 1418 1374 1437 „
1407 1398 1470 1425 tur
1501 1398 1638 1436 terra,
1669 1401 1794 1440 quam
1822 1396 1865 1424 lu
1893 1385 2135 1435 detestaris,
2179 1385 2346 1438 afacie
2375 1387 2470 1425 duo·

1349 1472 1375 1490 „
1405 1455 1498 1479 rum
1518 1440 1671 1494 Regum
1700 1453 1888 1480 suorum.
1917 1444 1944 1462 “
1975 1439 2063 1479 Jam
2093 1452 2183 1480 vero
2203 1442 2274 1479 ista
2301 1439 2470 1480 difficul-

1348 1504 1402 1534 tas
1432 1498 1641 1544 evanescit,
1671 1505 1784 1548 atque
1813 1495 1946 1533 omnia
1966 1493 2081 1533 facile
2100 1503 2409 1546 componuntur,
2438 1494 2473 1534 si.

1347 1549 1416 1587 ille
1433 1549 1539 1588 filius
1555 1547 1728 1602 Virginis
1745 1579 1755 1598 ‚
1785 1551 1853 1602 qui
1870 1550 1998 1587 vocari
2015 1548 2179 1587 debebat
2195 1545 2469 1594 Emmanuel,

1348 1603 1451 1640 idem
1482 1617 1559 1642 esse
1587 1611 1751 1656 ponatur
1780 1617 1823 1640 ac
1853 1602 1958 1640 filius
1988 1601 2160 1653 ejusdem
2190 1602 2298 1639 lsaiae
2316 1630 2328 1650 ,
2357 1600 2472 1648 cuius

1349 1657 1493 1694 mentio
1521 1656 1565 1694 fit
1594 1670 1681 1708 cap.
1712 1655 1819 1694 Vnt.
1851 1656 1889 1696 5.
1919 1655 1954 1692 ἃ
1983 1669 2063 1708 seq.
2106 1655 2165 1694 his
2195 1654 2348 1695 verbis:
2391 1649 2472 1692 Ac-

1350 1712 1451 1747 cessi
1480 1709 1536 1747 ad
1566 1708 1866 1760 Propheriesam
1884 1740 1894 1758 ‚
1924 1710 1975 1749 (9·
2004 1712 2210 1761 concepit,
2240 1708 2290 1749 (9·
2319 1711 2470 1759 peperit

1336 1764 1505 1816 filium.
1538 1761 1593 1800 Et
1624 1763 1724 1800 (lixit
1740 1761 1942 1801 Dominus
1962 1762 2018 1800 asi
2048 1776 2143 1801 me:
2177 1757 2290 1799 Voca
2319 1773 2471 1798 nomen

1351 1819 1465 1868 ejus·
1497 1817 1720 1864 Accelera,
1751 1817 1878 1866 spolia
1907 1814 2145 1863 detrahere,
2174 1814 2339 1867 festina
2367 1822 2471 1866 prze-

1353 1871 1473 1909 dari:
1503 1875 1596 1924 quia
1627 1880 1852 1921 antequam
1882 1874 1985 1908 sciat
2013 1881 2110 1921 puer
2140 1881 2282 1907 vocare
2312 1876 2472 1921 patrem
2520 1875 2523 1877 '

1351 1938 1467 1962 suum
1485 1955 1495 1973 ,
1543 1927 1593 1966 <91
1623 1933 1802 1962 matrem
1831 1936 1951 1962 suam
1973 1953 1984 1972 ,
2032 1921 2242 1976 auferetur
2269 1920 2474 1974 fortitudo

1351 1977 1584 2027 Damasci,
1613 1979 1663 2018 <J
1693 1978 1823 2029 spolia
1853 1977 2057 2015 Samariae
2086 1989 2227 2015 coram
2257 1976 2368 2029 Rege
2396 1975 2474 2014 As-

1353 2035 1556 2084 syriorum
1575 2058 1585 2070 .
1615 2032 1716 2078 Quae
1747 2031 1948 2082 praedictio
1977 2032 2092 2069 etiam
2122 2043 2235 2082 opere
2263 2028 2472 2081 adimpleta

1354 2087 1452 2124 fuit:
1483 2099 1571 2124 nam
1602 2084 1720 2136 paulo
1747 2092 1828 2136 post
1859 2082 2236 2136 Theglathphalasar
2258 2083 2335 2122 Rex
2357 2084 2473 2134 Assy-

1353 2141 1502 2176 riorum
1530 2138 1766 2177 Damascum
1797 2138 1984 2183 vastavit,
2020 2135 2054 2172 8<
2086 2136 2198 2174 Rasin
2230 2135 2370 2187 Regem
2398 2136 2475 2187 Sy·-

1353 2193 1422 2228 riae
1453 2192 1670 2238 interfecit,
1702 2199 1742 2228 ut
1770 2189 1935 2228 habetur
1964 2190 2053 2228 Lib.
2084 2189 2152 2228 lV.
2184 2188 2331 2240 Regum
2361 2187 2475 2226 XVI.

1353 2243 1440 2282 Non
1485 2255 1572 2295 ergo
1601 2244 1710 2281 Isaiae
1753 2242 1955 2281 oraculum
1995 2244 2041 2280 ad
2085 2244 2302 2295 virgineum
2331 2241 2475 2281 Mariae

1355 2306 1512 2348 partum
1543 2296 1677 2334 referri
1707 2303 1852 2348 potest,
1900 2296 1969 2348 qui
1997 2294 2129 2333 multis
2157 2296 2311 2334 saeculis
2353 2303 2478 2348 poste-

1354 2352 1433 2389 rior
1463 2351 1564 2389 fuit.

1409 2404 1502 2450 2¹4·
1533 2403 1646 2456 Resp.
1676 2410 1778 2442 certe
1797 2401 1897 2441 hanc
1913 2400 2180 2441 difficultatem
2196 2415 2272 2441 non
2292 2402 2474 2455 exiguam

1354 2472 1431 2497 esse
1448 2484 1459 2497 .
1488 2457 1550 2497 Ad
1579 2457 1690 2496 illam
1718 2469 1810 2496 vero
1838 2456 2048 2495 tollendam
2077 2470 2154 2496 non
2176 2456 2352 2495 eamdem
2381 2457 2474 2494 insi-

1353 2521 1452 2552 stunt
1481 2513 1586 2552 viam
1616 2519 1784 2559 veteres,
1813 2524 1858 2548 ac
1874 2511 2100 2549 recentiores
2122 2511 2368 2563 Interpretes.
2397 2508 2477 2548 Ve-

1354 2575 1479 2605 terum
1508 2575 1636 2604 tamen
1667 2564 1870 2617 explicatio
1898 2564 1932 2601 8t
1960 2563 2137 2611 solidior,
2167 2562 2202 2601 81:
2231 2565 2296 2603 toti
2326 2571 2475 2603 contex-

1356 2621 1413 2658 tui
1434 2621 1555 2671 magis
1574 2627 1825 2658 consentanea
1841 2627 1914 2656 est.
1944 2618 2092 2669 Negant
2109 2617 2168 2655 illi
2184 2648 2195 2667 ‚
2224 2626 2475 2669 conceptum,

1356 2673 1391 2709 &r
1420 2682 1576 2728 partum
1606 2672 1781 2725 Virginis
1809 2686 1896 2723 cap.
1917 2671 2006 2710 Vll.
2036 2672 2346 2724 praenunciatum
2364 2699 2375 2718 ,
2406 2671 2477 2707 sic-

1357 2728 1412 2766 uti
1441 2742 1486 2765 ea
1513 2727 1672 2774 omnia,
1715 2738 1806 2778 quae
1835 2726 1882 2762 de
1923 2732 2136 2777 conceptu,
2185 2723 2219 2758 8t
2248 2731 2358 2776 partu
2386 2720 2478 2759 Pro-

1359 2781 1538 2834 phetissae
1577 2792 1664 2831 cap.
1694 2778 1801 2817 VssI.
1843 2779 1946 2816 dicta
1974 2786 2083 2825 sunt,
2132 2776 2248 2814 fuisse
2289 2776 2478 2827 signnm,

1361 2835 1464 2887 quod
1494 2832 1710 2885 praecedere
1738 2831 1892 2870 deberet
1911 2831 2204 2869 destructionem
2225 2829 2389 2867 duorum
2407 2827 2479 2865 Re-

1361 2902 1453 2940 gum
1481 2887 1637 2939 Syriae,
1667 2885 1700 2922 ἃ
1730 2885 1917 2923 Samariae
1935 2911 1948 2924 .
1977 2883 2024 2921 Et
2053 2882 2137 2934 jure
2166 2882 2323 2935 quidem
2354 2883 2392 2920 id
2412 2895 2478 2919 ne-

1363 2949 1478 2994 gant5
1508 2939 1603 2978 alias
1633 2938 1831 2991 prophetia
1862 2937 1946 2975 falsi
1976 2937 2295 2983 convinceretur,
2344 2935 2478 2973 saltem

1364 3002 1551 3047 quantum
1580 2992 1628 3030 ad
1657 3001 1834 3043 tempus.
1885 2990 1976 3041 Regi
2006 2991 2110 3027 enim
2140 2991 2236 3027 dixit
2265 2987 2450 3041 Propheta
2469 3019 2480 3037 ,

1364 3048 1599 3086 nasciturum
1630 3058 1675 3083 ex
1707 3045 1866 3096 Virgine
1894 3057 2057 3095 puerum
2076 3073 2086 3090 ,
2124 3057 2188 3081 seu
2218 3041 2480 3088 Emmanuel3

1365 3101 1400 3138 &
1429 3110 1633 3152 antequam
1662 3097 1729 3137 ille
1758 3101 1851 3136 sciat
1871 3097 2078 3150 reprobare
2099 3096 2245 3136 malum
2263 3126 2275 3147 ,
2304 3096 2338 3133 ἃ
2367 3096 2482 3147 elige-

2383 3162 2426 3188 re

1461 3253 1512 3264 ....
1537 3228 1616 3276 ραι
1643 3230 1707 3262 tibi
1733 3231 1898 3272 virginum

1465 3279 1599 3322 Sponsa
1625 3284 1748 3310 necato
1775 3276 1917 3308 barbara
1943 3278 2098 3311 serviet?

1367 3326 1414 3362 Et
1439 3325 1552 3360 multo
1578 3323 1683 3369 plura
1707 3323 1822 3357 afferri
1847 3330 2011 3369 possent.
