2583 3685
246 125 331 153 210

253 188 311 238 jus
340 179 488 232 aliquid
518 178 600 215 Deo
641 174 841 221 exhibuit,
888 186 1005 224 quam
1035 173 1199 223 exigeret
1241 185 1301 208 re-

193 219 222 291 Ξῖ
250 232 503 288 compensatio
532 229 642 266 totius
670 227 821 265 offensae
851 224 1012 263 humani
1032 226 1194 276 generis:
1224 228 1302 273 pri·

189 322 216 342 „
247 302 337 334 mo,
378 293 521 336 ”optet
550 281 850 333 magnitudinem
881 279 1102 326 charitatis,
1151 291 1195 316 ex
1226 291 1303 330 qua

188 374 215 394 „
247 339 485 395 patiebatur:
527 333 728 380 secundo,
758 342 912 384 propter
943 332 1178 384 dignitatem
1207 335 1302 368 vitoe

246 407 356 441 suae,
385 404 503 444 quam
532 402 601 441 pro
627 388 880 425 satisfactione
909 386 1100 439 ponebat,
1143 399 1232 436 quae
1262 399 1296 422 e-

187 479 214 499 „
245 457 302 486 rat
330 451 409 485 cita
440 443 538 490 Dei,
567 443 615 481 (9⁶
645 441 816 478 hominis
846 441 916 478 &c.
947 444 971 461 “
1004 440 1102 486 Quae
1133 439 1302 477 conditio

184 516 312 554 neque
339 498 488 538 homini
506 527 516 544 ,
544 509 668 546 neque
687 494 857 546 Angelo,
887 508 957 532 nec
984 492 1147 531 cuilibet
1174 490 1301 530 excel·

186 555 337 595 leutiori
368 560 549 590 creaturae
579 549 749 600 adaptari
778 557 922 600 potest.

243 609 307 654 45.
337 607 478 644 Dices.
514 602 712 641 Potissima
740 612 866 639 nostra
895 601 1016 646 ratiO,
1047 613 1123 650 qua
1153 607 1301 636 couten-

186 662 340 708 dimus,
384 658 578 696 hominem
609 669 778 707 purum,
824 662 1135 705 quantacumque
1178 652 1304 701 gratia.

188 724 411 753 exornatum
429 742 440 761 ,
468 723 545 748 non
574 723 680 762 posse
707 710 850 758 integre
865 736 876 754 ,
902 706 939 741 ’ἃ
959 705 1125 757 perfecte
1143 703 1226 741 Deo
1246 718 1304 741 sa-

184 769 359 807 tisfacere
377 797 388 814 ,
431 778 476 803 ex
504 775 548 800 eo
576 763 805 808 deducitur,
847 759 949 811 quod
978 767 1120 811 praeter
1150 758 1302 795 restitu-

182 824 328 861 tionem
354 821 410 857 rei
440 817 578 855 ablatae
610 817 725 852 etiam
754 816 972 865 requiratur
1005 810 1167 864 aequalis
1196 823 1301 848 com-

183 875 356 929 pensatio
385 871 538 923 injuriae
570 869 651 907 Deo
679 869 882 919 irrogatae,
928 877 1017 918 quae
1061 866 1109 903 ab
1148 865 1301 902 homine

186 930 274 969 fieri
304 924 457 979 nequit:
499 923 605 976 atqui
634 921 718 960 haec
746 922 844 960 ratio
886 920 980 958 falso
1010 920 1184 957 innititur
1210 931 1301 970 sup-

183 985 330 1036 posito,
379 993 518 1031 nempe
546 976 751 1015 violatione
792 975 933 1013 diviuae
964 973 1075 1024 Legis
1116 972 1302 1023 injuriam

185 1037 267 1076 Deo
296 1034 482 1085 irrogari3
530 1032 598 1082 qui
626 1031 733 1067 enim
761 1028 878 1066 violat
908 1034 1148 1079 praeceptum
1178 1026 1302 1076 Supe-

183 1090 296 1128 rioris
313 1119 324 1137 ,
366 1087 472 1125 illius
498 1084 682 1122 honorem
712 1095 789 1120 non
817 1080 925 1119 laedit
947 1110 958 1130 ,
999 1080 1075 1117 nisi
1104 1077 1302 1118 violationi

185 1144 345 1181 addatur
374 1147 635 1190 contemptun
666 1149 753 1187 ergo
780 1134 854 1174 Sec.

238 1196 304 1242 44.
334 1194 447 1246 Resp.
474 1206 560 1243 neg.
589 1192 712 1235 min-3
754 1191 849 1241 quia
874 1198 967 1227 cum
993 1184 1103 1225 Deus
1143 1183 1302 1223 ultimus

182 1260 308 1291 noster
337 1248 428 1288 finis
457 1247 530 1294 sit,
560 1244 648 1296 jure
675 1245 887 1296 meritoque
918 1242 1060 1292 exigit,
1105 1248 1145 1277 ut
1172 1240 1304 1277 omnia

183 1305 233 1344 ad
265 1306 393 1356 ipsum
423 1300 663 1346 referantur,
692 1295 868 1349 nihilque
890 1297 922 1334 ei
942 1295 1195 1346 praeferatur.
1224 1292 1305 1340 Qui

187 1366 317 1396 autem
341 1357 428 1407 ejus
456 1354 730 1391 sanctissimam
749 1351 889 1402 Legem
916 1348 1063 1396 violat,
1095 1346 1182 1397 plus
1203 1353 1306 1383 amat

183 1420 404 1456 creaturas,
433 1420 551 1454 quam
580 1406 796 1443 Creatorem
814 1433 824 1451 ,
870 1416 1011 1455 easque
1041 1401 1239 1448 Creatori,
1270 1397 1305 1434 &

188 1463 412 1516 Legislatori
442 1455 526 1498 actu
557 1459 738 1512 praefert,
782 1456 885 1509 quod
915 1458 996 1495 sine
1024 1463 1154 1506 aperta
1182 1454 1304 1505 ipsius

182 1518 372 1556 Creatoris
401 1513 546 1565 injuria
574 1512 660 1550 fieri
689 1524 763 1549 nou
793 1519 936 1563 potest.
969 1509 1040 1547 Res
1068 1516 1198 1546 autem
1227 1519 1304 1544 non

184 1573 238 1608 ita
265 1583 303 1609 se
332 1568 446 1609 habet
474 1569 515 1605 in
538 1564 764 1618 Legislatore
792 1573 945 1612 creato,
974 1563 1039 1600 cui
1059 1560 1120 1614 jus
1135 1573 1210 1599 non
1230 1569 1305 1608 est,

186 1633 227 1663 ut
255 1624 385 1662 omnia
413 1622 460 1659 ad
488 1622 615 1672 ipsum
639 1649 649 1668 ,
694 1627 894 1670 'tamquam
924 1617 971 1655 ad
1000 1628 1226 1668 supremum
1257 1612 1302 1651 fi-

184 1692 274 1717 nem
305 1678 542 1722 referantur,
585 1673 618 1711 8<
647 1674 714 1725 qui
744 1681 901 1709 externa
944 1670 1183 1709 subditorum
1213 1667 1304 1705 obe-

186 1732 331 1770 dientia
359 1737 551 1767 contentus
580 1735 653 1775 est,
683 1725 717 1763 8(
743 1726 831 1764 ideo
851 1727 974 1763 omnis
994 1722 1151 1776 quidem
1181 1729 1304 1759 trans·

186 1783 327 1836 gressio
354 1782 448 1831 legis
484 1789 542 1817 ‘est
571 1778 784 1828 injustitia,
833 1779 867 1816 &
896 1778 1182 1825 inobedientia,
1230 1788 1303 1814 uon

184 1846 316 1876 autem
341 1848 435 1871 vera
464 1831 706 1883 Legislatoris
735 1831 906 1881 injuria.

242 1889 309 1934 45.
339 1888 455 1925 Dices
485 1884 678 1923 secundo.
716 1882 929 1920 Satisfactio
957 1896 1031 1920 non
1061 1882 1222 1934 requirit
1252 1894 1304 1919 ae-

185 1941 413 1996 qualitatem
440 1940 536 1975 inter
564 1949 768 1988 personam
796 1935 976 1974 offensam
996 1965 1006 1983 ,
1037 1933 1072 1970 &
1100 1948 1306 1985 personam

189 1994 516 2036 satisfacientem3
559 1989 622 2027 sed
651 1989 775 2026 solum
805 1989 905 2026 inter
934 1990 1057 2040 ipsam
1085 1987 1308 2025 satisfactio·

186 2062 277 2089 nem
296 2078 306 2097 ,
337 2046 371 2082 8t
399 2044 585 2095 injuriam
606 2068 617 2080 .
647 2042 712 2080 Sic
742 2043 808 2093 qui
840 2042 987 2078 furatus
1016 2048 1069 2077 est
1099 2040 1193 2091 Regi
1208 2066 1222 2087 ι,
1252 2041 1308 2077 ei-

187 2103 276 2141 dem
305 2099 420 2153 plane
449 2095 658 2143 satisfacit,
686 2094 916 2131 restituendo
947 2107 1028 2130 rem
1049 2093 1149 2129 furto
1174 2092 1308 2130 subla·

185 2165 265 2195 tam
283 2185 293 2202 ,
322 2153 472 2191 etiamsi
501 2162 665 2203 persona
693 2148 790 2186 furis
808 2177 818 2195 ,
850 2145 884 2181 8<
913 2146 1138 2184 restituentis
1159 2142 1309 2194 aRegis

188 2209 371 2261 dignitate
394 2205 605 2245 admodum
621 2202 758 2240 distet„
791 2201 836 2239 At
852 2213 940 2237 vero
957 2201 1052 2236 inter
1072 2207 1199 2235 actum
1218 2195 1308 2233 cha-

189 2263 310 2302 ritatis
338 2262 559 2306 intensum„
601 2255 634 2293 ἃ
666 2264 793 2294 actum
823 2255 1034 2292 aversionis
1077 2267 1099 2289 a
1128 2251 1210 2288 Deo
1240 2262 1307 2301 per

190 2323 392 2370 peccatum
421 2321 473 2350 est
501 2310 669 2363 perfecta
698 2307 923 2361 aequalitas3
953 2321 1018 2344 seu
1047 2313 1149 2343 tanta
1169 2313 1222 2342 est
1241 2303 1309 2341 bo-

193 2371 291 2409 nitas
320 2370 360 2406 in
389 2366 542 2419 prim0,
572 2371 715 2417 quanta
742 2361 893 2401 malitia
911 2391 922 2410 ,
959 2360 994 2396 &
1020 2359 1240 2398 deformitas
1269 2357 1309 2394 iu

196 2421 384 2463 secundo:
415 2431 503 2471 ergo
531 2418 602 2456 ἃς.

246 2475 313 2522 46.
343 2473 485 2527 Resp.-·‚
531 2472 607 2510 duo
634 2472 674 2509 in
701 2483 793 2509 vera
829 2467 1087 2507 satisfactione
1105 2496 1115 2513 ,
1157 2464 1205 2502 de
1233 2478 1310 2517 qua

194 2531 233 2568 lo
263 2530 392 2567 uimur
409 2558 420 2576 ,
451 2540 527 2565 esse
555 2524 727 2563 distincta
744 2554 754 2572 ,
783 2523 928 2561 scilicet
956 2521 1231 2563 restitutionem
1254 2519 1310 2556 rei

192 2583 242 2622 ab
261 2593 360 2629 atae,
416 2582 451 2618 &
498 2579 847 2631 compensationem
896 2575 1053 2627 injuriae
1102 2575 1276 2624 irrogatae
1300 2598 1309 2609 .

191 2638 390 2684 Quantum
419 2634 466 2672 ad
495 2634 666 2685 primum
684 2661 695 2679 ,
743 2629 916 2669 sufficere
936 2628 1223 2666 ‘restitutionem
1254 2626 1310 2664 rei

195 2690 332 2728 ablatae
351 2719 362 2737 ‚
390 2696 456 2727 aut
486 2685 751 2739 aequivalentis
767 2715 778 2733 ,
807 2699 874 2722 nec
895 2683 1037 2722 attendi
1059 2693 1310 2734 personarum

197 2742 521 2796 inaequalitatem.
569 2740 764 2787 Quantum
802 2750 892 2776 vero
920 2738 968 2775 ad
1010 2735 1198 2787 injuriam
1236 2747 1312 2771 non

196 2798 370 2836 sufficere
397 2794 722 2849 qualemcumque
751 2792 1032 2844 reparationem
1060 2789 1214 2827 honoris
1242 2787 1312 2824 lae-

199 2851 258 2898 si,
286 2851 349 2889 sed
380 2848 524 2902 requiri
548 2847 814 2886 omnimodam
845 2845 1193 2897 compensationem
1211 2868 1221 2878 .
1259 2840 1312 2879 E·

200 2904 396 2954 xemplum
426 2902 599 2956 superius
640 2899 800 2939 allatum
832 2898 970 2951 Regis,
1012 2897 1074 2934 cui
1104 2895 1313 2933 homuncio

203 2955 356 3006 quidam
385 2968 598 3010 purpuram
617 2983 628 3003 ,
675 2963 738 2992 aut
767 2967 947 2992 coronam
976 2949 1172 2997 detrahat,
1215 2947 1313 2986 hanc

202 3009 410 3047 doctrinam
439 3009 601 3048 illustrat
617 3034 628 3045 .
657 3007 767 3046 Addo
784 3038 795 3055 ,
823 3021 894 3045 nec
915 3020 992 3045 esse
1010 3001 1315 3056 inaequalitatem

205 3060 412 3115 perfectam
439 3065 539 3102 inter
566 3070 693 3101 aetum
721 3060 944 3109 charitatis,
972 3058 1013 3094 ἃ
1041 3067 1169 3097 actum
1199 3055 1316 3094 offen-

189 427 216 446 >9

202 3242 294 3288 1]ωᾶ
317 3253 381 3281 ⁶5>
408 3240 466 3273 illi
491 3239 616 3281 debe„
640 3255 660 3275 α
686 3256 746 3287 quo
773 3247 874 3276 totum
901 3240 1030 3274 habes:
1067 3241 1122 3274 illi
1148 3241 1314 3283 precipue

206 3288 379 3328 D⁰W¹in⁰2
404 3289 458 3330 ‘7¹11'
485 3288 523 3318 (7
555 3294 584 3318 ἐ
601 3287 722 3329 fecit,
747 3293 788 3322 (θ’
808 3288 980 3332 benefecit
1005 3287 1130 3320 tibi....
1157 3285 1246 3331 Quis
1260 3297 1316 3317 er-

203 3348 248 3387 go
272 3336 418 3379 amplius
441 3336 599 3379 grunniet
615 3352 627 3374 ²
663 3336 785 3370 dicens
804 3350 815 3368 :
850 3337 987 3371 namium
1009 3334 1224 3373 iubeamus,
1260 3333 1318 3366 ni-

717 97 800 141 DE
831 95 1081 138 INCARN.
1114 95 1283 136 snc'r.
1315 93 1369 135 11.
1417 92 1560 135 mss.
1592 94 1671 136 1v.
1717 94 1846 137 CAP.
1874 93 1933 138 11.

1369 183 1420 206 sae
1450 170 1553 216 Dei,
1580 178 1635 228 ’ut
1661 181 1849 220 quantum
1878 187 1944 224 per
1974 177 2086 213 istum
2114 175 2318 225 surripitur
2336 204 2346 222 ,
2392 181 2476 214 tan-

1369 231 1450 260 tum
1481 235 1548 273 per
1575 221 1691 258 illum
1722 224 1923 262 reddatur.
1952 226 2100 266 Primus
2131 243 2232 266 enini
2257 231 2292 265 in
2325 228 2480 265 {minine

1370 285 1420 312 est
1447 274 1608 331 finitusj
1637 284 1836 325 peccatum
1863 287 1992 316 autem
2020 280 2128 320 babet
2151 284 2356 334 qnamdam
2387 281 2479 334 infi-

1368 332 1501 365 nisam
1528 328 1837 376 detormitatem3
1866 328 1926 366 vel
1954 331 2085 370 saltem
2116 335 2235 372 multo
2264 334 2348 387 plus
2380 339 2480 386 inju-

1370 382 1438 420 riae
1470 383 1656 432 irrogatur
1677 380 1759 418 Deo
1779 395 1846 432 per
1874 392 2072 433 peccatum
2091 414 2103 431 ,
2130 401 2247 437 quam
2278 390 2348 439 ipsi
2379 402 2479 440 prae-

1368 437 1503 474 beatur
1533 433 1683 472 honoris
1711 447 1780 485 per
1812 444 1917 472 actus
1953 435 2173 484 charitatis,
2213 441 2247 477 ἃ
2277 443 2479 493 obsequii.

1369 489 1559 527 Praeterea
1586 501 1719 525 omnes
1748 497 1852 524 actus
1880 491 1996 526 nostri
2017 489 2236 538 charitatis,
2263 495 2415 543 cultus,
2446 494 2480 531 &

1371 543 1549 636 glgssequii
1579 555 1672 593 erga
1701 539 1828 579 Deum
1848 571 1859 590 ,
1900 551 1985 580 sunt
2012 543 2088 595 ipsi
2127 556 2173 580 ex
2202 544 2333 582 multis
2362 546 2482 587 titulis

1452 605 1491 634 ltl
1509 622 1519 633 .

1425 650 1491 700 47.
1522 648 1637 687 Dices
1665 649 1799 686 tertie.
1843 646 1885 687 Si
1914 649 2009 686 ratio
2036 648 2106 687 ista
2133 648 2361 701 disparitatis
2390 652 2484 690 inter

1370 715 1569 753 personam
1599 701 1730 740 laesarn
1748 732 1758 750 ,
1803 700 1837 737 ἃ
1865 715 2064 753 personam
2093 704 2388 742 satisfacientem
2417 718 2485 743 vae·

1371 755 1486 803 leret,
1516 754 1613 794 illud
1630 765 1922 808 consequeretur
1941 757 2044 807 quod
2062 756 2190 795 nullus
2211 759 2381 798 subditus
2398 770 2485 810 pos-

1370 817 1422 846 set
1450 807 1622 862 Principi
1648 821 1717 847 suo
1747 822 1815 860 pro
1843 811 2006 861 irrogata
2035 809 2093 848 illi
2115 809 2255 861 injuria
2285 811 2397 862 plene
2425 826 2484 849 sa·

1370 862 1571 909 tisfacere,
1619 864 1711 913 quia
1739 875 1900 915 persona
1942 864 2177 902 satisfaciens
2213 875 2306 902 esset
2335 877 2485 916 semper

1369 915 1563 953 inferioris
1590 916 1761 964 ordinis,
1790 930 1907 969 quam
1936 919 1981 954 sit
2010 931 2171 970 persona
2198 915 2388 970 Principis
2416 920 2487 956 laes

1371 982 1436 1013 sa3
1466 967 1571 1019 quod
1596 977 1725 1005 tamen
1754 969 1891 1007 falsum
1919 980 1999 1009 est.
2224 986 2227 989 ’

1425 1021 1507 1080 48..
1524 1019 1634 1071 Resp.
1651 1050 1662 1068 ,
1710 1022 1805 1060 inter
1848 1022 2045 1070 hominen
2093 1024 2374 1078 cujuscumque
2410 1026 2483 1063 sint

1368 1075 1596 1114 conditionis
1613 1103 1623 1120 ,
1654 1072 1687 1108 ἃ
1715 1074 1906 1125 dignitatis
1924 1105 1933 1122 ,
1962 1092 2111 1129 semper
2140 1092 2218 1116 esse
2243 1078 2418 1131 aliquam
2441 1078 2488 1116 fi-

1309 1168 1315 1173 ,
1368 1130 1487 1167 uitam
1516 1127 1761 1174 distantiam,
1809 1141 1898 1177 qua:
1928 1129 1987 1166 sin
2016 1133 2144 1168 minus
2184 1131 2235 1168 ab
2262 1132 2488 1170 excellentia

1371 1181 1834 1235 personae.satisfacieutis
1852 1209 1863 1228 ,
1893 1179 2024 1219 saltem
2056 1195 2101 1219 ex
2129 1182 2306 1232 objecto,
2348 1184 2384 1221 8(
2412 1183 2488 1222 cir-

1369 1235 1611 1274 cumstantiis
1655 1235 1775 1285 ipsius
1801 1235 2067 1272 satisfactionis
2109 1235 2306 1287 adaequari
2336 1247 2486 1288 potest;

1373 1299 1413 1327 ut
1443 1290 1480 1326 iu
1512 1289 1663 1341 poenis,
1706 1301 1800 1340 quas
1832 1288 1886 1325 rei
1915 1287 2019 1327 laesae
2051 1287 2258 1340 majestatis
2295 1287 2399 1326 luere
2427 1305 2489 1330 coa-

1373 1351 1540 1395 guntur.
1570 1341 1687 1379 Secus
1715 1351 1840 1379 autem
1872 1354 1930 1379 res
1959 1356 1996 1380 se
2025 1341 2141 1380 habet
2171 1343 2211 1380 in
2224 1339 2370 1379 offensa
2390 1342 2488 1381 Dei.

1430 1396 1495 1448 ἐς).
1527 1396 1642 1433 Dices
1671 1404 1833 1447 quarto.
1881 1395 2002 1433 Potest
2033 1395 2136 1434 Deus
2162 1398 2391 1433 constituere
2419 1395 2492 1434 ali—

1370 1464 1491 1502 quem
1519 1462 1664 1501 purum
1695 1448 1922 1497 hominem,
1963 1450 2034 1502 qui
2063 1462 2132 1501 pro
2158 1449 2336 1487 omuibus
2365 1447 2492 1488 homi-

1373 1504 1488 1542 nibus
1518 1511 1712 1542 mereatur
1740 1505 1925 1554 gratiam:
1975 1512 2093 1555 potest
2131 1515 2223 1554 ergo
2251 1505 2393 1554 pariter
2421 1501 2492 1540 ali-

1373 1571 1489 1610 quem
1506 1556 1703 1595 hominem
1722 1564 1822 1596 tanta
1839 1557 1963 1609 gratia
1973 1570 2111 1596 ornare
2124 1583 2138 1606 -,
2168 1566 2210 1594 ut
2231 1570 2300 1608 pro
2313 1556 2492 1595 omnium

1374 1613 1538 1663 peccatis
1565 1610 1794 1649 satisfaciat.

1428 1665 1492 1702 50.
1524 1663 1638 1717 Resp.
1668 1663 1820 1716 primo,
1868 1661 1955 1702 dato
1982 1672 2104 1703 antec.
2123 1695 2133 1713 ,
2181 1677 2266 1715 neg.
2295 1673 2397 1702 cons.
2415 1693 2426 1712 ,
2455 1663 2488 1701 si

1370 1718 1606 1770 intelligatur
1633 1717 1681 1756 de
1707 1719 1959 1756 satisfactione
1974 1717 2113 1769 plena,
2144 1717 2177 1753 8<
2207 1717 2414 1768 contiigna3
2443 1715 2493 1754 ad

1370 1772 1470 1810 hanc
1501 1771 1603 1809 enim
1624 1773 1920 1809 satisfactionem
1950 1773 2158 1823 requiritur
2179 1769 2338 1822 aequalis
2368 1769 2492 1820 digni·

1372 1835 1428 1864 tas
1457 1838 1629 1878 personae
1650 1825 1913 1863 satisfacientis
1930 1854 1940 1871 ,
1970 1839 2013 1862 ac
2036 1836 2206 1876 persona·
2234 1821 2389 1862 offensae
2408 1829 2491 1870 ‚.ut

1369 1893 1490 1931 supra
1519 1879 1724 1930 probatum
1756 1889 1832 1916 est.
1893 1877 1951 1917 Ad
1994 1877 2220 1916 merendum
2250 1886 2378 1916 autem
2410 1875 2493 1914 haec

1373 1931 1573 1984 aequalitas
1602 1945 1678 1970 uon
1711 1942 1762 1970 est
1791 1932 2028 1980 necessaria,
2074 1943 2114 1970 ut
2143 1941 2244 1984 patet
2278 1931 2319 1968 in
2349 1930 2459 1982 justis
2479 1957 2492 1978 ,

1374 1987 1443 2036 qui
1472 1984 1583 2044 bonis
1613 1986 1688 2023 suis
1716 1986 1898 2037 operibus
1926 1999 2041 2034 vere,
2089 1985 2125 2022 &
2154 1986 2308 2038 proprie
2345 1996 2499 2023 meten-⁷

1376 2047 1436 2075 tur
1466 2046 1585 2075 vitam
1615 2047 1814 2077 aeternam:
1844 2040 1947 2077 unde
1962 2053 2038 2077 non
2067 2048 2119 2078 est
2134 2039 2267 2077 eadem
2296 2038 2392 2076 ratio
2413 2051 2494 2075 me-

1374 2091 1466 2139 riti,
1510 2089 1546 2126 St
1574 2090 1866 2129 satisfactionis.
1925 2092 2102 2130 Secundo
2133 2091 2228 2130 falsa
2255 2094 2413 2130 mnnino
2439 2097 2494 2129 est

1375 2145 1504 2193 prima
1530 2145 1767 2194 propositio,
1801 2145 1836 2181 ‘si
1867 2143 2102 2195 intelligatur
2130 2145 2176 2181 de
2206 2158 2296 2181 vero
2324 2144 2460 2182 merito
2479 2170 2495 2191 ,

1379 2207 1444 2231 seu
1473 2192 1523 2231 de
1549 2192 1777 2244 condigno.
1823 2195 1876 2232 Ut
1904 2199 2007 2233 enim
2049 2197 2156 2234 docet
2185 2196 2225 2234 S.
2255 2195 2426 2234 Thomas
2460 2207 2496 2233 ι.

1379 2259 1417 2285 2.
1448 2255 1584 2298 quaest.
1613 2247 1701 2291 114.
1728 2254 1801 2284 art.
1822 2246 1889 2293 6.,
1937 2247 2088 2284 Merito
2129 2246 2323 2299 condigne
2364 2248 2495 2285 nullus

1376 2309 1501 2351 potest
1531 2303 1677 2338 mereri
1706 2300 1822 2337 alteri
1850 2303 2025 2351 primam
2049 2304 2229 2352 gratiam
2247 2330 2257 2345 ,
2287 2302 2365 2337 nisi
2392 2300 2497 2338 solus

1383 2353 1558 2392 Christus
1578 2369 1594 2399 ‚·
1641 2357 1736 2404 quia
1764 2357 2028 2405 unusquisque
2055 2363 2236 2391 nostrum
2265 2362 2438 2391 moretur
2467 2363 2496 2390 a

1379 2407 1468 2446 Deo
1498 2419 1566 2459 per
1596 2405 1744 2445 donum
1773 2411 1946 2460 gratioe,
1995 2415 2035 2444 ut
2065 2411 2146 2459 ipse
2175 2406 2230 2445 ad
2257 2411 2381 2445 vitam
2407 2418 2499 2456 per-

1378 2465 1581 2500 t‘eni‹zt....
1611 2459 1690 2499 Sed
1719 2465 1864 2499 anima
1883 2459 2023 2499 Christi
2053 2470 2165 2499 mota
2193 2469 2251 2498 est
2280 2475 2307 2500 a
2324 2460 2412 2499 Deo
2426 2470 2501 2510 per·

1378 2519 1588 2569 gratiam,
1635 2528 1717 2553 non
1746 2515 1872 2553 solum
1903 2525 1941 2552 ut
1973 2520 2054 2566 ipse
2082 2519 2298 2566 perveniret
2328 2513 2383 2552 ad
2410 2514 2493 2566 glo-

1379 2575 1486 2609 riam
1516 2573 1605 2607 ritae
1634 2578 1827 2616 oeternae,
1868 2568 1938 2607 sed
1966 2573 2092 2607 etiam
2120 2578 2161 2606 ur
2189 2569 2290 2607 alios
2319 2567 2374 2606 ad
2401 2577 2496 2606 eam

1381 2623 1626 2670 adduceret,
1656 2627 1893 2673 inquantum
1924 2632 1982 2661 est
2011 2633 2131 2673 caput
2160 2621 2383 2660 Ecclesioe.
2421 2621 2497 2658 lm-

1379 2691 1443 2716 mo
1472 2690 1542 2716 nec
1583 2677 1657 2715 sibi
1687 2677 1758 2728 ipsi
1790 2686 1907 2728 potest
1936 2679 2127 2730 quispiam
2156 2680 2318 2729 gratiam
2355 2672 2493 2725 justifi-

1380 2733 1538 2770 cationis
1567 2729 1615 2768 ‹le
1645 2729 1840 2782 condigno
1869 2733 2034 2777 mereri3
2078 2730 2155 2768 tale
2180 2731 2287 2769 ‘enim
2316 2726 2498 2766 meritum

1380 2786 1530 2825 nonnisi
1551 2785 1591 2822 in
1621 2797 1665 2821 eo
1694 2798 1771 2821 esse
1800 2793 1945 2836 potest,
1975 2786 2042 2837 qui
2071 2786 2193 2837 gratia
2221 2778 2412 2821 habituali
2439 2780 2498 2816 in-

1379 2847 1542 2879 structus
1559 2867 1570 2886 ,
1600 2837 1633 2873 ἃ
1662 2837 1916 2876 sanctificatus
1946 2848 2022 2886 est,
2052 2850 2139 2888 quae
2156 2836 2233 2874 sola
2249 2844 2300 2872 est
2320 2835 2401 2871 fons
2422 2861 2432 2880 ,
2462 2831 2496 2868 ἃ

1381 2893 1491 2931 radix
1520 2892 1601 2929 veri
1630 2892 1756 2928 meriti
1775 2917 1784 2929 .
1844 2893 1901 2930 Ad
1931 2903 2125 2930 summum
2156 2890 2271 2940 igitur
2302 2895 2421 2939 posset
2449 2897 2496 2922 ex

1381 2945 1539 2999 speciali
1567 2943 1771 2996 privilegio
1800 2944 1940 2997 aliquis
1969 2943 2107 2980 mereri
2129 2942 2305 2979 omnibus
2334 2939 2502 2976 homini-

1382 3001 1453 3039 bus
1482 2999 1642 3050 gratiam
1660 3028 1670 3047 ,
1701 2998 1917 3036 exhibendo
1946 2996 2027 3034 Deo
2056 3010 2139 3033 eam
2170 2995 2464 3033 satisfactionem
2485 3018 2498 3040 ,

1380 3067 1471 3107 quae
1501 3059 1657 3092 vocatur
1698 3052 1746 3090 ab
1777 3050 1960 3103 Angelico
1988 3048 2188 3098 sufficiens
2231 3045 2464 3099 imperfecte
2482 3071 2495 3093 ,

2374 3112 2449 3138 scz-

1378 3238 1480 3268 'mium
1501 3233 1719 3281 jejunamus,
1744 3234 1895 3265 'nimium
1921 3232 2123 3276 vigilamus,·
2165 3244 2238 3265 cum
2267 3241 2328 3263 nec
2352 3226 2499 3261 millesi-

1381 3295 1437 3315 ma
1455 3303 1466 3322 ‚
1503 3286 1599 3314 immo
1625 3291 1686 3313 nec
1712 3282 1853 3313 minimae
1887 3282 1981 3324 parti
2004 3280 2195 3315 debitorum
2234 3288 2365 3311 suorum
2389 3274 2499 3308 valeat

1382 3329 1588 3374 respondere
1606 3335 1622 3361 3
2309 3343 2312 3346 ’
