2583 3685
790 25 870 71 DE
905 21 1332 71 NECESSITATE
1367 19 1617 66 INCARN.

55 146 83 168 .,
113 129 157 155 ex
185 127 256 163 eo,
293 109 395 166 quod
424 114 556 147 contra
584 107 710 159 ipsum
739 109 1020 156 committitur,
1066 105 1168 146 nulli

55 158 82 221 ζ,
113 170 204 209 facit
232 165 447 218 injuriam3
478 163 577 200 sicut
603 162 841 214 quicumque
869 159 984 198 homo
1013 161 1170 198 remittit

73 254 84 273 ‚
110 221 291 261 ostensam
322 218 361 255 in
390 229 430 254 se
456 216 699 253 commissam
721 213 866 266 absque
892 215 1169 260 satisfactione,

56 254 84 326 ζ,
112 269 407 313 misericorditer
426 298 438 317 ,
467 267 501 304 8(
529 281 603 306 nou
623 267 763 319 injuste
791 270 888 319 agit.
918 266 965 305 Et
995 266 1077 304 ideo
1093 263 1171 303 Da-

56 358 84 378 „
104 325 176 366 -vid
204 321 508 362 misericordiam
529 331 656 374 petens
675 321 824 359 dicebat
846 319 931 371 (Pa.
954 319 1000 357 L.
1015 319 1055 357 6.
1073 318 1088 366 )
1108 315 1171 354 Τι’-

55 408 84 429 „
113 376 149 416 bi
176 376 248 415 soli·
276 380 466 426 peccavi,
494 377 603 428 quasi
631 374 759 412 dicat:
794 373 923 411 ‚Potes
949 376 1038 409 aine
1067 371 1170 422 inju-

51 461 82 482 „
109 433 218 469 stitia
247 427 342 466 mihi
371 428 594 466 dimittere.
614 430 641 448 “

112 483 174 523 18.
202 482 318 522 Dices
345 481 538 520 secunde.
569 480 673 519 Deus
701 492 775 518 non
806 484 923 531 potest
950 490 1026 514 non
1051 476 1172 513 odisse

54 546 285 590 peccatum5
312 548 404 588 ergo
427 536 546 573 etiam
566 546 639 572 non
667 541 783 586 potest
804 530 901 570 illud
931 531 1170 582 impunitum

52 591 244 630 dimittere
273 590 360 641 (τι).

115 657 177 698 19.
207 641 420 694 Respond„
463 640 591 679 Deum
620 638 708 677 odio
734 636 888 676 infinito
914 643 1017 674 certe
1045 648 1170 688 prose-

53 698 120 750 qui
153 703 381 750 peccatum,
409 703 538 747 utpote
566 692 666 746 quod
695 690 855 729 infinitae
884 689 967 740 ejus
995 691 1169 728 sanctita-

49 753 77 788 ti
108 751 343 803 opponitur3
372 761 480 801 posse
506 757 635 785 tamen
665 743 762 782 illud
792 743 1041 781 condonando
1068 743 1170 779 dele-

50 815 120 852 re,
169 813 208 842 ut
235 801 390 842 nullum
418 800 578 855 proinde
604 797 768 849 supersit
809 796 949 835 infiniti
981 795 1063 849 ejus
1089 797 1169 835 odii

48 856 247 908 objectum
263 881 276 894 .
885 902 892 907 ·

106 923 173 949 2ο.
204 910 318 949 Dices
344 906 480 946 tertio.
510 902 614 945 Deus
642 915 715 942 non
737 911 854 956 potest
882 903 992 955 justis
1010 915 1087 942 non
1107 914 1166 941 re-

52 964 220 1015 pendere
261 961 488 1014 proemium:
533 971 623 1010 ergo
652 971 722 995 nec
743 965 868 1045 {otest
904 957 1168 1010 peccatoribus

46 1028 124 1055 nou
153 1015 325 1066 infligere
353 1025 514 1065 poenas,
543 1012 714 1063 adeoque
779 1023 813 1048 c.

64 1085 68 1090 ·
101 1081 166 1108 21.
198 1066 309 1121 Resp.
339 1080 422 1119 neg.
452 1079 581 1111 cons.;
609 1063 706 1103 Justi
736 1064 838 1101 enim
866 1062 928 1115 jus
956 1060 1096 1102 habent
1115 1061 1164 1101 ad

44 1121 284 1174 ‘pt-amium,
312 1121 413 1172 quod
444 1119 546 1156 Deus
575 1129 646 1170 pro
672 1131 740 1155 sua
758 1116 902 1168 justitia
931 1118 976 1155 iis
1006 1117 1163 1155 reddere

43 1174 179 1213 debet:
209 1172 307 1212 unde
336 1173 377 1211 S.
405 1170 547 1209 Paulus
574 1170 724 1210 dicebat
754 1183 792 1208 2.
821 1169 870 1208 ad
899 1168 1006 1208 Tim.
1023 1169 1091 1208 IV.
1120 1169 1160 1208 8.

45 1230 249 1281 repositam
279 1225 352 1264 sibi
380 1238 460 1264 esse
487 1235 682 1263 coronam
704 1226 894 1277 justicioe,
939 1236 1058 1276 quam
1087 1223 1162 1262 sibi

45 1281 261 1318 redditurus
289 1288 367 1316 erat
388 1280 521 1332 justus
542 1276 699 1331 judex.
728 1275 932 1316 Poenarum
961 1286 1087 1315 autem
1106 1277 1164 1314 in-

49 1332 171 1371 flictio
198 1332 337 1385 pendet
365 1333 522 1384 quidem
552 1345 575 1369 a
604 1330 776 1382 justitia,
816 1343 1018 1384 quousque
1048 1330 1164 1382 culpa

46 1386 194 1424 existit.
224 1386 298 1424 Sed
328 1384 432 1424 Deus
459 1398 530 1439 pro
556 1398 625 1422 sua
654 1384 916 1423 misericordia
945 1393 1061 1435 potest
1082 1381 1163 1422 cul-

46 1448 138 1491 pam
165 1440 384 1488 remittere,
415 1447 456 1477 ut
483 1437 611 1478 nullus
639 1439 686 1477 sit
704 1436 873 1490 amplius
899 1437 1057 1489 justitiae
1087 1450 1161 1491 pu-

41 1494 177 1531 nitivae
206 1490 339 1530 locus.

64 1562 66 1565 ·
101 1558 168 1584 22.
195 1544 290 1597 Obj.
318 1552 451 1584 cotnra
477 1542 681 1584 secundam
711 1542 1162 1597 Propo⁹.convententts-

43 1599 188 1638 siinum
217 1598 417 1638 videbatur
438 1629 450 1648 ,
480 1606 519 1636 ut
545 1598 723 1637 diabolus
744 1628 754 1646 ,
784 1599 852 1650 qui
882 1598 1069 1637 violenter
1088 1629 1098 1646 ‚
1128 1596 1164 1634 8(

45 1651 188 1703 injuste
215 1649 389 1690 immines
416 1652 587 1704 captivos
605 1652 824 1700 detinebat,
856 1665 923 1703 per
952 1650 1070 1689 solam
1090 1651 1164 1689 Dei

46 1704 256 1757 potentiam
283 1705 524 1753 vinceretur,
560 1717 637 1743 non
666 1713 794 1742 autem
823 1718 893 1756 per
919 1704 1061 1742 Christi
1091 1703 1162 1742 hu-

46 1757 269 1796 manitatem
291 1787 303 1806 ,
331 1758 542 1810 passionem
572 1757 606 1794 8(
636 1767 793 1796 mortem
812 1782 823 1795 .

104 1809 170 1849 23.
202 1809 411 1862 Respondet
439 1810 601 1850 Sanctus
631 1811 800 1849 Thomas
840 1823 908 1863 qu.
937 1808 1003 1857 46.
1031 1820 1104 1849 art.
1125 1810 1164 1849 3.

46 1862 96 1902 ad
117 1862 155 1902 3.
176 1893 202 1913 ,‚
222 1863 324 1918 quod
354 1864 443 1904 lieet
468 1863 647 1903 diabolus
675 1863 814 1916 injuste
841 1865 1020 1902 invaserit
1040 1863 1164 1901 homi-

48 1945 78 1966 „
107 1931 195 1956 uem
215 1947 227 1966 ,
256 1925 383 1957 tamen
412 1917 528 1956 homo
545 1926 701 1970 propter
729 1926 929 1969 peccatum
957 1916 1056 1966 J'uste
1082 1923 1164 1953 erat

50 1999 77 2019 ,‚
106 1970 180 2009 sub
208 1972 388 2010 servitute
414 1970 558 2010 diaboli
587 1970 788 2008 derelictus
816 1983 838 2006 a
867 1967 970 2007 Deo.
1001 1968 1049 2006 Et
1079 1968 1165 2007 ideo

48 2051 78 2072 „
106 2026 339 2063 conveniens
365 2025 465 2072 fuit,
507 2031 547 2061 ut
576 2036 645 2074 per
680 2023 866 2074 justitiam
896 2020 1010 2059 homo
1038 2037 1061 2060 a
1088 2035 1165 2059 ser-

49 2104 78 2125 „
107 2077 227 2115 vitute
251 2076 397 2115 diaboli
426 2075 682 2125 liberaretur,
723 2075 876 2114 Christo
914 2075 1165 2119 satisfaciente

51 2157 80 2178 „
109 2141 180 2181 pro
207 2130 290 2182 ipso
317 2143 386 2182 per
413 2143 524 2168 suam
553 2130 767 2179 passionem
787 2152 797 2163 .
827 2127 918 2162 Fuit
947 2128 1063 2162 etiam
1095 2124 1166 2163 hoe

47 2209 76 2230 „
103 2184 331 2221 conveniens
372 2182 420 2218 ad
461 2180 687 2219 vincendam
728 2176 950 2228 superbiam
994 2175 1166 2226 diaboli,

49 2262 77 2283 „
106 2234 174 2284 qui
203 2243 255 2272 est
281 2233 449 2271 desertor
476 2231 632 2282 justitiae
652 2260 664 2278 ,
713 2229 746 2265 8(
774 2238 919 2267 amator
960 2230 1136 2282 potentiae
1155 2260 1165 2278 ‚

51 2315 78 2335 „
110 2294 150 2323 ut
177 2285 346 2324 Christus
374 2283 574 2324 diabolum
602 2285 798 2330 vinceret,
828 2282 862 2318 ἃ
892 2281 1088 2320 hominem
1117 2282 1166 2320 li-

53 2367 82 2388 „
110 2337 288 2388 beraret,
317 2351 392 2378 non
420 2350 489 2389 per
516 2336 636 2375 solam
667 2337 870 2389 potentiam
886 2334 1046 2374 Deitatis
1063 2366 1072 2383 ‚
1103 2335 1166 2375 sed

51 2421 80 2442 „
109 2393 222 2432 etiam
251 2405 320 2445 per
347 2391 532 2444 justitiam
550 2421 560 2437 ,
597 2389 632 2426 8(
660 2389 919 2427 humilitatem
950 2391 1132 2442 passionis
1151 2419 1163 2437 ‚

53 2474 81 2495 „
109 2453 152 2483 nt
180 2445 411 2498 Augustinus
439 2444 531 2483 dicit
550 2443 657 2482 Xlll.
686 2441 736 2482 de
759 2439 954 2480 Trinitate
982 2456 1068 2495 cap.
1103 2443 1166 2482 13.

110 2497 146 2536 ἃ
173 2513 191 2538 ⁸
244 2500 301 2538 .ςῦ

52 2527 81 2549 ”
108 2551 173 2597 24.
193 2512 317 2592 elaices
331 2553 459 2605 primo
473 2577 483 2590 .
505 2550 773 2603 Quaecumque
794 2549 936 2588 utilitas
956 2548 1062 2588 nobis
1082 2559 1171 2601 pro-

51 2605 160 2644 venit
188 2618 236 2645 ex
262 2605 402 2645 Christi
432 2607 605 2658 passione
622 2635 634 2654 ,
674 2612 820 2658 poterat
848 2604 963 2641 etiam
992 2605 1072 2641 siue
1101 2600 1170 2640 illa

50 2670 123 2712 per
150 2658 320 2699 divinam
349 2659 559 2699 bonitatem
576 2690 586 2707 ‚
627 2658 661 2696 8(
689 2659 1003 2710 omnipotentiam
1030 2669 1169 2708 prove-

54 2714 164 2751 nire:
193 2712 301 2753 nulla
329 2726 418 2767 ergo
445 2722 526 2753 erat
550 2713 694 2752 'Christi
723 2712 910 2764 passionis
935 2712 1134 2749 necessitas
1155 2738 1167 2759 ,

51 2763 118 2803 vel
147 2765 290 2807 utilitas
306 2793 317 2806 ·

114 2818 178 2856 25.
206 2817 398 2873 Respond.
439 2834 529 2860 cum
558 2819 699 2860 Sancto
738 2816 889 2857 'Thoma
918 2815 988 2856 lV.
1035 2815 1170 2855 Contr-

60 2867 182 2910 Gent.
211 2883 297 2925 cap.
314 2873 379 2913 55.
399 2903 427 2923 ,,
447 2875 553 2915 Licet
581 2875 629 2913 ad
657 2874 787 2912 omnia
817 2872 993 2912 facienda
1014 2870 1085 2909 Dei
1104 2884 1169 2908 vo-

59 2951 89 2973 „
117 2923 241 2964 tuntas
267 2926 459 2976 sufficiat,
501 2920 629 2967 tarrien
659 2927 791 2965 divina
818 2926 1003 2979 sapientia
1033 2926 1169 2975 exigit,

56 3004 89 3027 ‚,
116 2986 158 3018 ut
186 2976 299 3019 rebus
324 2978 707 3035 singulissecundum
734 2992 869 3021 earum
883 2980 1169 3033 congruentiam

112 3163 165 3199 ’(ιι)
192 3157 266 3194 Hoc
285 3169 491 3206 argumento
512 3160 628 3196 utitur
639 3160 851 3198 'rom-nettns
866 3184 876 3204 ,
901 3170 940 3197 ut.
953 3161 1074 3207 probet
1092 3169 1174 3194 con·-

61 3212 117 3240 tra
143 3207 371 3248 Soeffiianos,
408 3220 474 3242 non
500 3209 654 3253 potuisse
679 3209 790 3244 Deum
827 3212 872 3244 de
896 3218 1050 3254 potentia
1076 3209 1173 3240 ordi-

61 3256 167 3287 naria
187 3255 372 3289 remittere
396 3254 579 3289 hominum
603 3262 746 3300 peccata
776 3257 848 3290 sine
875 3257 1044 3300 condigna
1067 3253 1174 3288 Chri-

2209 35 2295 76 ⁹07

1238 133 1265 152 ‚,
1290 105 1534 155 provideatur
1565 117 1584 139 a
1616 100 1697 138 Deo
1797 99 1907 140 Unde
1937 101 2024 139 licet
2054 96 2157 140 Deos
2185 96 2267 139 sola
2286 114 2350 140 vo·

1239 186 1264 205 „
1295 157 1435 194 luntate
1464 154 1617 194 efficere
1632 157 1793 206 potuerit
1810 157 1849 194 in
1867 155 2036 193 humano
2061 167 2200 206 genere
2223 168 2353 194 omnes

1238 238 1264 257 „
1293 210 1475 248 utilitates
1490 239 1500 257 ‚
1531 222 1626 259 quas
1646 221 1690 244 ex
1708 209 1779 246 Dei
1802 210 2061 246 incarnatione
2080 209 2248 247 dicimus
2266 222 2353 263 pro-

1240 291 1266 310 „
1296 264 1470 309 venisse,
1498 262 1869 312 tainencongruebat
1898 261 2078 300 human&
2105 271 2253 300 natura
2272 292 2282 310 ,
2314 272 2354 301 ut

1241 343 1267 362 „
1296 314 1516 364 hujusmodi
1547 314 1726 351 utilitates
1755 315 2024 354 inducerentur
2053 328 2120 368 per
2134 315 2263 354 Deum
2285 315 2353 355 ho-

1242 395 1269 415 ,‚
1299 369 1445 405 minem
1473 367 1618 404 ‘factum
1635 392 1646 402 .
1668 370 1694 387 ‘⁶

1295 418 1360 458 26.
1390 419 1505 457 Dices
1533 419 1722 457 secundo.
1767 420 1823 457 Ex
1853 422 2022 460 doctrina
2051 422 2351 471 incarnationis,

1240 472 1273 509 8(
1303 475 1487 524 passionis
1519 471 1735 510 Dominicae
1772 473 1890 510 inulta
1932 477 2055 525 potins
2097 475 2348 522 detrimenta,

1239 540 1357 578 qnam
1396 526 1598 574 utilitates,
1642 524 1867 564 hominibus
1905 538 2191 578 provenerunt.
2235 527 2354 566 Multi

1238 582 1344 618 enim
1372 592 1517 617 errores
1547 580 1632 616 inde
1671 579 1745 616 nati
1774 589 1885 628 sunt,
1928 580 1961 615 8(
1991 581 2187 619 obstinatae
2231 580 2352 619 haere·

1239 646 1321 680 ses,
1351 646 1438 684 quae
1469 643 1672 685 utramque
1694 632 2003 683 rempublicam,
2029 635 2349 685 ecclesiasticam,

1238 686 1272 722 8(
1291 687 1448 724 civilem
1466 714 1476 732 ,
1506 689 1765 737 maximopere
1788 686 2082 737 perturbarunt,
2112 701 2203 726 cum
2227 690 2353 727 incre·

1236 738 1349 777 <libili
1381 739 1582 778 hominum
1611 739 1781 776 damno:
1812 753 1901 791 ergo

1294 807 1358 843 27.
1391 792 1549 845 Reponit
1583 789 1785 842 Angelicns
1822 792 1902 830 loco
1944 793 2075 844 laud„
2119 794 2240 832 multo
2267 794 2356 846 plu—

1237 858 1294 883 res
1320 858 1466 884 errores
1496 859 1563 898 per
1590 844 1732 883 Christi
1762 845 1969 883 doctrinam
1993 876 2002 894 ,
2046 848 2262 899 passionem
2279 877 2290 895 ,
2319 847 2354 883 8(

1234 907 1395 936 mortem
1428 900 1543 938 fuisse
1571 898 1739 936 sublatos
1757 924 1766 934 .
1790 927 1814 946 „
1835 899 1941 936 Sicut
1970 910 2097 938 autem
2119 913 2164 938 ex
2193 901 2354 939 oreatio-

1234 980 1260 1002 „
1291 966 1336 990 ne
1380 965 1508 990 rerum
1537 967 1559 990 a
1589 953 1721 989 diviua
1750 951 1914 989 bonitate
1956 955 2183 1005 procedente
2224 953 2358 1007 aliqun

1234 1035 1262 1055 „
1293 1005 1395 1044 mala
1424 1016 1508 1045 sunt
1537 1015 1735 1044 consecuta
1754 1035 1764 1053 ‚
1794 1006 1894 1057 quod
1909 1009 2148 1058 competebat
2167 1008 2356 1052 conditio-

1232 1089 1259 1108 „
1290 1060 1330 1097 ni
1359 1070 1620 1098 creaturarum
1644 1088 1654 1106 ‚
1699 1071 1786 1110 quae
1817 1059 1979 1097 deficere
2009 1071 2187 1112 possunt,
2233 1063 2284 1100 ita
2312 1075 2354 1099 e-

1231 1142 1258 1162 „
1288 1115 1380 1151 tiam
1410 1127 1482 1152 non
1511 1122 1565 1150 est
1594 1114 1766 1160 mirum,
1797 1114 1827 1149 si
1858 1114 2099 1152 manifestata
2127 1114 2259 1152 divina
2289 1128 2354 1154 ve-

1233 1196 1258 1215 „
1289 1169 1397 1205 ritate
1425 1175 1510 1205 sunt
1538 1165 1660 1216 aliqui
1691 1177 1834 1202 errores
1863 1168 1981 1203 exorti
2008 1180 2053 1204 ex
2077 1168 2228 1205 defectu
2246 1180 2354 1206 men-

1231 1248 1259 1268 „
1287 1221 1384 1258 tium
1415 1219 1672 1258 humanarum
1696 1232 1707 1263 ;
1750 1220 1818 1270 qui
1847 1228 1973 1256 tamen
2002 1232 2146 1257 errores
2175 1233 2355 1259 exercue-

1233 1302 1259 1321 „
1290 1282 1379 1312 runt
1407 1273 1586 1312 fidelium
1609 1273 1788 1323 ingenia,
1821 1273 1867 1310 ad
1900 1271 2119 1323 diligentius
2136 1273 2357 1312 divinorum

1232 1354 1258 1375 „
1288 1328 1489 1366 veritatem
1516 1326 1792 1378 ‘exquirendam
1812 1353 1823 1374 ,
1851 1325 1887 1361 &
1918 1325 2231 1377 intelligendam:
2258 1330 2359 1366 sicut

1231 1409 1258 1428 „
1288 1378 1323 1421 8(
1354 1377 1456 1418 inala
1477 1410 1488 1430 ,
1531 1390 1620 1431 quae
1653 1381 1692 1417 iu
1730 1381 1914 1417 creaturis
1955 1381 2165 1429 accidunt,
2206 1381 2357 1419 ordinat

1231 1463 1257 1482 „
1288 1434 1392 1471 Deus
1423 1435 1470 1472 ad
1499 1433 1653 1485 aliquod
1684 1433 1829 1470 bonum
1848 1457 1859 1470 .
1880 1436 1907 1454 “

1291 1486 1354 1524 28.
1384 1486 1501 1526 Dices
1533 1489 1673 1524 tertio·
1716 1486 1757 1524 Si
1789 1494 1940 1538 propter
1980 1495 2146 1525 nostram
2190 1486 2354 1526 salutem

1230 1539 1336 1578 Deus
1363 1551 1499 1590 natus,
1544 1553 1701 1593 passus,
1744 1537 1778 1575 8(
1810 1546 1981 1578 moi-'tuus
2011 1550 2131 1587 esset,
2160 1542 2358 1579 videretur

1233 1596 1484 1643 couveniens,
1506 1603 1545 1632 ut
1560 1605 1690 1631 omnes
1709 1592 1948 1631 salvarentur
1966 1608 1975 1638 ;
2005 1607 2094 1631 cuin
2111 1602 2238 1631 tamen
2262 1607 2356 1631 non·

1233 1649 1304 1686 nisi
1334 1649 1381 1686 ad
1412 1649 1661 1701 paucissimos
1691 1645 1960 1697 redemptionis
1977 1646 2117 1683 utilitas
2138 1646 2358 1683 derivetur.

1290 1715 1353 1754 29.
1382 1701 1498 1753 Resp.
1528 1699 1828 1745 lucaruatiouis‚
1866 1695 1911 1732 8(
1930 1699 2110 1747 pass-ionis
2138 1696 2358 1736 Dominicae

1232 1756 1413 1793 virtutem
1459 1755 1578 1792 fuisse
1618 1750 1870 1788 sufficientem
1900 1750 1947 1786 ad
1975 1747 2138 1788 salutem
2181 1754 2358 1790 omnium

1234 1808 1459 1846 hominum:
1501 1801 1602 1857 quod
1632 1811 1758 1840 autem
1790 1815 1860 1840 non
1887 1813 2021 1840 omnes
2050 1800 2272 1853 salventur,
2310 1817 2358 1842 ex

1231 1859 1432 1898 hominum
1463 1858 1708 1911 perversitate
1735 1857 1859 1903 oriri,
1907 1858 1972 1908 qui
2007 1855 2121 1907 hujus
2159 1866 2235 1894 tam
2268 1859 2357 1895 insi·

1229 1913 1313 1965 gnis
1343 1910 1522 1950 beneficii
1551 1911 1720 1948 'fructum
1752 1910 1792 1947 iu
1820 1923 1858 1946 se
1885 1910 2080 1960 suscipere
2106 1910 2267 1957 nolunt,
2300 1913 2357 1948 in-

1230 1974 1388 2004 carnato
1416 1962 1498 2002 Deo
1537 1976 1605 2014 per
1645 1961 1762 2000 fidem
1785 1991 1795 2009 ‚
1839 1961 1872 1996 8(
1901 1972 2074 2000 amorem
2116 1976 2188 2002 non
2232 1964 2357 2002 inhae-

1231 2028 1385 2056 rentes.
1415 2016 1526 2064 Quod
1556 2024 1684 2053 autem
1703 2014 1805 2052 Deus
1834 2012 1934 2052 hanc
1964 2014 2167 2055 homiuum
2198 2031 2355 2069 perver-

1230 2073 1378 2108 sitatem
1408 2069 1629 2121 permittat,
1667 2080 1786 2119 quam
1816 2077 1917 2105 certe
1945 2069 1978 2105 si
2006 2068 2151 2118 vellet,
2181 2070 2288 2109 salva
2317 2086 2356 2108 e-

1232 2124 1328 2160 tiam
1358 2122 1514 2159 illorum
1542 2119 1716 2158 libertate
1734 2150 1744 2168 ,
1775 2121 1963 2173 impedire
1993 2132 2112 2173 posset
2135 2154 2145 2171 ,
2175 2125 2212 2161 id
2236 2127 2353 2176 perti-

1232 2184 1296 2212 net
1324 2175 1371 2213 ad
1401 2173 1666 2213 inscrutabilia
1693 2173 1778 2226 ‘ejus
1807 2174 1981 2225 judicia.
2015 2178 2156 2214 interea
2186 2190 2262 2216 nou
2296 2181 2362 2217 iu·

1236 2228 1337 2266 utilis
1382 2229 1455 2266 fuit
1498 2226 1583 2266 haec
1625 2227 1758 2265 divina
1801 2222 2010 2267 ineffabilis
2054 2231 2352 2281 misericordia,

1231 2294 1322 2334 quae
1355 2283 1392 2320 in
1420 2279 1555 2319 multis
1586 2280 1852 2333 plenissimum
1883 2282 2050 2320 fructum
2090 2293 2285 2336 reportat,
2314 2287 2354 2324 in

1237 2336 1323 2373 aliis
1352 2344 1481 2373 autem
1513 2333 1703 2373 infinitam
1735 2333 1808 2373 Dei
1837 2334 2024 2385 justitiam
2055 2338 2301 2377 manifestat.

1290 2387 1354 2427 50.
1386 2387 1500 2427 Dices
1529 2398 1691 2442 quarto.
1722 2385 1877 2438 Passio,
1906 2388 1941 2425 8(
1972 2403 2071 2429 mors
2096 2391 2238 2429 Christi
2270 2404 2357 2429 exe·

1231 2443 1303 2493 qui
1332 2454 1406 2479 non
1447 2451 1593 2493 poterat
1623 2443 1704 2480 sine
1743 2451 1887 2494 magno
1913 2442 2137 2481 Judaeornin
2186 2444 2327 2483 scelere
2346 2457 2358 2481 ε

1237 2508 1312 2533 non
1340 2506 1429 2546 ergo
1457 2495 1614 2532 decebat
1641 2495 1817 2532 divinam
1847 2495 2052 2532 bonitatem
2085 2496 2153 2534 hoc
2181 2499 2354 2535 inedium

1238 2549 1284 2585 ad
1316 2547 1534 2585 liberandos
1563 2547 1738 2585 homines
1765 2561 1787 2584 a
1813 2556 1970 2599 peccato
1996 2548 2177 2601 seligeie.
2223 2550 2293 2587 Vel
2325 2551 2360 2588 si

1236 2600 1513 2639 nonobstante
1550 2601 1862 2652 crucifigentium
1906 2612 2063 2654 peccato
2103 2603 2258 2641 decebat
2287 2615 2359 2655 pee

1235 2653 1375 2692 Christi
1405 2663 1564 2692 mortem
1594 2652 1712 2692 deleri
1743 2663 1895 2705 peccata
1919 2685 1929 2701 ,
1960 2669 2046 2692 cum
2080 2655 2250 2695 homines
2280 2659 2355 2695 fre-

1236 2717 1398 2760 quenter
1431 2715 1610 2760 peccent,
1640 2706 2013 2746 debuissetChristus
2041 2711 2155 2747 etiam
2178 2711 2353 2763 frequen-

1237 2771 1293 2799 ter
1321 2774 1418 2799 mort
1442 2786 1452 2798 .

1294 2814 1359 2853 51.
1391 2813 1604 2866 Respondet
1647 2813 1851 2866 Angelicns
1885 2844 1910 2862 ,‚
1940 2815 2041 2866 quod
2088 2829 2187 2854 mors
2214 2817 2355 2856 Christi

1240 2898 1266 2916 ‚,
1295 2870 1474 2906 virtutem
1492 2868 1743 2906 satisfaciendi
1772 2867 1906 2905 habuit
1936 2882 1980 2905 ex
2002 2868 2184 2908 charitate
2205 2872 2349 2922 ipsius,

1240 2951 1264 2970 ‚,
1293 2935 1370 2973 qua
1400 2921 1783 2958 voluntarieinortein
1814 2921 2012 2968 sustinuit,
2039 2931 2116 2960 lion
2135 2936 2177 2960 ex
2209 2924 2352 2976 iniqui-

1239 3003 1264 3023 „
1294 2983 1369 3013 tate
1396 2974 1675 3024 occidentium,
1705 2975 1774 3027 qui
1803 2976 2123 3014 euinoccidendo.
2145 2985 2351 3028 peccarunt

2172 3051 2228 3069 ι...
2251 3029 2298 3069 Et

1241 3155 1284 3191 sti
1312 3156 1570 3190 satisfactione.
1598 3156 1807 3201 Repugnsnt
1833 3167 1916 3189 vero
1941 3154 2134 3190 Tournolio
2159 3154 2346 3190 commit!³¹¹5

1241 3206 1310 3237 fere
1337 3205 1486 3236 aliorum
1514 3203 1770 3247 'l’lieologorutn
1796 3204 1989 3243 sententis,
2032 3205 2084 3237 Ss.
2111 3204 2274 3237 Patruin,
2312 3209 2350 3230 ¹³³

1241 3252 1276 3283 S.
1305 3249 1450 3284 'Thomae
1475 3257 1555 3284 mox
1583 3250 1724 3295 allegati
1749 3261 1784 3282 n.
1814 3261 1868 3291 17.
1896 3251 2106 3283 auctoritas.
