2583 3685
261 156 318 210 98
768 142 848 185 DE
882 135 1132 182 INCARN.
1163 132 1333 181 SEGT.
1357 131 1412 177 Π.
1438 130 1589 177 'DISS-
1610 133 1688 177 ΠΙ.
1721 135 1850 181 &AP-
1871 135 1908 178 1.

201 227 372 268 thodoxis
398 223 564 277 profuit,
593 218 698 272 quod
725 218 818 270 jussi
847 226 933 257 sunt
960 229 1005 255 ex
1035 224 1194 270 utraque
1224 228 1310 267 par-

198 293 234 321 te
255 279 386 330 Legati
414 277 462 314 ad
480 275 737 313 Theodosium
768 273 894 318 mitti3
924 270 958 309 &
979 271 1149 324 quinque
1179 271 1310 309 unius·

197 333 384 383 cujusque
414 330 530 382 partis
557 327 704 365 delecti·
731 326 838 364 fuere
855 352 866 364 .
907 325 1071 364 Eosdem
1100 325 1310 377 Imperator

196 380 435 425 Chalcedone
477 383 516 420 in
559 380 666 418 Villa
695 379 905 418 Rusmiana
946 391 1021 417 non
1056 377 1200 426 semel,
1246 377 1308 415 sed

197 446 358 492 quarto,
389 436 423 473 δι
442 437 574 489 quinto
601 434 775 473 audivit.
805 433 855 472 Et
883 432 1040 486 quidem
1071 433 1178 470 initio
1194 430 1310 483 Lega-

196 497 225 530 ti
240 490 496 531 Orientalium
525 490 567 527 in
596 501 777 540 magnam
798 501 904 539 spem
928 494 1106 525 venerant
1132 485 1310 522 obtinen-

196 547 256 584 dae
272 545 441 584 victoriae
459 572 469 590 ,
500 556 543 580 ac
564 555 650 580 suos
677 542 910 580 adversarios
937 537 1207 592 opprimendi.
1237 537 1309 575 Sed

197 599 304 638 illico
324 610 451 635 rerum
472 594 589 633 facies
604 625 614 643 ,
646 595 728 633 Deo
748 608 811 633 cor
828 593 939 646 Regis
958 592 1168 631 inclinante
1185 617 1199 638 ,Δ
1226 604 1310 628 mu-

196 661 272 691 tata
300 659 383 696 est3
419 649 454 686 8<
483 649 664 700 Episcopi
692 647 879 686 Catholici
907 646 998 697 jussi
1029 655 1114 683 sunt
1142 645 1311 694 Impera-

198 714 318 742 torem
348 703 456 755 sequi
486 704 526 741 in
555 699 706 741 Urbem
737 702 900 752 regiam,
932 707 970 736 ut
998 698 1054 736 ibi
1085 709 1154 749 pro
1183 696 1311 734 Nesto-

196 760 256 796 rio
295 757 376 809 jam
423 755 591 807 deposito
635 755 756 792 alium
786 753 1022 806 Episcopum
1063 750 1314 795 ordinarent3

195 811 297 863 quod
327 809 360 846 8<
390 811 534 848 factum
565 817 643 855 est,
687 807 805 846 electo
833 805 1095 852 Maximiano,
1137 804 1313 842 Orienta—

199 864 302 902 libus
331 862 593 916 nequidquam
622 859 946 899 reclamautibus.
984 858 1081 911 Ipsis
1107 865 1234 895 autem
1265 857 1313 894 ab

198 919 429 970 Imperator<-
459 916 557 952 facta
601 923 654 954 est
681 916 728 953 ad
756 928 841 953 suas
870 912 972 952 sedes
1001 910 1181 949 redeundi
1212 919 1313 961 pote=

200 980 298 1019 stas,
329 972 436 1009 sicuti
471 970 501 1005 &z
533 970 692 1014 ceteris3
722 982 765 1006 ac
782 967 942 1005 Sanctus
969 963 1142 1017 Cyrillus
1169 964 1230 1001 die
1247 963 1313 1001 50.

199 1024 375 1063 Octobris
405 1023 574 1061 hostibus
609 1021 853 1071 triumphatis
885 1018 1159 1057 Alexandriam
1187 1030 1313 1055 rever-

198 1092 259 1116 sus
288 1086 362 1116 est.
407 1079 530 1129 Atque
560 1075 621 1113 hic
651 1075 800 1112 tandem
844 1073 915 1110 fuit
945 1071 1191 1109 seuerissimus
1217 1071 1314 1125 Con—

198 1130 277 1169 cilii
309 1130 492 1182 Ephesini
525 1131 673 1177 exitus,
714 1141 831 1180 quem
860 1126 888 1165 S
909 1124 1139 1164 Caelestinus
1174 1137 1314 1174 magna

199 1185 319 1223 animi
349 1185 409 1223 sui
438 1182 573 1221 laetitia
602 1182 775 1230 audivit,
819 1188 1023 1233 antequam
1053 1177 1100 1215 ad
1129 1176 1247 1215 coelos
1275 1191 1314 1215 e-

196 1237 366 1284 volaret3
395 1237 494 1289 quod
525 1237 679 1287 contigit
708 1248 804 1273 anno
831 1234 1001 1286 sequenti
1032 1231 1125 1277 482.

259 1305 320 1343 ιτ).
348 1290 424 1328 Pax
455 1300 580 1327 tamen
609 1304 647 1327 m
678 1288 850 1327 Ecclesia
895 1286 1001 1325 illico
1038 1286 1209 1323 restituta
1237 1296 1341 1332 non,

201 1336 305 1383 fuit'.
335 1343 550 1382 Orientales
579 1343 679 1380 enim
709 1356 773 1394 spe
793 1356 859 1379 sua
890 1342 1026 1378 frustra
1055 1337 1185 1376 turbas
1215 1339 1316 1375 ciere

200 1412 272 1435 non
301 1398 553 1444 desistebant,
584 1396 783 1447 praecipue
811 1394 990 1432 adversus
1019 1393 1059 1431 S.
1089 1390 1285 1444 Cyrillum
1305 1421 1316 1439 ,

198 1451 308 1500 cujus
336 1451 537 1487 duodecim
556 1448 888 1486 anathematismos
917 1448 965 1485 ad
980 1447 1195 1484 Nestorium
1229 1445 1319 1482 mis-

200 1517 277 1552 sos,
308 1514 348 1540 nt
378 1504 488 1550 Arii,
519 1509 630 1554 atque
659 1501 898 1553 Apollinaris
925 1499 1134 1538 haeresibus
1165 1498 1320 1535 infectos

198 1570 377 1595 accusare
393 1587 403 1605 ,
433 1555 466 1593 ἅ
488 1557 716 1607 impugnare
735 1567 811 1594 non
828 1554 1050 1601 cessabant,
1081 1565 1319 1606 quamquam

198 1610 265 1649 ille
295 1612 333 1649 in
351 1609 526 1649 Concilio
549 1608 742 1660 Ephesino
762 1609 982 1660 hujusmodi
1014 1607 1214 1659 pestiferao
1241 1604 1319 1641 hae-

201 1678 326 1712 reses,
369 1673 409 1700 ut
438 1676 701 1714 quascumque
743 1662 836 1700 alias
865 1662 915 1700 ab
944 1659 1119 1698 Ecclesia
1161 1658 1319 1695 damna-

202 1726 283 1764 tas,
318 1718 504 1754 damnare
531 1729 597 1764 se,
640 1724 753 1767 atque
782 1714 1101 1752 anathematizare
1132 1710 1319 1762 professus

202 1772 275 1807 sit.
319 1770 537 1807 Acerrimus
567 1767 647 1818 ejus
677 1767 792 1805 hostis
821 1767 1108 1813 Theodoretus,
1135 1765 1319 1816 Cyrensis

203 1822 417 1874 Episcopus
432 1851 443 1870 ,
472 1823 534 1859 vir
554 1821 761 1859 admodum
784 1821 912 1859 doctus
929 1851 938 1868 ‚
969 1819 1032 1858 sed
1047 1819 1137 1858 fidei
1159 1817 1288 1856 dubiae
1308 1844 1318 1855 .

204 1876 278 1913 Hic
307 1889 401 1926 opus
430 1874 650 1926 vulgaverat
679 1875 855 1911 adversus
868 1873 1065 1927 Cyrillum
1087 1871 1319 1909 &Sanctum

202 1928 419 1966 Concilium
437 1929 663 1979 inscriptum
695 1929 786 1976 msa*
813 1925 1148 1977 s’uav38wmicrwc
1177 1924 1225 1962 (le
1255 1923 1320 1961 Ιη-

202 1983 443 2019 carnarione
469 1983 642 2031 quinque
669 1979 781 2016 libris
808 1978 1124 2030 comprehensum
1147 2004 1157 2016 .

257 2048 322 2073 20.
351 2034 425 2072 Sed
455 2035 649 2084 piissimus
665 2033 874 2084 Imperator
888 2031 1127 2069 Theodosius
1154 2032 1238 2084 paci
1262 2045 1319 2068 re-

202 2086 457 2141 dintegrandae
489 2085 634 2124 solicite
676 2084 871 2132 studebat,
914 2083 949 2120 δε
978 2085 1141 2136 separati
1181 2085 1320 2123 Orien-

201 2141 295 2180 tales
323 2139 555 2180 simulabant
585 2154 628 2177 ea
657 2138 873 2177 conditione
894 2167 904 2186 ,
944 2145 984 2174 ut
1014 2138 1161 2188 penitus
1190 2137 1319 2175 abole-

203 2204 332 2235 rentur
360 2208 619 2247 quaecumque
647 2192 688 2231 S.
716 2190 891 2244 Cyrillus
932 2190 991 2228 vel
1019 2191 1191 2239 epistolis
1211 2220 1222 2238 ‚
1263 2191 1321 2228 vel

205 2252 350 2295 tomis,
381 2249 438 2286 wel
467 2246 572 2285 libris
603 2246 884 2297 evulgaverat,
911 2245 962 2285 ζῇ*
982 2242 1203 2296 solifidei‚
1232 2255 1324 2293 quoe

203 2315 233 2340 a
261 2300 420 2339 Sanctis
450 2299 631 2338 Patribus
659 2298 817 2337 Nicaeae
846 2297 952 2337 edita
970 2297 1144 2349 fuerat,
1192 2310 1324 2335 omnes

204 2356 485 2393 consentirent.
515 2354 691 2393 Absurda
718 2353 882 2391 condi-tio
911 2351 1154 2390 aCatholicis
1184 2350 1325 2402 rejecta

206 2409 308 2455 fuit,
352 2407 386 2444 8(
415 2422 548 2447 eorum
578 2408 730 2445 nomine
756 2405 929 2458 Cyrillus
957 2404 1168 2457 respondit,
1210 2418 1325 2456 expo-

205 2462 331 2500 sitioni
361 2461 481 2510 fidei,
519 2475 636 2514 quam
665 2460 818 2498 Nicaeni
849 2459 976 2497 Patres
1003 2459 1228 2506 ediderunt,
1260 2459 1326 2496 ad-

206 2514 356 2554 haerere
383 2529 540 2562 omnes,
578 2515 639 2552 sed
670 2529 713 2552 ea
742 2514 856 2552 etiam
886 2513 1024 2551 intacta
1052 2526 1131 2550 esse
1158 2513 1325 2561 debere,

207 2581 298 2620 quae
328 2579 458 2608 contra
488 2567 746 2619 blasphemias
775 2567 936 2606 Nestorii
967 2568 1112 2618 scripta
1148 2566 1326 2605 fuerant.

206 2623 387 2661 Constans
423 2631 608 2675 praeterea
638 2623 677 2659 in
708 2634 752 2658 eo
794 2622 985 2674 proposito
1013 2619 1185 2672 Cyrillus
1215 2628 1327 2669 erat,

206 2677 403 2715 neminem
431 2677 479 2715 ad
508 2689 616 2714 suam
637 2677 947 2713 communionem
977 2674 1229 2722 admittendi,
1259 2674 1329 2726 qui

208 2731 249 2768 in
278 2730 439 2768 Nestorii
469 2729 820 2768 condemnationem
838 2758 848 2776 ‚
887 2726 921 2764 ἃ
948 2728 1222 2780 depositionem
1252 2741 1327 2765 non

214 2784 486 2823 consentirent.
519 2782 648 2820 Postea
677 2796 767 2820 vero
798 2783 898 2820 idem
920 2781 1120 2833 Cyrillus,
1149 2790 1190 2819 ut
1219 2780 1265 2818 ad
1286 2793 1327 2817 o·-

215 2844 355 2887 ptatam
384 2837 626 2876 concordiam
657 2836 919 2889 perveniretur
940 2864 950 2882 ,
982 2835 1184 2880 comensit,
1215 2842 1327 2870 utto·

214 2896 253 2925 ta
279 2892 530 2930 controversia
557 2891 604 2928 de
638 2904 698 2928 12.
730 2888 1054 2928 anathematismis
1078 2885 1226 2924 silentio
1241 2899 1328 2937 pre-

215 2951 401 2981 meretur:
441 2943 649 2983 dummodo
678 2953 804 2982 tamen
834 2942 997 2981 Nestorii
1039 2941 1208 2978 doctrina
1237 2953 1330 2977 ana·

215 2992 546 3046 thematizaretur,
576 2999 656 3050 ipse
686 3011 754 3049 pro
775 2998 970 3049 depositO,
1000 3009 1043 3033 ae
1064 2993 1327 3032 Maximianus

216 3060 288 3099 pro
314 3046 483 3100 legitimo
511 3051 592 3103 ejus
621 3065 832 3089 successore
862 3049 1092 3089 haberetur.
1124 3047 1247 3099 Atque
1277 3048 1328 3084 ita

217 3113 293 3154 pax
322 3102 413 3140 cum
448 3103 554 3144 Joan.
583 3103 846 3154 Antiocheno,
888 3103 1097 3155 ceterisque
1125 3100 1328 3154 Episcopis

268 3232 317 3267 (α)
347 3227 436 3261 Nam
464 3227 497 3260 S.
524 3229 650 3272 Cyrilii
685 3232 814 3276 scripta
840 3232 883 3265 ab
907 3242 1025 3265 errore
1063 3228 1234 3262 immunia
1257 3239 1333 3260 esse

222 3275 329 3308 etiam
355 3275 505 3307 Joannes
541 3276 650 3306 fassus
683 3287 734 3309 est
761 3279 795 3310 in
830 3280 929 3322 epist.
970 3277 1012 3309 ad
1037 3276 1240 3309 Nestorium
1277 3275 1325 3307 in-

222 3322 372 3364 quiens:
402 3319 467 3353 Per
493 3325 600 3363 ipsam
616 3321 738 3364 fateor
763 3329 937 3357 ‹rertmcem
968 3326 1093 3365 soepius
1119 3327 1131 3360 (
1158 3322 1331 3366 JEgyptia

221 3367 352 3413 scripta
377 3367 410 3401 S.
430 3367 558 3413 Cyrilli
583 3371 596 3409 )
621 3370 792 3404 revolvens
813 3374 851 3404 (9-
877 3382 1075 3404 examinans
1102 3370 1144 3401 ab
1170 3368 1330 3401 harectca

1380 210 1646 252 Orientalibus
1675 212 1836 251 feliciter
1863 213 2031 254 restituta
2057 220 2138 253 est·
2181 212 2308 264 Hujtts
2336 224 2493 253 concor·

1380 267 1458 309 diae
1486 266 1657 304 notitiam
1672 264 1941 308 sanctissimus
1953 265 2121 306 Pontifex
2142 266 2270 306 Sixtus
2298 267 2365 305 111.
2383 295 2394 316 ,
2423 267 2494 320 qui

1379 319 1582 357 Caelestino
1610 327 1859 365 successerat,
1889 318 2114 371 Episcopis‚
2143 323 2211 374 qui
2239 320 2288 359 ad
2315 321 2399 371 ejus
2427 334 2497 360 na-

1381 374 1497 413 talem
1538 371 1815 413 celebrandurn
1851 382 2135 423 conuenerant,
2177 386 2259 428 ptae
2287 375 2427 428 gaudio
2455 388 2492 414 ee

1381 427 1530 467 xultans
1558 425 1860 464 communicavit
1873 449 1884 462 .

1436 494 1500 520 21.
1529 479 1641 519 Solus
1677 478 1963 526 Theodoretus,
2006 491 2247 531 quamquam
2291 496 2361 532 ea,
2404 493 2497 535 (μω

1379 534 1552 586 Cyrillus
1580 534 1806 585 scripserat,
1837 545 1946 568 suam
1976 532 2094 570 fidem
2123 545 2311 584 exponens
2329 566 2339 583 ,
2368 535 2496 573 ortho-

1379 588 1477 626 doxa
1506 602 1582 626 esse
1610 587 1827 624 concederet
1850 584 1913 635 (a)
1932 614 1942 631 ‚
1974 584 2105 622 induci
2135 594 2262 624 tamen
2291 601 2366 625 non
2392 597 2496 640 pote-

1381 651 1465 689 rat,
1495 640 1721 679 utNestorio
1751 637 1956 678 anathema
1983 638 2156 683 diceret,·
2185 639 2299 686 cujus
2320 640 2497 680 Sanctis·

1380 697 1472 732 simi·
1488 693 1674 744 Episcopi
1690 723 1700 740 ,
1732 691 1948 745 inquiebat,
1978 694 2043 742 qui
2063 686 2290 729 doctrinam
2310 692 2499 732 indiscre-

1382 754 1419 785 te
1449 747 1763 786 anathematizet
1781 777 1791 794 ,
1829 750 2020 796 pietatem
2049 749 2184 795 ipsam
2224 744 2501 785 anathemati.-

1380 813 1475 839 zczre
1503 801 1705 848 videatur,
1750 813 1825 838 non
1854 801 1947 851 quia
1976 798 2140 837 Nestorii
2184 812 2327 838 errores
2374 809 2499 839 tuero-

1381 862 1471 901 tur,
1501 855 1563 892 sed
1579 855 1671 906 quia
1700 854 1848 892 eosdem
1879 852 1937 891 iili
1968 852 2062 890 saiso
2082 853 2306 901 attributos,
2337 852 2502 905 ejusque

1383 915 1549 945 mentem
1579 921 1652 946 non
1671 907 1770 946 bene
1798 921 1820 944 a
1849 906 1925 945 suis
1955 907 2180 945 adversariis
2211 916 2431 959 perceptam
2461 921 2501 944 e·-

1380 958 1627 1007 xistimabat,
1657 969 1697 998 ut
1725 961 1848 1012 aliqui
1877 972 1950 999 nou
1972 959 2282 1012 improbabiliter
2310 962 2358 999 de
2373 960 2503 998 Theo-

1382 1013 1510 1055 doreto
1536 1012 1734 1063 judicant.
1775 1013 1824 1052 Et
1851 1027 1941 1052 cum
1972 1012 2071 1061 hac,
2101 1013 2268 1066 illacque
2287 1014 2506 1052 discurrens

1382 1066 1512 1104 turbas
1541 1066 1639 1103 inter
1654 1065 1863 1118 Episcopos
1877 1067 2086 1114 excitaret,
2113 1065 2239 1117 jussus
2260 1076 2313 1105 est
2333 1083 2355 1105 a
2375 1067 2505 1105 Theo·

1381 1119 1486 1157 dosio
1514 1118 1668 1157 tandem
1696 1119 1891 1169 quiescere
1909 1148 1919 1166 ,
1949 1119 1982 1155 ἃ
2001 1120 2096 1172 Cyri
2126 1121 2167 1158 in
2196 1134 2265 1159 suo
2292 1120 2504 1175 Episcopa-

1382 1181 1421 1211 tu
1451 1187 1489 1211 se
1517 1180 1736 1211 continere.

1438 1239 1503 1265 22.
1532 1226 1727 1264 Nestorius
1770 1236 1923 1277 quoque
1952 1236 1998 1261 ex
2025 1223 2258 1264 Monasterio
2285 1226 2504 1279 Euprepia-

1382 1293 1458 1328 no,
1487 1292 1564 1333 quo
1593 1293 1632 1317 se
1658 1286 1741 1331 post
1768 1278 2045 1330 depositionem
2075 1287 2297 1329 receperat,
2344 1280 2504 1333 Episco-

1384 1348 1450 1385 pos
1467 1363 1477 1381 ,
1505 1333 1694 1381 Clericos,
1725 1339 1839 1384 atque
1865 1331 2020 1370 Aulicos
2048 1330 2261 1370 sollicitare·
2281 1345 2353 1369 non
2382 1347 2504 1372 cessa-

1384 1387 1476 1436 bat,
1519 1400 1676 1439 sperans
1704 1399 1743 1423 se
1772 1399 1877 1437 posse
1905 1386 2086 1423 amissam
2117 1384 2340 1436 dignitatem
2371 1398 2506 1424 eorum

1385 1454 1458 1490 ope
1477 1440 1685 1493 aliquando
1706 1452 1930 1491 recuperare
1949 1465 1959 1476 .
1989 1437 2149 1475 Eri-ores
2178 1440 2269 1476 item
2286 1451 2369 1477 suos
2397 1437 2507 1476 clan-

1388 1494 1520 1533 culum
1536 1506 1748 1546 propagare
1767 1492 1956 1543 satagebat
1974 1519 1984 1529 .
2006 1491 2270 1539 Quamobrem
2289 1491 2370 1543 ipse
2385 1492 2503 1532 Joan-

1388 1562 1452 1585 nes
1473 1548 1757 1594 Antiochenus,
1788 1547 1870 1584 sive
1898 1545 2098 1583 turbarum
2128 1555 2337 1597 pertaesus,
2367 1546 2447 1584 sive
2465 1559 2507 1584 a—

1386 1601 1491 1652 gnita
1519 1600 1686 1639 hominis
1715 1599 1903 1652 perfidia,
1948 1600 2218 1649 imperatorem
2248 1598 2418 1648 rogavit,
2464 1607 2505 1639 ut

1388 1654 1488 1693 hunc
1510 1655 1722 1706 inquietum
1753 1652 2054 1706 perturbatorem
2070 1651 2204 1704 procul
2224 1653 2422 1690 amandari
2444 1651 2509 1703 ju-

1386 1707 1512 1756 beret,
1540 1707 1642 1760 quod
1664 1707 1778 1745 etiam
1801 1706 1915 1747 facile
1940 1706 2134 1754 obtinuit,
2165 1704 2199 1741 ἃ
2219 1705 2414 1744 Nestorius
2429 1705 2509 1744 Im·-

1388 1762 1577 1813 paratorio
1601 1762 1752 1799 decreto
1781 1761 1853 1799 fuit
1882 1762 1922 1798 in
1952 1760 2086 1798 Oasim
2130 1758 2374 1810 deportatus,
2421 1757 2508 1810 eju,-

1388 1828 1481 1866 sque
1509 1815 1601 1852 libri
1632 1817 1718 1865 igue
1755 1814 1927 1852 damnati
1958 1812 2045 1865 (b).
2089 1810 2147 1849 Ibi
2185 1820 2311 1850 autem
2355 1821 2511 1864 propter

1389 1867 1642 1906 barbarorum
1673 1869 1904 1906 incursiones
1935 1867 2054 1904 multa
2076 1864 2178 1903 mala
2208 1879 2407 1917 perpessus
2430 1895 2442 1913 ,
2471 1865 2510 1902 &-

1389 1921 1515 1959 sedem
1547 1924 1688 1973 saepius
1720 1929 1866 1958 mutare
1895 1929 2049 1959 coactus
2076 1917 2287 1957 infeliciter
2315 1919 2456 1971 periit,
2485 1933 2510 1957 a

1388 1975 1612 2022 vermibus,
1662 1982 1702 2011 ut
1732 1975 1835 2011 fama
1863 1974 1963 2024 fert,
2004 1971 2218 2012 detestabili
2259 1972 2392 2024 lingua
2420 1980 2510 2012 ant-e

1389 2037 1551 2065 mortem
1581 2040 1731 2065 corrosa
1749 2053 1760 2065 .
2506 2059 2511 2062 .

1446 2081 1509 2120 25.
1540 2081 1623 2119 Non
1654 2090 1780 2119 tamen
1810 2088 2066 2131 postmortem
2082 2079 2250 2118 Nestorii
2279 2079 2512 2132 quieverunt

1389 2134 1471 2186 ejus
1491 2135 1642 2173 assecla:
1662 2165 1672 2182 ,
1702 2135 1766 2172 sed
1785 2133 1982 2186 divulgare
1998 2142 2197 2184 coeperunt
2212 2130 2394 2184 quaedam
2414 2133 2510 2171 scri-

1391 2197 1455 2238 pta
1483 2188 1642 2226 Diodori
1672 2187 1894 2235 Tarsensis,
1933 2187 1967 2223 8ε
1998 2186 2190 2224 Theodori
2218 2184 2510 2238 Mopsuesteni',

1390 2240 1532 2292 quibus
1560 2242 1740 2278 damnata
1755 2241 1920 2278 Nestorii
1950 2240 2120 2278 doctrina
2148 2238 2374 2276 confirmari
2406 2239 2511 2278 vide-

1391 2294 1522 2332 batur:
1567 2306 1761 2346 quaeque,
1805 2303 1844 2331 ut
1874 2292 1948 2344 legi
1977 2293 2026 2330 ab
2055 2292 2237 2329 omnibus
2267 2300 2441 2342 possent,
2471 2293 2513 2336 in

1391 2346 1541 2398 linguas
1569 2347 1779 2400 Syrorum,
1829 2347 2084 2385 Armenorum
2107 2375 2117 2392 ,
2166 2354 2281 2397 atque
2309 2343 2513 2383 Persarum

1391 2415 1572 2439 conversa
1601 2403 1783 2439 fuerunt.
1814 2400 1854 2438 Id
1884 2409 2011 2438 autem
2040 2399 2181 2450 negotii
2203 2399 2372 2436 maxime
2401 2412 2515 2451 urge·

1393 2454 1485 2493 bant
1514 2454 1774 2493 Theodoretus
1799 2454 1984 2506 Cyrensis
2013 2453 2227 2506 Episcopus
2244 2482 2255 2500 ,
2286 2451 2320 2488 &
2347 2451 2433 2491 Ibas
2461 2451 2515 2490 E-

1393 2509 1593 2556 dessenus,
1636 2518 1794 2561 uterque
1821 2507 1972 2562 Gyrillo
1999 2508 2193 2545 infensus.
2242 2506 2392 2544 Horum
2422 2506 2525 2544 duo->

1394 2575 1480 2601 rum
1512 2564 1666 2601 nomina
1696 2575 1772 2600 nna
1800 2576 1889 2600 cum
1921 2560 2123 2599 Theodoro
2151 2560 2332 2598 damnata
2360 2560 2524 2598 fuerunt

1394 2618 1434 2655 in
1454 2616 1611 2669 Synodo
1629 2617 1680 2654 V.
1711 2617 1975 2663 oecumenica,
2006 2615 2052 2653 de
2079 2628 2157 2667 qua
2185 2614 2348 2651 inferius
2376 2625 2512 2665 oppor-

1395 2679 1484 2708 tuna
1513 2672 1583 2708 erit
1602 2670 1808 2707 disserendi
1838 2671 2011 2707 occasio·
2043 2669 2125 2705 Hoc
2155 2667 2417 2705 tantummodo
2444 2676 2511 2700 no-

1394 2733 1536 2772 tantes,
1569 2722 1759 2762 Rabulam
1776 2722 2012 2776 Episcopum
2034 2721 2269 2759 Edessenum
2286 2748 2295 2765 ,
2317 2718 2383 2769 qui
2405 2717 2512 2768 prius

1394 2776 1567 2815 Nestoi-io
1596 2778 1724 2816 favere
1754 2777 1984 2823 videbatur,
2027 2776 2174 2825 cognita
2203 2780 2329 2809 autem
2372 2770 2513 2808 verita-

1393 2839 1455 2880 te,
1485 2830 1640 2882 Synodo
1670 2831 1922 2869 oeeumenicae
1952 2828 2249 2878 subscripserat,
2281 2825 2319 2861 in
2353 2822 2512 2876 Synodo

1397 2883 1548 2922 Edessae
1578 2893 1805 2935 congregata
1833 2883 1961 2920 omnia
1991 2879 2209 2926 Theodori,
2240 2877 2272 2913 δε
2296 2874 2514 2914 'Theodore-

1395 2939 1451 2984 ti,
1490 2936 1523 2972 St
1556 2936 1719 2973 Andreae
1749 2935 2018 2973 Samosatensis
2045 2932 2184 2983 scripta
2213 2939 2341 2969 contra
2369 2929 2515 2982 Cyrilli.

1396 2988 1734 3027 anathematismos
1772 2989 1870 3026 edita
1899 2987 2165 3026 condemnasse
2186 3014 2196 3033 ,
2239 2983 2273 3020 ἃ
2302 2984 2383 3035 igni
2412 2997 2516 3023 com·-

1394 3042 1567 3081 burenda
1597 3042 1794 3079 tradidisse
1815 3068 1826 3078 .

1451 3095 1514 3142 24.
1544 3093 1623 3133 Nec
1639 3096 1752 3132 etiam
1775 3093 1906 3132 nostris
1928 3094 2019 3146 ipsis
2036 3123 2046 3142 ,
2078 3092 2111 3129 8<
2135 3090 2397 3146 superioribus
2417 3099 2514 3128 tem-

2390 3158 2455 3196 Po·

1396 3226 1566 3269 pravitate
1606 3222 1717 3256 libera
1755 3221 1966 3266 deprehendi
1987 3243 1995 3252 .
2034 3219 2135 3265 Quod
2166 3218 2404 3254 'Theodorei-as
2443 3217 2515 3261 ipse

1397 3269 1536 3306 tandein
1563 3270 1661 3302 fateri
1689 3267 1832 3302 debuit.
2501 3285 2512 3305 ·.

1445 3319 1491 3356 (h)
1514 3314 1551 3348 ld
1577 3315 1826 3360 etiarn-postea
1851 3313 1956 3358 jussit
1971 3313 2265 3351 Valentinian1153
2292 3319 2438 3354 quorum
2454 3307 2515 3341 de-

1397 3372 1492 3399 creta
1511 3364 1614 3396 refert
1633 3363 1707 3396 Jac-
1735 3363 1921 3397 Gretserus
1949 3360 2003 3395 De
2024 3362 2133 3408 jure,
2160 3364 2303 3394 &ruere
2329 3356 2514 3401 prohiben-
