2583 3685
833 199 959 244 APP.
993 200 1072 245 DE
1106 200 1361 244 NATURA
1398 201 1582 246 PURA.

55 292 137 325 est.
183 280 225 322 td
254 277 417 331 explicat
444 277 485 317 S.
515 276 686 319 Thomas
715 277 754 317 in
786 279 832 317 ll.
862 281 962 318 Dist.
993 281 1056 320 51.
1093 296 1160 334 qu.

62 353 96 378 ι.
125 344 194 376 art.
218 347 254 373 2.
283 333 329 370 ad
351 333 389 371 5.
420 331 478 370 his
499 333 646 371 verbis:
677 364 703 382 ‚‚
733 331 876 372 Poterat
894 334 994 372 Deus
1015 350 1035 372 a
1056 338 1162 387 priu-

110 389 235 441 cipio‚
264 387 418 438 quaudo
446 385 640 424 hominem
671 387 866 436 condidit,
897 389 1009 426 etiam
1039 387 1161 425 alium

53 475 82 495 „
108 441 300 482 hominem
329 453 373 477 ex
403 438 500 477 limo
529 450 639 478 terrae
661 442 851 490 sominare,
880 456 995 492 quem
1018 443 1160 478 incon-

51 525 83 548 „
108 493 248 532 ditione
273 506 355 532 suae
382 502 529 531 naturae
560 493 816 547 relinqueret,
846 494 1161 532 utscilicetmor-

48 575 78 600 „
102 545 190 586 talis
205 577 216 595 ‚
247 545 281 582 &
298 540 488 598 passibilis
509 562 606 596 esse,
635 548 668 585 ἃ
687 561 866 599 pugnam
882 551 1159 596 concupiscen-

48 631 75 652 „
102 604 170 638 tt'oe
199 599 255 638 ad
282 603 482 638 rationem
512 603 698 649 sentiens,
728 604 768 640 in
795 613 870 653 quo
892 600 987 637 nihil
1017 597 1155 636 liuma-

49 684 77 704 „
106 667 167 692 uae
197 663 345 692 naturae
373 654 615 706 derogaretur
631 687 650 703 ‚⁴
671 656 762 707 quia
792 652 935 690 hoc·ex
957 653 1157 704 principiis

47 734 78 758 „
106 716 253 746 uaturae
281 708 524 760 consequitur
552 711 605 746 ⁶⁶.
634 707 780 745 Eadem
809 707 925 757 igitur
951 706 1095 743 ratione
1125 705 1159 741 &

47 762 357 814 concupiscentia
384 773 461 800 nou
491 760 642 800 effrenis
657 789 668 808 ‚
698 760 731 796 ἃ
751 758 818 797 alii
836 759 1004 797 defectus
1025 759 1066 797 in
1086 767 1158 798 sta-

44 822 87 854 tu
117 824 263 861 naturae
323 827 405 852 urae
433 814 710 853 admittuntur.

101 867 194 921 589.
222 867 289 906 Col
310 868 385 919 iges
427 868 582 919 prime,
629 867 744 904 etiam
780 865 944 905 admisso
985 865 1158 917 possibili

46 935 157 974 purae
186 931 333 960 naturae
361 928 487 969 statu,
516 928 626 972 prout
653 915 936 971 explicuimus,
965 931 1038 958 non
1068 919 1158 957 inde

45 976 180 1027 sequi,
210 974 402 1012 homiuem
432 974 471 1011 iu
498 981 592 1010 statu
621 981 767 1012 naturoe
783 981 970 1026 corruptae
992 985 1065 1010 non
1082 974 1157 1011 dif-

46 1029 146 1067 ferre
174 1027 223 1066 ab
253 1026 405 1065 homine
432 1026 474 1064 in
514 1034 612 1074 statu
656 1034 801 1064 naturae
832 1040 968 1078 purae,
1016 1027 1086 1064 nisi
1118 1035 1156 1064 ut

44 1082 233 1120 nudatum
261 1094 284 1117 a
310 1079 438 1124 nud03
479 1078 648 1117 differret
677 1081 779 1118 euim
817 1089 856 1117 ut
886 1078 1104 1119 vulneratus
1133 1095 1156 1118 a

44 1147 162 1182 sam,
191 1140 300 1186 prout
329 1146 371 1171 su
422 1147 443 1170 a
471 1145 558 1185 cap.
580 1132 648 1172 Vl.
669 1133 902 1185 explicatum
923 1142 1000 1171 est.
1029 1133 1156 1181 Quid-

43 1187 138 1240 quid
166 1187 266 1224 enim
295 1186 342 1225 sit
369 1145 419 1224 gg
444 1184 613 1234 inorbis,
642 1186 804 1239 aliisque
831 1186 1043 1225 defectibus
1070 1200 1154 1224 cor-

44 1240 148 1294 poris
163 1269 174 1289 ,
202 1240 271 1292 qui
300 1252 346 1277 ex
374 1240 466 1292 ipsis
481 1247 627 1278 naturae
649 1240 850 1293 principiis
864 1242 1038 1279 oriuntur
1054 1243 1067 1290 (
1085 1241 1154 1292 qui

43 1302 170 1332 tamen
199 1307 267 1332 uec
295 1301 374 1330 tam
402 1291 542 1341 multi,
572 1306 639 1331 nec
669 1302 746 1331 tam
774 1295 902 1346 magni
921 1324 932 1341 ‚
975 1307 1045 1331 nec
1075 1302 1153 1332 tam

45 1347 258 1400 frequentes
286 1347 365 1383 sine
394 1347 570 1397 praesenti
599 1347 838 1398 corruptione
859 1347 1014 1386 fuissent
1037 1348 1051 1397 )
1073 1360 1154 1384 cer-

43 1408 80 1439 te
109 1401 239 1438 anima
268 1411 312 1435 ex
341 1399 417 1436 suis
446 1400 646 1451 principiis
675 1414 788 1448 sana,
818 1400 851 1436 8<
881 1401 1032 1439 robusta
1052 1399 1154 1438 mul-

43 1462 83 1493 to
111 1450 322 1503 majoribus
351 1450 498 1490 viribus
527 1453 573 1490 ad
603 1452 745 1490 bonum
765 1454 1002 1504 operandum
1032 1453 1153 1506 polle—

45 1514 131 1554 ret,
160 1517 278 1557 quam
305 1514 407 1543 nunc
437 1503 535 1542 facta
564 1503 718 1543 infirma
737 1535 746 1552 ,
777 1508 932 1554 saucia,
969 1521 1013 1544 ac
1043 1508 1157 1545 seini-

44 1559 135 1599 viva
162 1556 330 1609 polleat.
376 1555 641 1603 Quamobrem
669 1557 849 1596 audiendi
885 1559 1045 1596 minime
1074 1564 1158 1597 sun't

43 1611 106 1652 illi
136 1608 348 1661 Theologi‚
378 1610 447 1661 qui
476 1618 634 1662 putant,
663 1623 727 1648 nos
755 1612 837 1649 siue
865 1609 1005 1649 Christi
1034 1614 1156 1662 gratia

45 1677 154 1718 posse
181 1663 309 1702 omnia
338 1676 382 1700 ea
410 1661 509 1701 bona
536 1676 785 1715 cognoscere,
813 1662 849 1699 ἃ
878 1664 1003 1702 facere
1030 1665 1070 1702 in
1097 1677 1158 1702 or-

44 1718 138 1756 dine
165 1713 358 1765 naturali,
386 1729 475 1769 quae
504 1719 683 1769 potuisset
711 1716 827 1755 homo
847 1717 974 1756 facere
1002 1718 1041 1756 in
1061 1724 1158 1756 statu

47 1779 194 1809 naturae
222 1782 331 1823 purae
360 1769 507 1809 viribus
535 1770 710 1822 integris:
754 1771 852 1809 unde
878 1773 995 1810 'etiam
1032 1770 1158 1809 homi-

47 1836 140 1862 nem
168 1824 210 1862 in
237 1822 386 1876 duplici
414 1832 509 1862 statu
537 1823 662 1862 adhuc
691 1825 926 1864 considerare
955 1825 1158 1871 videntum

48 1889 186 1928 nempe
214 1876 255 1914 in
283 1883 379 1914 statu
406 1886 552 1915 naturae
611 1890 690 1915 urae
707 1907 718 1926 ,
765 1879 918 1931 quando
944 1879 1064 1930 gratia
1104 1886 1160 1918 'est

50 1929 272 1978 destitutus,
302 1927 336 1964 ἃ
364 1929 512 1970 viribus
540 1891 654 1970 solius
669 1939 815 1971 naturae
836 1934 914 1984 agit
924 1946 934 1978 3
964 1931 997 1967 ἃ
1026 1933 1066 1971 in
1086 1941 1159 1970 sta-

50 1989 91 2021 tu
120 1990 267 2021 naturae
296 1981 412 2034 lapsae
439 1982 476 2021 ἆ
503 1994 689 2038 reparatae
709 2014 723 2036 ‚
767 1985 922 2039 quando
949 1986 1026 2038 agit
1067 1999 1158 2026 cum

49 2035 240 2089 adjutorio
265 2036 397 2089 gratiae
412 2058 426 2078 ι
765 2062 768 2066 ·

55 422 82 443 22

2194 210 2280 252 223

1282 274 1378 332 ¹390.
1406 281 1571 333 Colliges
1591 281 1752 321 secundo
1769 312 1780 330 ‚
1809 289 2005 335 peccatum
2027 283 2236 337 originale,
2266 301 2345 340 quo

1230 348 1330 372 nuuc
1362 335 1501 372 infecta
1531 343 1583 372 est
1614 335 1927 374 naturalitunana
1946 367 1956 385 ,
1987 337 2108 376 multo
2128 339 2256 391 majus
2274 355 2343 379 uo-

1230 387 1290 425 bis
1319 397 1594 426 nocumentum
1626 390 1763 426 inferre
1781 420 1790 436 ‚
1819 404 1934 441 quain
1965 391 2145 430 intulisset
2165 393 2242 431 sola
2271 408 2340 432 ca-

1229 445 1361 479 rernm
1390 440 1574 492 justitiae,
1612 440 1646 478 ἀ
1675 444 1806 493 gratia:
1837 444 2107 484 sanctificantis
2138 448 2177 484 in
2205 457 2341 487 natura

1229 507 1354 545 pura3
1384 493 1468 532 haec
1498 496 1600 532 enim
1630 495 1728 533 nihil
1758 495 1862 534 aliud
1892 507 2007 545 esset,
2046 513 2163 550 quam
2192 503 2340 551 negatio

1227 547 1368 586 ordinis
1394 547 1714 599 supernaturalis,
1743 563 1816 587 non
1846 559 1969 587 autent
2002 555 2160 603 positiva
2190 556 2338 592 aversio

1227 615 1248 637 a
1277 599 1384 646 Deo3
1433 602 1517 639 liaec
1547 614 1636 640 vcro
1665 604 1825 653 positiva
1867 605 2011 641 aversio
2039 622 2060 643 a
2090 607 2172 644 Deo
2214 616 2266 644 est
2296 609 2338 648 ia

1227 652 1297 691 hoc
1325 663 1446 703 statu,
1477 656 1517 692 in
1546 668 1622 707 quo
1651 655 1764 693 homo
1793 658 1961 694 nascitur
1982 657 2084 695 silius
2114 661 2182 697 irae
2201 690 2210 707 ,
2241 660 2275 696 8t
2297 675 2337 699 a·

1224 714 1356 746 versus
1384 723 1406 746 a
1435 707 1543 756 Deo,
1593 721 1665 747 non
1695 709 1818 747 solum
1851 719 1887 747 ut
1918 719 1967 747 est
1996 711 2083 750 finis
2114 723 2339 766 supernatu-

1227 760 1344 809 ralis,
1374 761 1438 799 sed
1469 763 1583 799 etiam
1615 771 1653 800 ut
1681 762 1770 801 finis
1799 772 1851 801 est
1879 764 2088 804 naturalis.

1282 814 1374 866 591.
1402 814 1567 865 Colliges
1596 817 1724 865 tertio,
1754 816 2029 855 beatitudinem
2060 819 2166 857 illam
2195 821 2341 859 ordinis

1227 880 1331 905 mere
1359 868 1570 917 naturalis,
1614 869 1725 919 cujus
1755 884 1876 923 capax
1908 872 2035 909 fuisset
2063 872 2177 911 homo
2207 874 2339 913 condi-

1226 929 1285 958 tus
1313 922 1354 960 in
1383 923 1489 974 puris
1521 921 1762 962 naturalibus
1780 954 1790 972 ‚
1839 923 1872 959 8(
1900 924 2093 964 ordinatus
2131 927 2177 965 ad
2206 927 2337 966 Deum

1226 975 1521 1026 cognoscendum
1541 1006 1550 1023 ‚
1595 975 1628 1012 8t
1658 978 1864 1015 amandum
1882 1009 1892 1027 ‚
1937 987 1975 1015 ut
2003 988 2196 1018 auctorem
2224 990 2336 1018 natu-

1225 1040 1280 1065 1·ae
1298 1058 1308 1076 ‚
1350 1025 1447 1067 lianc
1464 1059 1475 1077 ‚
1520 1030 1679 1081 inquam
1700 1060 1710 1077 ,
1753 1031 2026 1070 beatitudinem
2053 1033 2163 1072 nulla
2192 1035 2338 1072 ratione

1223 1081 1376 1120 concedi
1406 1095 1512 1134 posse
1542 1083 1713 1134 parvulis
1732 1084 1999 1125 decedentibus
2020 1090 2100 1126 sine
2129 1088 2339 1140 baptismo5

1223 1134 1345 1173 obstat
1374 1137 1475 1173 enim
1505 1146 1704 1187 peccatum
1735 1139 1946 1190 originale,
1976 1154 2052 1193 quo
2081 1142 2201 1178 vitiati
2230 1142 2341 1180 dece-

1221 1187 1347 1237 dunt,
1396 1197 1435 1226 ut
1463 1203 1577 1240 supra
1620 1190 1822 1241 probatum
1861 1193 1933 1230 fuit
1974 1192 2045 1231 ltoc
2074 1195 2209 1231 eodem
2253 1209 2341 1246 cap.

1223 1241 1337 1294 Prop.
1367 1242 1397 1281 I.
1428 1241 1659 1293 Hujusmodi
1690 1243 1858 1292 abusus,
1889 1243 1922 1281 8(
1951 1248 1980 1284 si
2010 1249 2078 1297 qui
2099 1246 2167 1284 alii
2197 1247 2341 1286 simile·

1223 1304 1308 1333 sunt
1331 1326 1342 1344 ,
1389 1295 1439 1334 ab
1467 1296 1647 1347 opinione
1677 1297 1870 1349 possibilis
1911 1307 2026 1337 status
2055 1309 2198 1338 naturae
2230 1314 2340 1353 purae

1221 1350 1383 1386 resecari
1423 1348 1591 1398 debent,
1630 1358 1670 1387 ut
1712 1364 1734 1387 a
1780 1350 2117 1403 fidelibttsSaiict.
2163 1352 2339 1406 Augusti-

1219 1403 1262 1438 ni
1286 1431 1296 1449 ,
1343 1401 1377 1438 &
1412 1401 1575 1440 Tliomae
1605 1403 1802 1455 discipulis
1831 1405 1980 1445 admitti
2021 1405 2155 1459 aliqua
2197 1409 2342 1446 ratione

1224 1463 1340 1506 possit
1361 1482 1372 1493 .
1842 1504 1845 1505 ⁷

1278 1509 1456 1547 Ceterum
1487 1511 1614 1562 potius
1642 1509 1766 1548 danda
1794 1511 1904 1551 nobis
1923 1526 2038 1566 opera
2066 1521 2149 1561 est,
2181 1521 2219 1551 ut
2239 1527 2340 1566 prae-

1220 1569 1369 1599 'sentem
1413 1564 1666 1615 corruptionis
1697 1573 1865 1614 statum,
1913 1568 2038 1618 quoad
2068 1567 2153 1605 fieri
2198 1577 2340 1618 potest,

1226 1615 1393 1664 perfecte
1422 1627 1715 1666 cognoscamus;
1762 1616 1833 1656 hoc
1864 1621 1966 1657 enirn
1996 1620 2147 1671 cognito
2190 1620 2342 1660 facilius

1226 1666 1380 1704 animus
1410 1676 1530 1704 noster
1559 1679 1724 1720 assurget
1753 1671 1799 1708 ad
1820 1673 2119 1722 cognoscendam
2139 1676 2340 1713 necessita-

1225 1727 1302 1757 tem
1333 1720 1598 1758 Incaruationis
1627 1721 1678 1759 D.
1708 1721 1757 1760 N.
1788 1723 1824 1760 J.
1852 1725 1896 1762 C.
1919 1753 1930 1772 ,
1975 1725 2136 1777 ‘ejusque
2177 1728 2334 1777 gratiae,

1222 1785 1305 1824 qua
1332 1772 1493 1812 vulnera
1513 1778 1636 1823 nostra
1649 1784 1834 1814 'sanantur
1850 1806 1860 1824 ‚
1891 1777 2094 1816 infirmitas
2113 1777 2340 1830 adjuvatur,

1227 1825 1261 1861 δε
1290 1825 1490 1865 obliterata
1520 1827 1593 1866 Dei
1624 1829 1818 1880 imago'in
1848 1830 1958 1868 nobis
1988 1831 2241 1870 reformatur.
2283 1834 2343 1872 De

1222 1879 1368 1931 *quihus
1396 1881 1544 1919 duobus
1573 1880 1736 1920 infinitae
1767 1883 1841 1922 Dei
1885 1885 2159 1924 misericordiae
2196 1886 2341 1925 henefi-

1220 1933 1297 1971 ‘ciis
1326 1934 1366 1972 in
1394 1933 1542 1973 duobus
1571 1935 1813 1987 sequentibus
1842 1938 2106 1979 voluminibus
2128 1940 2210 1978 Deo
2227 1940 2340 1991 adju·-

1222 1992 1337 2028 vante
1365 1987 1562 2028 uberrime
1589 1992 1785 2030 tractaturi
1812 2003 1946 2031 sumus
1962 2013 1974 2031 ·.

905 2503 1054 2550 FJMS
1079 2506 1231 2553 'ToMJ
1256 2515 1406 2567 QUAR
1414 2517 1490 2557 :wt
