<?xml version="1.0" encoding="UTF-8"?>
<!DOCTYPE html PUBLIC "-//W3C//DTD XHTML 1.0 Transitional//EN"
    "http://www.w3.org/TR/xhtml1/DTD/xhtml1-transitional.dtd">
<html xmlns="http://www.w3.org/1999/xhtml" xml:lang="en" lang="en">
 <head>
  <title>
</title>
<meta http-equiv="Content-Type" content="text/html;charset=utf-8" />
  <meta name='ocr-system' content='tesseract 3.04.00' />
  <meta name='ocr-capabilities' content='ocr_page ocr_carea ocr_par ocr_line ocrx_word'/>
</head>
<body>
  <div class='ocr_page' id='page_1' title='image "./fratrispetrimari04gazzuoft/fratrispetrimari04gazzuoft_0313.png"; bbox 0 0 2583 3685; ppageno 0'>
   <div class='ocr_carea' id='block_1_1' title="bbox 909 91 2351 139">
    <p class='ocr_par' dir='ltr' id='par_1_1' title="bbox 909 91 2351 139">
     <span class='ocr_line' id='line_1_1' title="bbox 909 91 2351 139; baseline -0.001 0"><span class='ocrx_word' id='word_1_1' title='bbox 909 94 989 139; x_wconf 79' lang='lat' dir='ltr'>DE·</span> <span class='ocrx_word' id='word_1_2' title='bbox 1023 93 1273 138; x_wconf 77' lang='lat' dir='ltr'><strong>INCARN.</strong></span> <span class='ocrx_word' id='word_1_3' title='bbox 1307 91 1635 136; x_wconf 76' lang='lat' dir='ltr'><strong>TEMPORE..</strong></span> <span class='ocrx_word' id='word_1_4' title='bbox 2301 98 2351 137; x_wconf 79' lang='grc'>61</span> 
     </span>
    </p>
   </div>
   <div class='ocr_carea' id='block_1_2' title="bbox 92 171 1228 1876">
    <p class='ocr_par' dir='ltr' id='par_1_2' title="bbox 114 171 1228 387">
     <span class='ocr_line' id='line_1_2' title="bbox 114 171 1228 230; baseline -0.004 -14"><span class='ocrx_word' id='word_1_5' title='bbox 114 183 229 230; x_wconf 80' lang='lat' dir='ltr'>atque</span> <span class='ocrx_word' id='word_1_6' title='bbox 248 175 342 216; x_wconf 83' lang='lat' dir='ltr'>adeo</span> <span class='ocrx_word' id='word_1_7' title='bbox 359 180 471 214; x_wconf 76' lang='lat' dir='ltr'>certae</span> <span class='ocrx_word' id='word_1_8' title='bbox 491 179 591 213; x_wconf 81' lang='lat' dir='ltr'>notae</span> <span class='ocrx_word' id='word_1_9' title='bbox 607 171 790 213; x_wconf 79' lang='lat' dir='ltr'>fidelibus</span> <span class='ocrx_word' id='word_1_10' title='bbox 806 182 945 226; x_wconf 74' lang='lat' dir='ltr'>praesto</span> <span class='ocrx_word' id='word_1_11' title='bbox 974 183 1113 222; x_wconf 76' lang='lat' dir='ltr'>essent,</span> <span class='ocrx_word' id='word_1_12' title='bbox 1141 174 1228 226; x_wconf 85' lang='lat' dir='ltr'>qui-</span> 
     </span>
     <span class='ocr_line' id='line_1_3' title="bbox 114 226 1228 281; baseline -0.006 -11"><span class='ocrx_word' id='word_1_13' title='bbox 114 230 188 270; x_wconf 74' lang='lat' dir='ltr'>bus</span> <span class='ocrx_word' id='word_1_14' title='bbox 217 239 361 269; x_wconf 80' lang='lat' dir='ltr'>tantum</span> <span class='ocrx_word' id='word_1_15' title='bbox 389 227 531 266; x_wconf 89' lang='lat' dir='ltr'>donum</span> <span class='ocrx_word' id='word_1_16' title='bbox 562 241 582 265; x_wconf 92' lang='lat' dir='ltr'>e</span> <span class='ocrx_word' id='word_1_17' title='bbox 609 227 710 266; x_wconf 87' lang='lat' dir='ltr'>coelo</span> <span class='ocrx_word' id='word_1_18' title='bbox 737 227 869 266; x_wconf 75' lang='lat' dir='ltr'>datum</span> <span class='ocrx_word' id='word_1_19' title='bbox 899 235 1161 281; x_wconf 84' lang='lat' dir='ltr'>agnoscerent,</span> <span class='ocrx_word' id='word_1_20' title='bbox 1193 226 1228 263; x_wconf 84' lang='lat'>&amp;</span> 
     </span>
     <span class='ocr_line' id='line_1_4' title="bbox 118 280 1227 334; baseline -0.005 -11"><span class='ocrx_word' id='word_1_21' title='bbox 118 280 393 323; x_wconf 69' lang='lat' dir='ltr'>inexcusabiles</span> <span class='ocrx_word' id='word_1_22' title='bbox 421 288 542 319; x_wconf 84' lang='lat' dir='ltr'>esseut</span> <span class='ocrx_word' id='word_1_23' title='bbox 560 311 571 329; x_wconf 89' lang='lat'>‚</span> <span class='ocrx_word' id='word_1_24' title='bbox 618 283 686 334; x_wconf 90' lang='lat' dir='ltr'>qui</span> <span class='ocrx_word' id='word_1_25' title='bbox 714 281 844 320; x_wconf 88' lang='lat' dir='ltr'>Jesum</span> <span class='ocrx_word' id='word_1_26' title='bbox 874 280 1069 319; x_wconf 85' lang='lat' dir='ltr'>Christum</span> <span class='ocrx_word' id='word_1_27' title='bbox 1098 280 1227 318; x_wconf 84' lang='lat' dir='ltr'>crede-</span> 
     </span>
     <span class='ocr_line' id='line_1_5' title="bbox 114 332 1186 387; baseline -0.004 -14"><span class='ocrx_word' id='word_1_28' title='bbox 114 348 178 386; x_wconf 78' lang='lat' dir='ltr'>r-e,</span> <span class='ocrx_word' id='word_1_29' title='bbox 203 343 314 387; x_wconf 76' lang='lat' dir='ltr'>atque</span> <span class='ocrx_word' id='word_1_30' title='bbox 344 342 382 372; x_wconf 88' lang='lat' dir='ltr'>ut</span> <span class='ocrx_word' id='word_1_31' title='bbox 413 333 540 372; x_wconf 88' lang='lat' dir='ltr'>Deum</span> <span class='ocrx_word' id='word_1_32' title='bbox 569 335 726 374; x_wconf 83' lang='lat' dir='ltr'>adorare</span> <span class='ocrx_word' id='word_1_33' title='bbox 754 336 995 387; x_wconf 79' lang='lat' dir='ltr'>pertinaciter</span> <span class='ocrx_word' id='word_1_34' title='bbox 1024 332 1186 371; x_wconf 89' lang='lat' dir='ltr'>nollent.</span> 
     </span>
    </p>

    <p class='ocr_par' dir='ltr' id='par_1_3' title="bbox 107 386 1228 491">
     <span class='ocr_line' id='line_1_6' title="bbox 107 386 1228 427; baseline -0.004 -1"><span class='ocrx_word' id='word_1_35' title='bbox 107 397 115 412; x_wconf 85' lang='lat'><strong>·</strong></span> <span class='ocrx_word' id='word_1_36' title='bbox 171 386 258 426; x_wconf 80' lang='grc'>150.</span> <span class='ocrx_word' id='word_1_37' title='bbox 287 386 370 425; x_wconf 86' lang='lat' dir='ltr'>Has·</span> <span class='ocrx_word' id='word_1_38' title='bbox 393 388 651 427; x_wconf 78' lang='lat' dir='ltr'>retardationis</span> <span class='ocrx_word' id='word_1_39' title='bbox 694 389 875 426; x_wconf 84' lang='lat' dir='ltr'>adventus</span> <span class='ocrx_word' id='word_1_40' title='bbox 903 387 1058 426; x_wconf 68' lang='lat' dir='ltr'>Messias</span> <span class='ocrx_word' id='word_1_41' title='bbox 1096 398 1228 424; x_wconf 72' lang='lat' dir='ltr'>causas</span> 
     </span>
     <span class='ocr_line' id='line_1_7' title="bbox 127 438 1225 491; baseline -0.001 -14"><span class='ocrx_word' id='word_1_42' title='bbox 127 441 251 486; x_wconf 37' lang='lat' dir='ltr'>,as-im</span> <span class='ocrx_word' id='word_1_43' title='bbox 281 439 355 478; x_wconf 84' lang='lat' dir='ltr'>alle</span> <span class='ocrx_word' id='word_1_44' title='bbox 383 449 446 478; x_wconf 89' lang='lat' dir='ltr'>ant</span> <span class='ocrx_word' id='word_1_45' title='bbox 463 443 579 480; x_wconf 85' lang='lat' dir='ltr'>sancti</span> <span class='ocrx_word' id='word_1_46' title='bbox 598 441 723 480; x_wconf 83' lang='lat' dir='ltr'>Patres</span> <span class='ocrx_word' id='word_1_47' title='bbox 739 468 749 480; x_wconf 94' lang='grc'>.</span> <span class='ocrx_word' id='word_1_48' title='bbox 777 443 819 480; x_wconf 89' lang='lat' dir='ltr'>S.</span> <span class='ocrx_word' id='word_1_49' title='bbox 842 440 1075 491; x_wconf 74' lang='lat' dir='ltr'>Augustinus</span> <span class='ocrx_word' id='word_1_50' title='bbox 1096 438 1225 476; x_wconf 83' lang='lat' dir='ltr'>Tract.</span> 
     </span>
    </p>

    <p class='ocr_par' dir='ltr' id='par_1_4' title="bbox 92 454 1226 1065">
     <span class='ocr_line' id='line_1_8' title="bbox 153 454 1226 533; baseline -0.004 -2"><span class='ocrx_word' id='word_1_51' title='bbox 153 491 262 532; x_wconf 80' lang='lat' dir='ltr'><strong>XXI.</strong></span> <span class='ocrx_word' id='word_1_52' title='bbox 292 494 331 531; x_wconf 87' lang='grc'>111</span> <span class='ocrx_word' id='word_1_53' title='bbox 357 454 469 533; x_wconf 49' lang='lat' dir='ltr'>§nam</span> <span class='ocrx_word' id='word_1_54' title='bbox 499 510 538 533; x_wconf 92' lang='grc'>11.</span> <span class='ocrx_word' id='word_1_55' title='bbox 563 496 598 533; x_wconf 87' lang='grc'>5.</span> <span class='ocrx_word' id='word_1_56' title='bbox 629 495 742 533; x_wconf 77' lang='lat' dir='ltr'>Tom.</span> <span class='ocrx_word' id='word_1_57' title='bbox 765 495 830 532; x_wconf 86' lang='grc' dir='ltr'>ΙΙΙ.</span> <span class='ocrx_word' id='word_1_58' title='bbox 860 493 900 531; x_wconf 82' lang='grc' dir='ltr'>Ρ.</span> <span class='ocrx_word' id='word_1_59' title='bbox 924 494 969 531; x_wconf 89' lang='lat' dir='ltr'>ll.</span> <span class='ocrx_word' id='word_1_60' title='bbox 1018 490 1140 528; x_wconf 86' lang='lat' dir='ltr'>Multi</span> <span class='ocrx_word' id='word_1_61' title='bbox 1168 490 1226 528; x_wconf 84' lang='lat' dir='ltr'>di-</span> 
     </span>
     <span class='ocr_line' id='line_1_9' title="bbox 110 543 1225 599; baseline -0.002 -17"><span class='ocrx_word' id='word_1_62' title='bbox 110 554 205 583; x_wconf 76' lang='lat' dir='ltr'>cunt</span> <span class='ocrx_word' id='word_1_63' title='bbox 224 576 234 594; x_wconf 92' lang='lat'>‚</span> <span class='ocrx_word' id='word_1_64' title='bbox 265 547 346 595; x_wconf 86' lang='lat' dir='ltr'>ait,</span> <span class='ocrx_word' id='word_1_65' title='bbox 375 561 500 599; x_wconf 83' lang='lat' dir='ltr'>quare</span> <span class='ocrx_word' id='word_1_66' title='bbox 529 561 607 586; x_wconf 88' lang='lat' dir='ltr'>non</span> <span class='ocrx_word' id='word_1_67' title='bbox 638 558 735 587; x_wconf 83' lang='lat' dir='ltr'>ante</span> <span class='ocrx_word' id='word_1_68' title='bbox 763 551 863 586; x_wconf 87' lang='lat' dir='ltr'>venit</span> <span class='ocrx_word' id='word_1_69' title='bbox 888 543 1099 584; x_wconf 76' lang='lat' dir='ltr'>Christus?</span> <span class='ocrx_word' id='word_1_70' title='bbox 1132 544 1225 594; x_wconf 81' lang='lat' dir='ltr'>Qui-</span> 
     </span>
     <span class='ocr_line' id='line_1_10' title="bbox 107 595 1225 652; baseline -0.003 -16"><span class='ocrx_word' id='word_1_71' title='bbox 107 595 178 636; x_wconf 80' lang='lat' dir='ltr'>hus</span> <span class='ocrx_word' id='word_1_72' title='bbox 214 600 532 649; x_wconf 82' lang='lat' dir='ltr'>respondendum</span> <span class='ocrx_word' id='word_1_73' title='bbox 573 611 630 640; x_wconf 81' lang='lat' dir='ltr'>est</span> <span class='ocrx_word' id='word_1_74' title='bbox 648 632 659 651; x_wconf 95' lang='lat'>,</span> <span class='ocrx_word' id='word_1_75' title='bbox 707 605 801 652; x_wconf 81' lang='lat' dir='ltr'>quia</span> <span class='ocrx_word' id='word_1_76' title='bbox 843 598 1020 637; x_wconf 88' lang='lat' dir='ltr'>nondum</span> <span class='ocrx_word' id='word_1_77' title='bbox 1062 605 1225 635; x_wconf 83' lang='lat' dir='ltr'>venerat</span> 
     </span>
     <span class='ocr_line' id='line_1_11' title="bbox 104 652 1223 706; baseline 0 -18"><span class='ocrx_word' id='word_1_78' title='bbox 104 652 305 702; x_wconf 76' lang='lat' dir='ltr'><em>plenitudo</em></span> <span class='ocrx_word' id='word_1_79' title='bbox 334 659 544 706; x_wconf 80' lang='lat' dir='ltr'>temporis,</span> <span class='ocrx_word' id='word_1_80' title='bbox 592 654 829 693; x_wconf 82' lang='lat' dir='ltr'><em>moderante</em></span> <span class='ocrx_word' id='word_1_81' title='bbox 857 653 948 700; x_wconf 88' lang='lat' dir='ltr'>illo,</span> <span class='ocrx_word' id='word_1_82' title='bbox 995 663 1066 702; x_wconf 82' lang='lat' dir='ltr'>per</span> <span class='ocrx_word' id='word_1_83' title='bbox 1106 663 1223 701; x_wconf 80' lang='lat' dir='ltr'>quem</span> 
     </span>
     <span class='ocr_line' id='line_1_12' title="bbox 92 702 1224 757; baseline 0 -15"><span class='ocrx_word' id='word_1_84' title='bbox 92 702 224 757; x_wconf 73' lang='lat' dir='ltr'>jitcta</span> <span class='ocrx_word' id='word_1_85' title='bbox 254 716 345 744; x_wconf 83' lang='lat' dir='ltr'>sunt</span> <span class='ocrx_word' id='word_1_86' title='bbox 374 717 453 747; x_wconf 85' lang='lat' dir='ltr'>tem</span> <span class='ocrx_word' id='word_1_87' title='bbox 482 721 585 746; x_wconf 83' lang='lat' dir='ltr'>ora:</span> <span class='ocrx_word' id='word_1_88' title='bbox 631 707 780 746; x_wconf 82' lang='lat' dir='ltr'><em>sciebat</em></span> <span class='ocrx_word' id='word_1_89' title='bbox 808 709 915 743; x_wconf 90' lang='lat' dir='ltr'>enim</span> <span class='ocrx_word' id='word_1_90' title='bbox 933 734 945 752; x_wconf 92' lang='lat'>,</span> <span class='ocrx_word' id='word_1_91' title='bbox 975 702 1136 754; x_wconf 84' lang='lat' dir='ltr'>quando</span> <span class='ocrx_word' id='word_1_92' title='bbox 1163 717 1224 742; x_wconf 82' lang='lat' dir='ltr'>ve—</span> 
     </span>
     <span class='ocr_line' id='line_1_13' title="bbox 104 723 1224 812; baseline -0.001 -17"><span class='ocrx_word' id='word_1_93' title='bbox 104 762 192 798; x_wconf 85' lang='lat' dir='ltr'>nire</span> <span class='ocrx_word' id='word_1_94' title='bbox 221 758 403 800; x_wconf 80' lang='lat' dir='ltr'><strong><em>deberet.</em></strong></span> <span class='ocrx_word' id='word_1_95' title='bbox 434 723 572 800; x_wconf 61' lang='lat' dir='ltr'>lfrtmo</span> <span class='ocrx_word' id='word_1_96' title='bbox 598 773 668 812; x_wconf 86' lang='lat' dir='ltr'>per</span> <span class='ocrx_word' id='word_1_97' title='bbox 698 760 871 798; x_wconf 85' lang='lat' dir='ltr'>multam</span> <span class='ocrx_word' id='word_1_98' title='bbox 899 760 1046 796; x_wconf 85' lang='lat' dir='ltr'>seriem</span> <span class='ocrx_word' id='word_1_99' title='bbox 1075 766 1224 806; x_wconf 85' lang='lat' dir='ltr'>tempo-</span> 
     </span>
     <span class='ocr_line' id='line_1_14' title="bbox 104 811 1223 865; baseline 0.001 -17"><span class='ocrx_word' id='word_1_100' title='bbox 104 823 194 849; x_wconf 85' lang='lat' dir='ltr'>rum</span> <span class='ocrx_word' id='word_1_101' title='bbox 213 843 223 861; x_wconf 94' lang='lat'><strong>‚</strong></span> <span class='ocrx_word' id='word_1_102' title='bbox 252 814 302 854; x_wconf 73' lang='lat'>&lt;9⁶</span> <span class='ocrx_word' id='word_1_103' title='bbox 331 827 531 853; x_wconf 88' lang='lat' dir='ltr'>annorum</span> <span class='ocrx_word' id='word_1_104' title='bbox 558 811 832 865; x_wconf 78' lang='lat' dir='ltr'>proediCendus</span> <span class='ocrx_word' id='word_1_105' title='bbox 848 811 964 864; x_wconf 85' lang='lat' dir='ltr'>fuit,</span> <span class='ocrx_word' id='word_1_106' title='bbox 1004 823 1086 848; x_wconf 88' lang='lat' dir='ltr'>non</span> <span class='ocrx_word' id='word_1_107' title='bbox 1115 816 1223 849; x_wconf 89' lang='lat' dir='ltr'>enim</span> 
     </span>
     <span class='ocr_line' id='line_1_15' title="bbox 108 863 1225 920; baseline 0.001 -18"><span class='ocrx_word' id='word_1_108' title='bbox 108 865 270 917; x_wconf 79' lang='lat' dir='ltr'><em>aliquod</em></span> <span class='ocrx_word' id='word_1_109' title='bbox 295 880 462 920; x_wconf 80' lang='lat' dir='ltr'>parvum</span> <span class='ocrx_word' id='word_1_110' title='bbox 491 875 697 906; x_wconf 81' lang='lat' dir='ltr'>venturum</span> <span class='ocrx_word' id='word_1_111' title='bbox 713 864 826 918; x_wconf 85' lang='lat' dir='ltr'>fuit:</span> <span class='ocrx_word' id='word_1_112' title='bbox 865 866 929 902; x_wconf 90' lang='lat' dir='ltr'>diu</span> <span class='ocrx_word' id='word_1_113' title='bbox 945 863 1093 917; x_wconf 71' lang='lat' dir='ltr'>suerat</span> <span class='ocrx_word' id='word_1_114' title='bbox 1121 878 1225 915; x_wconf 82' lang='lat' dir='ltr'>prae-</span> 
     </span>
     <span class='ocr_line' id='line_1_16' title="bbox 104 917 1224 973; baseline -0.003 -16"><span class='ocrx_word' id='word_1_115' title='bbox 104 918 320 969; x_wconf 80' lang='lat' dir='ltr'>dicendus,</span> <span class='ocrx_word' id='word_1_116' title='bbox 349 933 506 973; x_wconf 84' lang='lat' dir='ltr'><em>semper</em></span> <span class='ocrx_word' id='word_1_117' title='bbox 532 918 725 957; x_wconf 78' lang='lat' dir='ltr'>tenendus</span> <span class='ocrx_word' id='word_1_118' title='bbox 747 946 757 958; x_wconf 90' lang='lat'>.</span> <span class='ocrx_word' id='word_1_119' title='bbox 805 918 967 969; x_wconf 84' lang='lat' dir='ltr'>Quanto</span> <span class='ocrx_word' id='word_1_120' title='bbox 997 919 1132 970; x_wconf 79' lang='lat' dir='ltr'>major</span> <span class='ocrx_word' id='word_1_121' title='bbox 1159 917 1224 956; x_wconf 85' lang='lat' dir='ltr'>Ju-</span> 
     </span>
     <span class='ocr_line' id='line_1_17' title="bbox 104 971 1224 1025; baseline 0.001 -16"><span class='ocrx_word' id='word_1_122' title='bbox 104 971 186 1010; x_wconf 76' lang='lat' dir='ltr'>‹lex</span> <span class='ocrx_word' id='word_1_123' title='bbox 201 973 382 1013; x_wconf 78' lang='lat' dir='ltr'>veniebat</span> <span class='ocrx_word' id='word_1_124' title='bbox 393 1003 404 1024; x_wconf 90' lang='lat'>,</span> <span class='ocrx_word' id='word_1_125' title='bbox 434 981 550 1012; x_wconf 82' lang='lat' dir='ltr'>tantu</span> <span class='ocrx_word' id='word_1_126' title='bbox 562 976 795 1025; x_wconf 81' lang='lat' dir='ltr'>proeconum</span> <span class='ocrx_word' id='word_1_127' title='bbox 811 973 966 1025; x_wconf 79' lang='lat' dir='ltr'>longior</span> <span class='ocrx_word' id='word_1_128' title='bbox 983 976 1107 1010; x_wconf 87' lang='lat' dir='ltr'>series</span> <span class='ocrx_word' id='word_1_129' title='bbox 1122 984 1224 1024; x_wconf 79' lang='lat' dir='ltr'>prae-</span> 
     </span>
     <span class='ocr_line' id='line_1_18' title="bbox 107 1025 300 1065; baseline 0 0"><span class='ocrx_word' id='word_1_130' title='bbox 107 1025 300 1065; x_wconf 71' lang='lat' dir='ltr'>cedebat.</span> 
     </span>
    </p>

    <p class='ocr_par' dir='ltr' id='par_1_5' title="bbox 92 1072 1219 1876">
     <span class='ocr_line' id='line_1_19' title="bbox 161 1072 1218 1133; baseline -0.001 -16"><span class='ocrx_word' id='word_1_131' title='bbox 161 1079 247 1118; x_wconf 81' lang='lat'>131.</span> <span class='ocrx_word' id='word_1_132' title='bbox 275 1079 413 1119; x_wconf 83' lang='lat' dir='ltr'>Etiam·</span> <span class='ocrx_word' id='word_1_133' title='bbox 433 1079 474 1119; x_wconf 87' lang='lat' dir='ltr'>S.</span> <span class='ocrx_word' id='word_1_134' title='bbox 504 1079 583 1119; x_wconf 73' lang='lat' dir='ltr'>neo</span> <span class='ocrx_word' id='word_1_135' title='bbox 609 1080 714 1133; x_wconf 81' lang='lat' dir='ltr'>Papa</span> <span class='ocrx_word' id='word_1_136' title='bbox 743 1072 867 1118; x_wconf 79' lang='lat' dir='ltr'>Se&#39;rm.</span> <span class='ocrx_word' id='word_1_137' title='bbox 889 1077 1040 1116; x_wconf 85' lang='lat' dir='ltr'>XXIV.</span> <span class='ocrx_word' id='word_1_138' title='bbox 1070 1091 1157 1130; x_wconf 80' lang='lat' dir='ltr'>cap.</span> <span class='ocrx_word' id='word_1_139' title='bbox 1179 1078 1218 1124; x_wconf 71' lang='lat'>4¹.</span> 
     </span>
     <span class='ocr_line' id='line_1_20' title="bbox 99 1131 1219 1187; baseline -0.002 -17"><span class='ocrx_word' id='word_1_140' title='bbox 99 1131 146 1170; x_wconf 84' lang='lat' dir='ltr'>ad</span> <span class='ocrx_word' id='word_1_141' title='bbox 176 1145 308 1171; x_wconf 86' lang='lat' dir='ltr'>eorum</span> <span class='ocrx_word' id='word_1_142' title='bbox 337 1133 515 1187; x_wconf 80' lang='lat' dir='ltr'>querelas</span> <span class='ocrx_word' id='word_1_143' title='bbox 541 1133 855 1186; x_wconf 83' lang='lat' dir='ltr'>compescendas,</span> <span class='ocrx_word' id='word_1_144' title='bbox 902 1133 970 1184; x_wconf 91' lang='lat' dir='ltr'>qui</span> <span class='ocrx_word' id='word_1_145' title='bbox 1000 1131 1219 1170; x_wconf 80' lang='lat' dir='ltr'>Dominicae</span> 
     </span>
     <span class='ocr_line' id='line_1_21' title="bbox 98 1184 1219 1239; baseline 0 -16"><span class='ocrx_word' id='word_1_146' title='bbox 98 1184 368 1225; x_wconf 75' lang='lat' dir='ltr'>incarnationis</span> <span class='ocrx_word' id='word_1_147' title='bbox 397 1187 612 1226; x_wconf 77' lang='lat' dir='ltr'>tarditatem</span> <span class='ocrx_word' id='word_1_148' title='bbox 655 1185 890 1239; x_wconf 84' lang='lat' dir='ltr'>culpabant:</span> <span class='ocrx_word' id='word_1_149' title='bbox 935 1184 1058 1236; x_wconf 78' lang='lat' dir='ltr'>Quod</span> <span class='ocrx_word' id='word_1_150' title='bbox 1077 1185 1219 1236; x_wconf 82' lang='lat' dir='ltr'>praedi·</span> 
     </span>
     <span class='ocr_line' id='line_1_22' title="bbox 99 1239 1219 1292; baseline 0 -16"><span class='ocrx_word' id='word_1_151' title='bbox 99 1248 288 1277; x_wconf 84' lang='lat' dir='ltr'>caverunt</span> <span class='ocrx_word' id='word_1_152' title='bbox 317 1239 518 1291; x_wconf 62' lang='lat' dir='ltr'>Apostoli,</span> <span class='ocrx_word' id='word_1_153' title='bbox 549 1240 673 1292; x_wconf 90' lang='lat' dir='ltr'>inquit</span> <span class='ocrx_word' id='word_1_154' title='bbox 691 1269 701 1288; x_wconf 89' lang='lat'>,</span> <span class='ocrx_word' id='word_1_155' title='bbox 744 1239 817 1276; x_wconf 75' lang='lat' dir='ltr'>hoc</span> <span class='ocrx_word' id='word_1_156' title='bbox 845 1242 1219 1290; x_wconf 74' lang='lat' dir='ltr'>praenunciaverunt</span> 
     </span>
     <span class='ocr_line' id='line_1_23' title="bbox 96 1289 1218 1344; baseline 0.002 -16"><span class='ocrx_word' id='word_1_157' title='bbox 96 1289 308 1344; x_wconf 73' lang='lat' dir='ltr'>Propheta·</span> <span class='ocrx_word' id='word_1_158' title='bbox 322 1307 337 1336; x_wconf 91' lang='lat'><em>;</em></span> <span class='ocrx_word' id='word_1_159' title='bbox 366 1291 440 1330; x_wconf 84' lang='lat' dir='ltr'>nec</span> <span class='ocrx_word' id='word_1_160' title='bbox 468 1305 556 1330; x_wconf 89' lang='lat' dir='ltr'>sero</span> <span class='ocrx_word' id='word_1_161' title='bbox 584 1302 642 1331; x_wconf 85' lang='lat' dir='ltr'>est</span> <span class='ocrx_word' id='word_1_162' title='bbox 671 1293 876 1343; x_wconf 83' lang='lat' dir='ltr'>impletum</span> <span class='ocrx_word' id='word_1_163' title='bbox 893 1322 904 1340; x_wconf 87' lang='lat'>‚</span> <span class='ocrx_word' id='word_1_164' title='bbox 933 1291 1043 1342; x_wconf 74' lang='lat' dir='ltr'>quod</span> <span class='ocrx_word' id='word_1_165' title='bbox 1061 1305 1218 1342; x_wconf 85' lang='lat' dir='ltr'><em>semper</em></span> 
     </span>
     <span class='ocr_line' id='line_1_24' title="bbox 97 1344 1216 1398; baseline 0.003 -17"><span class='ocrx_word' id='word_1_166' title='bbox 97 1352 156 1382; x_wconf 86' lang='lat' dir='ltr'>est</span> <span class='ocrx_word' id='word_1_167' title='bbox 185 1344 405 1383; x_wconf 84' lang='lat' dir='ltr'>creditum.</span> <span class='ocrx_word' id='word_1_168' title='bbox 436 1345 644 1396; x_wconf 79' lang='lat' dir='ltr'>Sapientia</span> <span class='ocrx_word' id='word_1_169' title='bbox 673 1359 784 1394; x_wconf 85' lang='lat' dir='ltr'>vero,</span> <span class='ocrx_word' id='word_1_170' title='bbox 812 1347 866 1386; x_wconf 69' lang='lat'>(9-</span> <span class='ocrx_word' id='word_1_171' title='bbox 892 1344 1117 1398; x_wconf 80' lang='lat' dir='ltr'>benignitas</span> <span class='ocrx_word' id='word_1_172' title='bbox 1136 1345 1216 1384; x_wconf 90' lang='lat' dir='ltr'>Dei</span> 
     </span>
     <span class='ocr_line' id='line_1_25' title="bbox 96 1395 1216 1450; baseline 0.003 -16"><span class='ocrx_word' id='word_1_173' title='bbox 96 1395 173 1435; x_wconf 76' lang='lat' dir='ltr'>hac</span> <span class='ocrx_word' id='word_1_174' title='bbox 203 1397 401 1450; x_wconf 72' lang='lat' dir='ltr'>salutiferi</span> <span class='ocrx_word' id='word_1_175' title='bbox 441 1403 568 1449; x_wconf 80' lang='lat' dir='ltr'>operis</span> <span class='ocrx_word' id='word_1_176' title='bbox 597 1412 713 1438; x_wconf 85' lang='lat' dir='ltr'>mora</span> <span class='ocrx_word' id='word_1_177' title='bbox 742 1403 974 1450; x_wconf 77' lang='lat' dir='ltr'><em>capaciores</em></span> <span class='ocrx_word' id='word_1_178' title='bbox 1016 1412 1089 1437; x_wconf 89' lang='lat' dir='ltr'>nos</span> <span class='ocrx_word' id='word_1_179' title='bbox 1117 1402 1216 1437; x_wconf 64' lang='lat' dir='ltr'>‘suco</span> 
     </span>
     <span class='ocr_line' id='line_1_26' title="bbox 97 1450 1216 1505; baseline 0.002 -16"><span class='ocrx_word' id='word_1_180' title='bbox 97 1454 316 1489; x_wconf 74' lang='lat' dir='ltr'>vocationis</span> <span class='ocrx_word' id='word_1_181' title='bbox 343 1450 507 1499; x_wconf 81' lang='lat' dir='ltr'>effecit;</span> <span class='ocrx_word' id='word_1_182' title='bbox 536 1461 576 1489; x_wconf 82' lang='lat' dir='ltr'>ut</span> <span class='ocrx_word' id='word_1_183' title='bbox 606 1451 709 1503; x_wconf 82' lang='lat' dir='ltr'>quod</span> <span class='ocrx_word' id='word_1_184' title='bbox 737 1453 870 1489; x_wconf 86' lang='lat' dir='ltr'>multis</span> <span class='ocrx_word' id='word_1_185' title='bbox 898 1456 1043 1505; x_wconf 78' lang='lat' dir='ltr'>signis,</span> <span class='ocrx_word' id='word_1_186' title='bbox 1082 1453 1216 1491; x_wconf 87' lang='lat' dir='ltr'>multis</span> 
     </span>
     <span class='ocr_line' id='line_1_27' title="bbox 96 1501 1215 1557; baseline 0.001 -15"><span class='ocrx_word' id='word_1_187' title='bbox 96 1501 269 1552; x_wconf 72' lang='lat' dir='ltr'>vocibus,</span> <span class='ocrx_word' id='word_1_188' title='bbox 316 1504 524 1556; x_wconf 82' lang='lat' dir='ltr'>multisque</span> <span class='ocrx_word' id='word_1_189' title='bbox 553 1508 758 1557; x_wconf 80' lang='lat' dir='ltr'>mysteriis</span> <span class='ocrx_word' id='word_1_190' title='bbox 785 1518 854 1555; x_wconf 83' lang='lat' dir='ltr'>per</span> <span class='ocrx_word' id='word_1_191' title='bbox 883 1514 937 1542; x_wconf 81' lang='lat' dir='ltr'>tot</span> <span class='ocrx_word' id='word_1_192' title='bbox 955 1505 1102 1556; x_wconf 75' lang='lat' dir='ltr'>suerat</span> <span class='ocrx_word' id='word_1_193' title='bbox 1139 1519 1215 1543; x_wconf 78' lang='lat' dir='ltr'>soe-</span> 
     </span>
     <span class='ocr_line' id='line_1_28' title="bbox 95 1556 1213 1609; baseline 0.003 -17"><span class='ocrx_word' id='word_1_194' title='bbox 95 1556 189 1593; x_wconf 84' lang='lat' dir='ltr'>cula</span> <span class='ocrx_word' id='word_1_195' title='bbox 208 1560 531 1607; x_wconf 80' lang='lat' dir='ltr'>proenunciatum</span> <span class='ocrx_word' id='word_1_196' title='bbox 547 1587 557 1606; x_wconf 92' lang='lat'>,</span> <span class='ocrx_word' id='word_1_197' title='bbox 587 1562 628 1595; x_wconf 88' lang='lat' dir='ltr'>in</span> <span class='ocrx_word' id='word_1_198' title='bbox 657 1557 716 1595; x_wconf 77' lang='lat' dir='ltr'>his</span> <span class='ocrx_word' id='word_1_199' title='bbox 746 1556 878 1595; x_wconf 84' lang='lat' dir='ltr'>diebus</span> <span class='ocrx_word' id='word_1_200' title='bbox 899 1557 1112 1609; x_wconf 75' lang='lat' dir='ltr'>Evangelii</span> <span class='ocrx_word' id='word_1_201' title='bbox 1133 1572 1213 1595; x_wconf 84' lang='lat' dir='ltr'>non</span> 
     </span>
     <span class='ocr_line' id='line_1_29' title="bbox 93 1607 1215 1663; baseline 0.001 -17"><span class='ocrx_word' id='word_1_202' title='bbox 93 1617 198 1646; x_wconf 81' lang='lat' dir='ltr'>esset</span> <span class='ocrx_word' id='word_1_203' title='bbox 225 1607 488 1663; x_wconf 75' lang='lat' dir='ltr'>ambiguum-,-</span> <span class='ocrx_word' id='word_1_204' title='bbox 534 1611 586 1652; x_wconf 56' lang='grc' dir='ltr'>(θ’</span> <span class='ocrx_word' id='word_1_205' title='bbox 612 1614 803 1648; x_wconf 77' lang='lat' dir='ltr'>nativitas</span> <span class='ocrx_word' id='word_1_206' title='bbox 831 1610 1050 1649; x_wconf 69' lang='lat' dir='ltr'>Stilvatoris</span> <span class='ocrx_word' id='word_1_207' title='bbox 1067 1640 1078 1658; x_wconf 95' lang='lat'>,</span> <span class='ocrx_word' id='word_1_208' title='bbox 1125 1623 1215 1661; x_wconf 81' lang='lat' dir='ltr'>quae</span> 
     </span>
     <span class='ocr_line' id='line_1_30' title="bbox 92 1663 1213 1716; baseline 0 -17"><span class='ocrx_word' id='word_1_209' title='bbox 92 1665 232 1701; x_wconf 87' lang='lat' dir='ltr'>omnia</span> <span class='ocrx_word' id='word_1_210' title='bbox 261 1664 488 1713; x_wconf 84' lang='lat' dir='ltr'>miracula,</span> <span class='ocrx_word' id='word_1_211' title='bbox 517 1677 755 1716; x_wconf 85' lang='lat' dir='ltr'>omnemque</span> <span class='ocrx_word' id='word_1_212' title='bbox 774 1663 965 1702; x_wconf 83' lang='lat' dir='ltr'>humanoe</span> <span class='ocrx_word' id='word_1_213' title='bbox 993 1663 1213 1715; x_wconf 79' lang='lat' dir='ltr'>intelligen-</span> 
     </span>
     <span class='ocr_line' id='line_1_31' title="bbox 94 1718 1213 1766; baseline 0.002 -15"><span class='ocrx_word' id='word_1_214' title='bbox 94 1718 164 1752; x_wconf 82' lang='lat' dir='ltr'>tioe</span> <span class='ocrx_word' id='word_1_215' title='bbox 190 1725 278 1755; x_wconf 85' lang='lat' dir='ltr'>erat</span> <span class='ocrx_word' id='word_1_216' title='bbox 306 1729 526 1757; x_wconf 79' lang='lat' dir='ltr'>excessura</span> <span class='ocrx_word' id='word_1_217' title='bbox 555 1731 821 1766; x_wconf 77' lang='lat' dir='ltr'>mensuram,</span> <span class='ocrx_word' id='word_1_218' title='bbox 869 1726 984 1755; x_wconf 83' lang='lat' dir='ltr'>tanto</span> <span class='ocrx_word' id='word_1_219' title='bbox 1022 1726 1213 1754; x_wconf 83' lang='lat' dir='ltr'>constan—</span> 
     </span>
     <span class='ocr_line' id='line_1_32' title="bbox 96 1769 1214 1824; baseline 0.003 -19"><span class='ocrx_word' id='word_1_220' title='bbox 96 1772 249 1806; x_wconf 75' lang='lat' dir='ltr'>tiorem·</span> <span class='ocrx_word' id='word_1_221' title='bbox 268 1773 309 1808; x_wconf 86' lang='lat' dir='ltr'>in</span> <span class='ocrx_word' id='word_1_222' title='bbox 337 1770 449 1810; x_wconf 80' lang='lat' dir='ltr'>nobis</span> <span class='ocrx_word' id='word_1_223' title='bbox 489 1777 670 1824; x_wconf 77' lang='lat' dir='ltr'>gigneret</span> <span class='ocrx_word' id='word_1_224' title='bbox 687 1771 820 1823; x_wconf 83' lang='lat' dir='ltr'>fidem</span> <span class='ocrx_word' id='word_1_225' title='bbox 837 1801 848 1819; x_wconf 93' lang='lat'>,</span> <span class='ocrx_word' id='word_1_226' title='bbox 895 1769 1214 1823; x_wconf 81' lang='lat' dir='ltr'>quanto-proedi-</span> 
     </span>
     <span class='ocr_line' id='line_1_33' title="bbox 96 1822 1212 1876; baseline 0.004 -18"><span class='ocrx_word' id='word_1_227' title='bbox 96 1825 325 1875; x_wconf 76' lang='lat' dir='ltr'>catioejus,</span> <span class='ocrx_word' id='word_1_228' title='bbox 354 1823 404 1864; x_wconf 62' lang='grc' dir='ltr'>ὁ·</span> <span class='ocrx_word' id='word_1_229' title='bbox 418 1828 617 1876; x_wconf 77' lang='lat' dir='ltr'>antiquior</span> <span class='ocrx_word' id='word_1_230' title='bbox 630 1828 922 1875; x_wconf 77' lang='lat' dir='ltr'>praecessisset,</span> <span class='ocrx_word' id='word_1_231' title='bbox 952 1822 1212 1864; x_wconf 70' lang='lat' dir='ltr'>&amp;cr-ebrior-</span> 
     </span>
    </p>
   </div>
   <div class='ocr_carea' id='block_1_3' title="bbox 95 1874 1224 1930">
    <p class='ocr_par' dir='ltr' id='par_1_6' title="bbox 95 1874 1224 1930">
     <span class='ocr_line' id='line_1_34' title="bbox 95 1874 1224 1930; baseline 0.004 -19"><span class='ocrx_word' id='word_1_232' title='bbox 95 1874 178 1912; x_wconf 81' lang='lat' dir='ltr'>Nec</span> <span class='ocrx_word' id='word_1_233' title='bbox 205 1875 339 1914; x_wconf 82' lang='lat' dir='ltr'>desunt</span> <span class='ocrx_word' id='word_1_234' title='bbox 367 1876 442 1916; x_wconf 86' lang='lat' dir='ltr'>alia</span> <span class='ocrx_word' id='word_1_235' title='bbox 459 1878 628 1928; x_wconf 67' lang='lat' dir='ltr'>ejusdem</span> <span class='ocrx_word' id='word_1_236' title='bbox 648 1880 796 1930; x_wconf 80' lang='lat' dir='ltr'>generis</span> <span class='ocrx_word' id='word_1_237' title='bbox 816 1887 1034 1918; x_wconf 87' lang='lat' dir='ltr'>sanctorum</span> <span class='ocrx_word' id='word_1_238' title='bbox 1055 1876 1224 1916; x_wconf 79' lang='lat' dir='ltr'>P-atrum</span> 
     </span>
    </p>
   </div>
   <div class='ocr_carea' id='block_1_4' title="bbox 87 1929 1213 2783">
    <p class='ocr_par' dir='ltr' id='par_1_7' title="bbox 93 1929 431 1981">
     <span class='ocr_line' id='line_1_35' title="bbox 93 1929 431 1981; baseline 0.006 -15"><span class='ocrx_word' id='word_1_239' title='bbox 93 1929 308 1967; x_wconf 77' lang='lat' dir='ltr'>testimonia</span> <span class='ocrx_word' id='word_1_240' title='bbox 339 1930 431 1981; x_wconf 86' lang='lat' dir='ltr'>(a).</span> 
     </span>
    </p>

    <p class='ocr_par' dir='ltr' id='par_1_8' title="bbox 89 1981 1213 2460">
     <span class='ocr_line' id='line_1_36' title="bbox 156 1981 1211 2036; baseline 0.003 -17"><span class='ocrx_word' id='word_1_241' title='bbox 156 1981 243 2020; x_wconf 82' lang='lat'><strong>152.</strong></span> <span class='ocrx_word' id='word_1_242' title='bbox 272 1982 399 2021; x_wconf 80' lang='lat' dir='ltr'>Prima</span> <span class='ocrx_word' id='word_1_243' title='bbox 416 2013 427 2032; x_wconf 90' lang='lat'>,</span> <span class='ocrx_word' id='word_1_244' title='bbox 457 1983 493 2021; x_wconf 62' lang='grc' dir='ltr'>ἃ»</span> <span class='ocrx_word' id='word_1_245' title='bbox 520 1985 715 2036; x_wconf 77' lang='lat' dir='ltr'>potissima</span> <span class='ocrx_word' id='word_1_246' title='bbox 732 1983 909 2036; x_wconf 85' lang='lat' dir='ltr'>objectio·</span> <span class='ocrx_word' id='word_1_247' title='bbox 926 1992 1054 2023; x_wconf 87' lang='lat' dir='ltr'>contra</span> <span class='ocrx_word' id='word_1_248' title='bbox 1084 1982 1211 2022; x_wconf 82' lang='lat' dir='ltr'>hacte-</span> 
     </span>
     <span class='ocr_line' id='line_1_37' title="bbox 91 2033 1210 2091; baseline 0.003 -20"><span class='ocrx_word' id='word_1_249' title='bbox 91 2045 165 2072; x_wconf 83' lang='lat' dir='ltr'>nus</span> <span class='ocrx_word' id='word_1_250' title='bbox 193 2035 292 2075; x_wconf 79' lang='lat' dir='ltr'>dicta</span> <span class='ocrx_word' id='word_1_251' title='bbox 322 2050 365 2074; x_wconf 83' lang='lat' dir='ltr'>ea</span> <span class='ocrx_word' id='word_1_252' title='bbox 393 2045 470 2085; x_wconf 76' lang='lat' dir='ltr'>est,</span> <span class='ocrx_word' id='word_1_253' title='bbox 517 2033 606 2090; x_wconf 73' lang='lat' dir='ltr'>quae</span> <span class='ocrx_word' id='word_1_254' title='bbox 636 2039 863 2091; x_wconf 80' lang='lat' dir='ltr'>proponitur</span> <span class='ocrx_word' id='word_1_255' title='bbox 903 2052 935 2076; x_wconf 85' lang='lat' dir='ltr'>a·</span> <span class='ocrx_word' id='word_1_256' title='bbox 955 2038 995 2076; x_wconf 81' lang='lat' dir='ltr'>S.</span> <span class='ocrx_word' id='word_1_257' title='bbox 1027 2036 1210 2084; x_wconf 83' lang='lat' dir='ltr'>Thoma3</span> 
     </span>
     <span class='ocr_line' id='line_1_38' title="bbox 92 2088 1210 2130; baseline 0.003 -3"><span class='ocrx_word' id='word_1_258' title='bbox 92 2088 273 2127; x_wconf 83' lang='lat' dir='ltr'>videlicet</span> <span class='ocrx_word' id='word_1_259' title='bbox 300 2102 390 2128; x_wconf 90' lang='lat' dir='ltr'>cum</span> <span class='ocrx_word' id='word_1_260' title='bbox 409 2089 581 2130; x_wconf 76' lang='lat' dir='ltr'>Gliristus</span> <span class='ocrx_word' id='word_1_261' title='bbox 595 2091 702 2130; x_wconf 86' lang='lat' dir='ltr'>Jesus</span> <span class='ocrx_word' id='word_1_262' title='bbox 731 2094 772 2129; x_wconf 90' lang='lat' dir='ltr'>in</span> <span class='ocrx_word' id='word_1_263' title='bbox 801 2090 905 2129; x_wconf 79' lang='lat' dir='ltr'>hunc</span> <span class='ocrx_word' id='word_1_264' title='bbox 934 2090 1130 2129; x_wconf 83' lang='lat' dir='ltr'>mundum</span> <span class='ocrx_word' id='word_1_265' title='bbox 1149 2104 1210 2130; x_wconf 76' lang='lat' dir='ltr'>ve·</span> 
     </span>
     <span class='ocr_line' id='line_1_39' title="bbox 92 2143 1211 2197; baseline 0.004 -19"><span class='ocrx_word' id='word_1_266' title='bbox 92 2144 200 2178; x_wconf 81' lang='lat' dir='ltr'>nerit</span> <span class='ocrx_word' id='word_1_267' title='bbox 226 2152 458 2194; x_wconf 80' lang='lat' dir='ltr'>peccatores</span> <span class='ocrx_word' id='word_1_268' title='bbox 485 2145 620 2183; x_wconf 39' lang='lat' dir='ltr'>salvos*</span> <span class='ocrx_word' id='word_1_269' title='bbox 630 2143 783 2197; x_wconf 69' lang='lat' dir='ltr'>jacere</span> <span class='ocrx_word' id='word_1_270' title='bbox 799 2175 809 2194; x_wconf 84' lang='lat'>‚</span> <span class='ocrx_word' id='word_1_271' title='bbox 858 2153 898 2184; x_wconf 85' lang='lat' dir='ltr'>ut</span> <span class='ocrx_word' id='word_1_272' title='bbox 926 2145 1020 2183; x_wconf 88' lang='lat' dir='ltr'>dicit</span> <span class='ocrx_word' id='word_1_273' title='bbox 1050 2144 1211 2197; x_wconf 84' lang='lat' dir='ltr'>Aposto-</span> 
     </span>
     <span class='ocr_line' id='line_1_40' title="bbox 89 2191 1213 2246; baseline 0.004 -15"><span class='ocrx_word' id='word_1_274' title='bbox 89 2191 152 2232; x_wconf 88' lang='lat' dir='ltr'>lus</span> <span class='ocrx_word' id='word_1_275' title='bbox 185 2207 219 2234; x_wconf 91' lang='grc'>1.</span> <span class='ocrx_word' id='word_1_276' title='bbox 247 2196 305 2234; x_wconf 50' lang='lat' dir='ltr'>ad*</span> <span class='ocrx_word' id='word_1_277' title='bbox 324 2196 529 2237; x_wconf 60' lang='lat' dir='ltr'>Timum..</span> <span class='ocrx_word' id='word_1_278' title='bbox 554 2199 638 2246; x_wconf 65' lang='lat'>15⁶,</span> <span class='ocrx_word' id='word_1_279' title='bbox 668 2197 808 2237; x_wconf 88' lang='lat' dir='ltr'>melius</span> <span class='ocrx_word' id='word_1_280' title='bbox 828 2199 945 2237; x_wconf 80' lang='lat' dir='ltr'>fuisse</span> <span class='ocrx_word' id='word_1_281' title='bbox 974 2198 1152 2246; x_wconf 79' lang='lat' dir='ltr'>videtur,</span> <span class='ocrx_word' id='word_1_282' title='bbox 1181 2198 1213 2235; x_wconf 78' lang='lat' dir='ltr'>si</span> 
     </span>
     <span class='ocr_line' id='line_1_41' title="bbox 90 2249 1210 2302; baseline 0.003 -17"><span class='ocrx_word' id='word_1_283' title='bbox 90 2249 225 2285; x_wconf 82' lang='lat' dir='ltr'>statim·</span> <span class='ocrx_word' id='word_1_284' title='bbox 259 2260 340 2302; x_wconf 84' lang='lat' dir='ltr'>post</span> <span class='ocrx_word' id='word_1_285' title='bbox 377 2261 576 2302; x_wconf 83' lang='lat' dir='ltr'>peccatum</span> <span class='ocrx_word' id='word_1_286' title='bbox 608 2252 747 2289; x_wconf 82' lang='lat' dir='ltr'>Adami</span> <span class='ocrx_word' id='word_1_287' title='bbox 790 2253 974 2296; x_wconf 80' lang='lat' dir='ltr'>venisset3</span> <span class='ocrx_word' id='word_1_288' title='bbox 1022 2252 1076 2288; x_wconf 85' lang='lat' dir='ltr'>sic</span> <span class='ocrx_word' id='word_1_289' title='bbox 1106 2251 1210 2288; x_wconf 86' lang='lat' dir='ltr'>enim</span> 
     </span>
     <span class='ocr_line' id='line_1_42' title="bbox 91 2298 1208 2350; baseline 0.006 -15"><span class='ocrx_word' id='word_1_290' title='bbox 91 2298 224 2350; x_wconf 83' lang='lat' dir='ltr'>plures</span> <span class='ocrx_word' id='word_1_291' title='bbox 253 2301 581 2342; x_wconf 56' lang='lat' dir='ltr'>salvatisuissem:</span> <span class='ocrx_word' id='word_1_292' title='bbox 612 2305 726 2342; x_wconf 88' lang='lat' dir='ltr'>nimis</span> <span class='ocrx_word' id='word_1_293' title='bbox 746 2313 876 2341; x_wconf 85' lang='lat' dir='ltr'>autem</span> <span class='ocrx_word' id='word_1_294' title='bbox 897 2302 1007 2340; x_wconf 86' lang='lat' dir='ltr'>multi</span> <span class='ocrx_word' id='word_1_295' title='bbox 1029 2311 1107 2340; x_wconf 84' lang='lat' dir='ltr'>tam</span> <span class='ocrx_word' id='word_1_296' title='bbox 1126 2302 1208 2342; x_wconf 88' lang='lat' dir='ltr'>lon-</span> 
     </span>
     <span class='ocr_line' id='line_1_43' title="bbox 94 2355 1208 2410; baseline 0.005 -22"><span class='ocrx_word' id='word_1_297' title='bbox 94 2364 144 2404; x_wconf 83' lang='lat' dir='ltr'>go</span> <span class='ocrx_word' id='word_1_298' title='bbox 171 2356 353 2410; x_wconf 83' lang='lat' dir='ltr'>temporis</span> <span class='ocrx_word' id='word_1_299' title='bbox 383 2355 582 2394; x_wconf 82' lang='lat' dir='ltr'>intervallo</span> <span class='ocrx_word' id='word_1_300' title='bbox 611 2358 822 2407; x_wconf 80' lang='lat' dir='ltr'>ignorantes</span> <span class='ocrx_word' id='word_1_301' title='bbox 842 2356 969 2393; x_wconf 87' lang='lat' dir='ltr'>Deum</span> <span class='ocrx_word' id='word_1_302' title='bbox 986 2385 997 2403; x_wconf 92' lang='lat'>,</span> <span class='ocrx_word' id='word_1_303' title='bbox 1027 2355 1065 2392; x_wconf 68' lang='grc' dir='ltr'>δει</span> <span class='ocrx_word' id='word_1_304' title='bbox 1090 2355 1208 2395; x_wconf 78' lang='lat' dir='ltr'>coele-</span> 
     </span>
     <span class='ocr_line' id='line_1_44' title="bbox 94 2407 985 2460; baseline 0.006 -19"><span class='ocrx_word' id='word_1_305' title='bbox 94 2412 190 2443; x_wconf 72' lang='lat' dir='ltr'>stem</span> <span class='ocrx_word' id='word_1_306' title='bbox 222 2419 302 2457; x_wconf 71' lang='lat' dir='ltr'>ejus</span> <span class='ocrx_word' id='word_1_307' title='bbox 330 2407 539 2446; x_wconf 86' lang='lat' dir='ltr'>doctrinam</span> <span class='ocrx_word' id='word_1_308' title='bbox 557 2438 568 2456; x_wconf 82' lang='lat'>,</span> <span class='ocrx_word' id='word_1_309' title='bbox 598 2410 739 2446; x_wconf 81' lang='lat' dir='ltr'>misere</span> <span class='ocrx_word' id='word_1_310' title='bbox 765 2411 985 2460; x_wconf 84' lang='lat' dir='ltr'>perierunt.</span> 
     </span>
    </p>

    <p class='ocr_par' dir='ltr' id='par_1_9' title="bbox 87 2457 1208 2783">
     <span class='ocr_line' id='line_1_45' title="bbox 148 2457 1207 2513; baseline 0.007 -18"><span class='ocrx_word' id='word_1_311' title='bbox 148 2458 235 2498; x_wconf 76' lang='lat'>153.</span> <span class='ocrx_word' id='word_1_312' title='bbox 267 2457 339 2497; x_wconf 85' lang='lat' dir='ltr'>Res</span> <span class='ocrx_word' id='word_1_313' title='bbox 391 2461 489 2499; x_wconf 87' lang='lat' dir='ltr'>ndet·</span> <span class='ocrx_word' id='word_1_314' title='bbox 508 2470 634 2499; x_wconf 84' lang='lat' dir='ltr'>autem</span> <span class='ocrx_word' id='word_1_315' title='bbox 664 2462 870 2513; x_wconf 84' lang='lat' dir='ltr'>Angelicus</span> <span class='ocrx_word' id='word_1_316' title='bbox 887 2462 1027 2500; x_wconf 91' lang='lat' dir='ltr'>Doctor</span> <span class='ocrx_word' id='word_1_317' title='bbox 1055 2462 1207 2503; x_wconf 66' lang='lat' dir='ltr'>cums.</span> 
     </span>
     <span class='ocr_line' id='line_1_46' title="bbox 89 2511 1206 2567; baseline 0.008 -19"><span class='ocrx_word' id='word_1_318' title='bbox 89 2511 302 2563; x_wconf 80' lang='lat' dir='ltr'>Augustino</span> <span class='ocrx_word' id='word_1_319' title='bbox 353 2513 419 2551; x_wconf 59' lang='grc' dir='ltr'>λ11).</span> <span class='ocrx_word' id='word_1_320' title='bbox 450 2513 498 2552; x_wconf 85' lang='lat' dir='ltr'>de</span> <span class='ocrx_word' id='word_1_321' title='bbox 535 2514 638 2552; x_wconf 87' lang='lat' dir='ltr'>dono</span> <span class='ocrx_word' id='word_1_322' title='bbox 674 2527 822 2566; x_wconf 55' lang='lat' dir='ltr'>persev«</span> <span class='ocrx_word' id='word_1_323' title='bbox 851 2528 936 2567; x_wconf 86' lang='lat' dir='ltr'>cap.</span> <span class='ocrx_word' id='word_1_324' title='bbox 963 2528 1024 2552; x_wconf 90' lang='grc'>11.</span> <span class='ocrx_word' id='word_1_325' title='bbox 1073 2516 1121 2554; x_wconf 85' lang='grc' dir='ltr'>Τ.</span> <span class='ocrx_word' id='word_1_326' title='bbox 1153 2516 1206 2557; x_wconf 85' lang='grc' dir='ltr'>Χ.</span> 
     </span>
     <span class='ocr_line' id='line_1_47' title="bbox 89 2565 1206 2618; baseline 0.007 -17"><span class='ocrx_word' id='word_1_327' title='bbox 89 2565 192 2615; x_wconf 86' lang='lat' dir='ltr'>quod</span> <span class='ocrx_word' id='word_1_328' title='bbox 219 2569 325 2603; x_wconf 70' lang='lat' dir='ltr'>sicut</span> <span class='ocrx_word' id='word_1_329' title='bbox 348 2566 551 2616; x_wconf 83' lang='lat' dir='ltr'>Apostolus</span> <span class='ocrx_word' id='word_1_330' title='bbox 578 2567 671 2605; x_wconf 82' lang='lat' dir='ltr'>dicit</span> <span class='ocrx_word' id='word_1_331' title='bbox 700 2581 782 2606; x_wconf 89' lang='lat' dir='ltr'>non</span> <span class='ocrx_word' id='word_1_332' title='bbox 811 2578 867 2606; x_wconf 85' lang='lat' dir='ltr'>est</span> <span class='ocrx_word' id='word_1_333' title='bbox 899 2569 1088 2618; x_wconf 84' lang='lat' dir='ltr'>volentis,</span> <span class='ocrx_word' id='word_1_334' title='bbox 1136 2583 1206 2609; x_wconf 82' lang='lat' dir='ltr'>ne·</span> 
     </span>
     <span class='ocr_line' id='line_1_48' title="bbox 89 2621 1206 2673; baseline 0.006 -19"><span class='ocrx_word' id='word_1_335' title='bbox 89 2630 165 2669; x_wconf 84' lang='lat' dir='ltr'>que</span> <span class='ocrx_word' id='word_1_336' title='bbox 194 2623 414 2668; x_wconf 84' lang='lat' dir='ltr'>currentis,</span> <span class='ocrx_word' id='word_1_337' title='bbox 443 2621 513 2659; x_wconf 89' lang='lat' dir='ltr'>sed</span> <span class='ocrx_word' id='word_1_338' title='bbox 543 2625 767 2659; x_wconf 82' lang='lat' dir='ltr'>miserentis</span> <span class='ocrx_word' id='word_1_339' title='bbox 795 2621 900 2670; x_wconf 84' lang='lat' dir='ltr'>Dei,</span> <span class='ocrx_word' id='word_1_340' title='bbox 931 2626 1067 2673; x_wconf 67' lang='lat' dir='ltr'>quim.</span> <span class='ocrx_word' id='word_1_341' title='bbox 1116 2622 1174 2661; x_wconf 74' lang='lat' dir='ltr'>his</span> <span class='ocrx_word' id='word_1_342' title='bbox 1195 2654 1206 2672; x_wconf 92' lang='lat'>,</span> 
     </span>
     <span class='ocr_line' id='line_1_49' title="bbox 90 2671 1208 2727; baseline 0.005 -19"><span class='ocrx_word' id='word_1_343' title='bbox 90 2671 195 2722; x_wconf 83' lang='lat' dir='ltr'>quod</span> <span class='ocrx_word' id='word_1_344' title='bbox 221 2671 423 2722; x_wconf 83' lang='lat' dir='ltr'>proevidlt,</span> <span class='ocrx_word' id='word_1_345' title='bbox 472 2678 505 2712; x_wconf 88' lang='lat' dir='ltr'>si</span> <span class='ocrx_word' id='word_1_346' title='bbox 533 2674 639 2727; x_wconf 82' lang='lat' dir='ltr'>apud</span> <span class='ocrx_word' id='word_1_347' title='bbox 669 2688 735 2713; x_wconf 87' lang='lat' dir='ltr'>eos</span> <span class='ocrx_word' id='word_1_348' title='bbox 751 2673 880 2727; x_wconf 82' lang='lat' dir='ltr'>sucta</span> <span class='ocrx_word' id='word_1_349' title='bbox 921 2685 1080 2725; x_wconf 84' lang='lat' dir='ltr'>essent,</span> <span class='ocrx_word' id='word_1_350' title='bbox 1128 2681 1208 2716; x_wconf 89' lang='lat' dir='ltr'>suis</span> 
     </span>
     <span class='ocr_line' id='line_1_50' title="bbox 87 2725 1207 2783; baseline 0.007 -21"><span class='ocrx_word' id='word_1_351' title='bbox 87 2725 298 2765; x_wconf 84' lang='lat' dir='ltr'>miraculis</span> <span class='ocrx_word' id='word_1_352' title='bbox 325 2726 570 2777; x_wconf 84' lang='lat' dir='ltr'>credituros,</span> <span class='ocrx_word' id='word_1_353' title='bbox 600 2727 733 2782; x_wconf 78' lang='lat' dir='ltr'>quibus</span> <span class='ocrx_word' id='word_1_354' title='bbox 761 2741 843 2766; x_wconf 89' lang='lat' dir='ltr'>non</span> <span class='ocrx_word' id='word_1_355' title='bbox 873 2729 947 2768; x_wconf 79' lang='lat' dir='ltr'>vult</span> <span class='ocrx_word' id='word_1_356' title='bbox 978 2728 1207 2783; x_wconf 69' lang='lat' dir='ltr'>subvenire,</span> 
     </span>
    </p>
   </div>
   <div class='ocr_carea' id='block_1_5' title="bbox 141 2909 1215 2956">
    <p class='ocr_par' dir='ltr' id='par_1_10' title="bbox 141 2909 1215 2956">
     <span class='ocr_line' id='line_1_51' title="bbox 141 2909 1215 2956; baseline 0.007 -13"><span class='ocrx_word' id='word_1_357' title='bbox 141 2909 192 2947; x_wconf 79' lang='lat' dir='ltr'>(a)</span> <span class='ocrx_word' id='word_1_358' title='bbox 216 2909 390 2956; x_wconf 72' lang='lat' dir='ltr'>Rupertus</span> <span class='ocrx_word' id='word_1_359' title='bbox 416 2913 533 2948; x_wconf 84' lang='lat' dir='ltr'>Abbas</span> <span class='ocrx_word' id='word_1_360' title='bbox 559 2912 753 2946; x_wconf 80' lang='lat' dir='ltr'>Tuitiensis</span> <span class='ocrx_word' id='word_1_361' title='bbox 786 2914 872 2948; x_wconf 77' lang='lat' dir='ltr'>Saec.</span> <span class='ocrx_word' id='word_1_362' title='bbox 898 2914 979 2949; x_wconf 82' lang='grc' dir='ltr'>ΧΗ.</span> <span class='ocrx_word' id='word_1_363' title='bbox 1021 2916 1137 2950; x_wconf 76' lang='lat' dir='ltr'>clarus</span> <span class='ocrx_word' id='word_1_364' title='bbox 1163 2928 1215 2950; x_wconf 85' lang='lat' dir='ltr'>a·-</span> 
     </span>
    </p>
   </div>
   <div class='ocr_carea' id='block_1_6' title="bbox 88 2947 1203 3368">
    <p class='ocr_par' dir='ltr' id='par_1_11' title="bbox 88 2947 1203 3368">
     <span class='ocr_line' id='line_1_52' title="bbox 91 2947 1200 3008; baseline 0.015 -27"><span class='ocrx_word' id='word_1_365' title='bbox 91 2947 176 2984; x_wconf 75' lang='lat' dir='ltr'>liam</span> <span class='ocrx_word' id='word_1_366' title='bbox 192 2956 404 3006; x_wconf 33' lang='lat' dir='ltr'>‘affe&#39;rtssed</span> <span class='ocrx_word' id='word_1_367' title='bbox 429 2972 553 3005; x_wconf 80' lang='lat' dir='ltr'>parum</span> <span class='ocrx_word' id='word_1_368' title='bbox 579 2960 798 3005; x_wconf 72' lang='lat' dir='ltr'>prohabilem</span> <span class='ocrx_word' id='word_1_369' title='bbox 826 2973 989 3003; x_wconf 80' lang='lat' dir='ltr'>causam,</span> <span class='ocrx_word' id='word_1_370' title='bbox 1025 2963 1069 2996; x_wconf 88' lang='lat' dir='ltr'>ob</span> <span class='ocrx_word' id='word_1_371' title='bbox 1093 2974 1200 3008; x_wconf 85' lang='lat' dir='ltr'>quam</span> 
     </span>
     <span class='ocr_line' id='line_1_53' title="bbox 93 3007 1201 3049; baseline 0.013 -20"><span class='ocrx_word' id='word_1_372' title='bbox 93 3008 229 3032; x_wconf 74' lang='grc'>1101111131</span> <span class='ocrx_word' id='word_1_373' title='bbox 256 3011 330 3045; x_wconf 82' lang='lat' dir='ltr'>post</span> <span class='ocrx_word' id='word_1_374' title='bbox 355 3014 505 3049; x_wconf 73' lang='lat' dir='ltr'>quatuor·</span> <span class='ocrx_word' id='word_1_375' title='bbox 540 3017 711 3041; x_wconf 75' lang='lat' dir='ltr'>annorum</span> <span class='ocrx_word' id='word_1_376' title='bbox 753 3007 866 3042; x_wconf 76' lang='lat' dir='ltr'>millia</span> <span class='ocrx_word' id='word_1_377' title='bbox 890 3008 1054 3043; x_wconf 85' lang='lat' dir='ltr'>Christus</span> <span class='ocrx_word' id='word_1_378' title='bbox 1079 3010 1201 3043; x_wconf 88' lang='lat' dir='ltr'>Domi—</span> 
     </span>
     <span class='ocr_line' id='line_1_54' title="bbox 93 3051 1203 3099; baseline 0.014 -24"><span class='ocrx_word' id='word_1_379' title='bbox 93 3054 158 3076; x_wconf 83' lang='lat' dir='ltr'>nus</span> <span class='ocrx_word' id='word_1_380' title='bbox 185 3051 409 3091; x_wconf 77' lang='lat' dir='ltr'>apparuerit,</span> <span class='ocrx_word' id='word_1_381' title='bbox 433 3053 566 3087; x_wconf 70' lang='lat' dir='ltr'>scilicet</span> <span class='ocrx_word' id='word_1_382' title='bbox 593 3062 733 3098; x_wconf 86' lang='lat' dir='ltr'>propter</span> <span class='ocrx_word' id='word_1_383' title='bbox 759 3054 994 3099; x_wconf 75' lang='lat' dir='ltr'>multiplicata</span> <span class='ocrx_word' id='word_1_384' title='bbox 1021 3055 1203 3090; x_wconf 76' lang='lat' dir='ltr'>hominum</span> 
     </span>
     <span class='ocr_line' id='line_1_55' title="bbox 91 3095 1201 3136; baseline 0.014 -15"><span class='ocrx_word' id='word_1_385' title='bbox 91 3099 233 3134; x_wconf 78' lang='lat' dir='ltr'>peccata</span> <span class='ocrx_word' id='word_1_386' title='bbox 260 3095 408 3129; x_wconf 76' lang='lat' dir='ltr'>actualia</span> <span class='ocrx_word' id='word_1_387' title='bbox 436 3098 513 3131; x_wconf 71' lang='lat' dir='ltr'>Lib.</span> <span class='ocrx_word' id='word_1_388' title='bbox 534 3101 575 3133; x_wconf 74' lang='grc' dir='ltr'>ΙΙ.</span> <span class='ocrx_word' id='word_1_389' title='bbox 601 3100 914 3134; x_wconf 69' lang='lat' dir='ltr'>inCantica.-Se‹l</span> <span class='ocrx_word' id='word_1_390' title='bbox 943 3102 1044 3136; x_wconf 84' lang='lat' dir='ltr'>facile</span> <span class='ocrx_word' id='word_1_391' title='bbox 1069 3103 1201 3136; x_wconf 41' lang='lat' dir='ltr'>estiob—</span> 
     </span>
     <span class='ocr_line' id='line_1_56' title="bbox 92 3145 1200 3191; baseline 0.013 -24"><span class='ocrx_word' id='word_1_392' title='bbox 92 3147 255 3177; x_wconf 65' lang='lat' dir='ltr'>servare,</span> <span class='ocrx_word' id='word_1_393' title='bbox 291 3148 448 3191; x_wconf 32' lang='lat' dir='ltr'>‘tempore</span> <span class='ocrx_word' id='word_1_394' title='bbox 483 3145 677 3179; x_wconf 73' lang='lat' dir='ltr'>nativitatis</span> <span class='ocrx_word' id='word_1_395' title='bbox 710 3148 792 3180; x_wconf 87' lang='lat' dir='ltr'>Jesu</span> <span class='ocrx_word' id='word_1_396' title='bbox 820 3147 954 3182; x_wconf 76' lang='lat' dir='ltr'>Christi</span> <span class='ocrx_word' id='word_1_397' title='bbox 998 3161 1066 3182; x_wconf 86' lang='lat' dir='ltr'>non</span> <span class='ocrx_word' id='word_1_398' title='bbox 1095 3149 1200 3181; x_wconf 80' lang='lat' dir='ltr'>fnisse</span> 
     </span>
     <span class='ocr_line' id='line_1_57' title="bbox 89 3189 1201 3240; baseline 0.014 -26"><span class='ocrx_word' id='word_1_399' title='bbox 89 3192 231 3227; x_wconf 67' lang='lat' dir='ltr'>peccata</span> <span class='ocrx_word' id='word_1_400' title='bbox 251 3196 366 3220; x_wconf 75' lang='lat' dir='ltr'>minus</span> <span class='ocrx_word' id='word_1_401' title='bbox 385 3189 500 3232; x_wconf 78' lang='lat' dir='ltr'>gravia</span> <span class='ocrx_word' id='word_1_402' title='bbox 518 3213 528 3231; x_wconf 86' lang='lat'>‚</span> <span class='ocrx_word' id='word_1_403' title='bbox 553 3192 739 3226; x_wconf 83' lang='lat' dir='ltr'>necminus</span> <span class='ocrx_word' id='word_1_404' title='bbox 754 3193 883 3239; x_wconf 84' lang='lat' dir='ltr'>ubique</span> <span class='ocrx_word' id='word_1_405' title='bbox 896 3193 1042 3228; x_wconf 79' lang='lat' dir='ltr'>dilatata</span> <span class='ocrx_word' id='word_1_406' title='bbox 1056 3217 1066 3236; x_wconf 87' lang='lat'>,</span> <span class='ocrx_word' id='word_1_407' title='bbox 1093 3207 1201 3240; x_wconf 76' lang='lat' dir='ltr'>quam</span> 
     </span>
     <span class='ocr_line' id='line_1_58' title="bbox 88 3231 1201 3285; baseline 0.013 -24"><span class='ocrx_word' id='word_1_408' title='bbox 88 3231 306 3281; x_wconf 67' lang='lat' dir='ltr'>temporibus</span> <span class='ocrx_word' id='word_1_409' title='bbox 331 3232 626 3279; x_wconf 77' lang='lat' dir='ltr'>praecedentibus·</span> <span class='ocrx_word' id='word_1_410' title='bbox 654 3237 740 3271; x_wconf 81' lang='lat' dir='ltr'>Vide</span> <span class='ocrx_word' id='word_1_411' title='bbox 758 3260 768 3280; x_wconf 91' lang='lat'>,</span> <span class='ocrx_word' id='word_1_412' title='bbox 793 3253 870 3285; x_wconf 81' lang='lat' dir='ltr'>quae</span> <span class='ocrx_word' id='word_1_413' title='bbox 888 3250 1009 3275; x_wconf 81' lang='lat' dir='ltr'>contra</span> <span class='ocrx_word' id='word_1_414' title='bbox 1035 3242 1125 3274; x_wconf 75' lang='lat' dir='ltr'>hanc</span> <span class='ocrx_word' id='word_1_415' title='bbox 1144 3253 1201 3274; x_wconf 66' lang='lat' dir='ltr'>ra-</span> 
     </span>
     <span class='ocr_line' id='line_1_59' title="bbox 88 3280 1200 3358; baseline 0.013 -51"><span class='ocrx_word' id='word_1_416' title='bbox 88 3282 221 3358; x_wconf 52' lang='lat' dir='ltr'>gionsrp</span> <span class='ocrx_word' id='word_1_417' title='bbox 238 3299 249 3317; x_wconf 89' lang='lat'><em>‚</em></span> <span class='ocrx_word' id='word_1_418' title='bbox 275 3290 344 3358; x_wconf 50' lang='lat' dir='ltr'>(gua</span> <span class='ocrx_word' id='word_1_419' title='bbox 370 3280 476 3314; x_wconf 81' lang='lat' dir='ltr'>etiam</span> <span class='ocrx_word' id='word_1_420' title='bbox 490 3280 643 3317; x_wconf 73' lang='lat' dir='ltr'>Rabtsini</span> <span class='ocrx_word' id='word_1_421' title='bbox 671 3283 778 3330; x_wconf 78' lang='lat' dir='ltr'>aliqui</span> <span class='ocrx_word' id='word_1_422' title='bbox 792 3287 892 3322; x_wconf 84' lang='lat' dir='ltr'>abusi</span> <span class='ocrx_word' id='word_1_423' title='bbox 917 3296 1020 3328; x_wconf 83' lang='lat' dir='ltr'>sunt,</span> <span class='ocrx_word' id='word_1_424' title='bbox 1045 3287 1200 3322; x_wconf 76' lang='lat' dir='ltr'>diximus</span> 
     </span>
     <span class='ocr_line' id='line_1_60' title="bbox 113 3330 310 3368; baseline 0.01 -14"><span class='ocrx_word' id='word_1_425' title='bbox 113 3330 178 3357; x_wconf 61' lang='lat' dir='ltr'>ectu</span> <span class='ocrx_word' id='word_1_426' title='bbox 217 3347 224 3354; x_wconf 83' lang='grc'>.</span> <span class='ocrx_word' id='word_1_427' title='bbox 253 3335 270 3368; x_wconf 79' lang='lat'>7</span> <span class='ocrx_word' id='word_1_428' title='bbox 301 3346 310 3356; x_wconf 76' lang='lat' dir='ltr'>e</span> 
     </span>
    </p>
   </div>
   <div class='ocr_carea' id='block_1_7' title="bbox 1272 169 2422 2829">
    <p class='ocr_par' dir='ltr' id='par_1_12' title="bbox 1293 169 2422 528">
     <span class='ocr_line' id='line_1_61' title="bbox 1295 169 2409 224; baseline -0.002 -15"><span class='ocrx_word' id='word_1_429' title='bbox 1295 183 1374 209; x_wconf 89' lang='lat' dir='ltr'>non</span> <span class='ocrx_word' id='word_1_430' title='bbox 1404 169 1602 209; x_wconf 78' lang='lat' dir='ltr'>subvenit.</span> <span class='ocrx_word' id='word_1_431' title='bbox 1652 169 1935 224; x_wconf 79' lang='lat' dir='ltr'>Investigabilis</span> <span class='ocrx_word' id='word_1_432' title='bbox 1964 183 2058 224; x_wconf 80' lang='lat' dir='ltr'>ergo</span> <span class='ocrx_word' id='word_1_433' title='bbox 2098 179 2157 208; x_wconf 83' lang='lat' dir='ltr'>est</span> <span class='ocrx_word' id='word_1_434' title='bbox 2186 174 2409 210; x_wconf 62' lang='lat' dir='ltr'>misericors.</span> 
     </span>
     <span class='ocr_line' id='line_1_62' title="bbox 1295 224 2409 277; baseline 0 -15"><span class='ocrx_word' id='word_1_435' title='bbox 1295 224 1363 262; x_wconf 81' lang='lat' dir='ltr'>dia</span> <span class='ocrx_word' id='word_1_436' title='bbox 1386 254 1396 271; x_wconf 92' lang='lat'>,</span> <span class='ocrx_word' id='word_1_437' title='bbox 1426 229 1518 274; x_wconf 73' lang='lat' dir='ltr'>quia</span> <span class='ocrx_word' id='word_1_438' title='bbox 1548 227 1659 277; x_wconf 86' lang='lat' dir='ltr'>cujus</span> <span class='ocrx_word' id='word_1_439' title='bbox 1687 227 1762 262; x_wconf 78' lang='lat' dir='ltr'>vult</span> <span class='ocrx_word' id='word_1_440' title='bbox 1792 229 2026 272; x_wconf 75' lang='lat' dir='ltr'>miseretur,</span> <span class='ocrx_word' id='word_1_441' title='bbox 2057 225 2173 262; x_wconf 89' lang='lat' dir='ltr'>nullis</span> <span class='ocrx_word' id='word_1_442' title='bbox 2202 227 2288 276; x_wconf 81' lang='lat' dir='ltr'>ejus</span> <span class='ocrx_word' id='word_1_443' title='bbox 2307 238 2409 277; x_wconf 77' lang='lat' dir='ltr'>proe-</span> 
     </span>
     <span class='ocr_line' id='line_1_63' title="bbox 1294 277 2422 330; baseline 0.001 -15"><span class='ocrx_word' id='word_1_444' title='bbox 1294 277 1520 315; x_wconf 75' lang='lat' dir='ltr'>cedentibus</span> <span class='ocrx_word' id='word_1_445' title='bbox 1550 282 1727 325; x_wconf 84' lang='lat' dir='ltr'>meritis,</span> <span class='ocrx_word' id='word_1_446' title='bbox 1756 277 2103 330; x_wconf 71' lang='lat' dir='ltr'>&amp;investigabilis</span> <span class='ocrx_word' id='word_1_447' title='bbox 2124 282 2290 326; x_wconf 78' lang='lat' dir='ltr'>veritas,</span> <span class='ocrx_word' id='word_1_448' title='bbox 2320 291 2422 328; x_wconf 85' lang='lat' dir='ltr'>quoe·</span> 
     </span>
     <span class='ocr_line' id='line_1_64' title="bbox 1294 330 2418 382; baseline 0.002 -15"><span class='ocrx_word' id='word_1_449' title='bbox 1294 344 1409 382; x_wconf 85' lang='lat' dir='ltr'>quem</span> <span class='ocrx_word' id='word_1_450' title='bbox 1439 332 1514 367; x_wconf 86' lang='lat' dir='ltr'>vult</span> <span class='ocrx_word' id='word_1_451' title='bbox 1544 330 1703 368; x_wconf 80' lang='lat' dir='ltr'>indurat</span> <span class='ocrx_word' id='word_1_452' title='bbox 1732 330 1802 368; x_wconf 71' lang='grc'>810.</span> <span class='ocrx_word' id='word_1_453' title='bbox 1851 332 1941 368; x_wconf 67' lang='lat' dir='ltr'>Sive</span> <span class='ocrx_word' id='word_1_454' title='bbox 1983 345 2070 382; x_wconf 78' lang='lat' dir='ltr'>ergo</span> <span class='ocrx_word' id='word_1_455' title='bbox 2097 334 2210 369; x_wconf 79' lang='lat' dir='ltr'>citius</span> <span class='ocrx_word' id='word_1_456' title='bbox 2248 333 2418 372; x_wconf 76' lang='lat' dir='ltr'>venisset·</span> 
     </span>
     <span class='ocr_line' id='line_1_65' title="bbox 1293 383 2406 431; baseline 0.001 -11"><span class='ocrx_word' id='word_1_457' title='bbox 1293 383 1487 431; x_wconf 80' lang='lat' dir='ltr'>Christus,</span> <span class='ocrx_word' id='word_1_458' title='bbox 1516 387 1595 422; x_wconf 81' lang='lat' dir='ltr'>sive</span> <span class='ocrx_word' id='word_1_459' title='bbox 1625 386 1737 421; x_wconf 81' lang='lat' dir='ltr'>etiam</span> <span class='ocrx_word' id='word_1_460' title='bbox 1768 385 1910 422; x_wconf 78' lang='lat' dir='ltr'>tardius</span> <span class='ocrx_word' id='word_1_461' title='bbox 1932 387 2077 423; x_wconf 76' lang='lat' dir='ltr'>nonnisi</span> <span class='ocrx_word' id='word_1_462' title='bbox 2110 384 2167 422; x_wconf 83' lang='lat' dir='ltr'>illi</span> <span class='ocrx_word' id='word_1_463' title='bbox 2189 385 2282 424; x_wconf 82' lang='lat' dir='ltr'>salvi</span> <span class='ocrx_word' id='word_1_464' title='bbox 2314 386 2406 422; x_wconf 79' lang='lat' dir='ltr'>fuis-</span> 
     </span>
     <span class='ocr_line' id='line_1_66' title="bbox 1293 438 2417 489; baseline 0.003 -15"><span class='ocrx_word' id='word_1_465' title='bbox 1293 446 1399 484; x_wconf 83' lang='lat' dir='ltr'>sent,</span> <span class='ocrx_word' id='word_1_466' title='bbox 1429 438 1497 489; x_wconf 78' lang='lat' dir='ltr'>qui</span> <span class='ocrx_word' id='word_1_467' title='bbox 1526 438 1575 475; x_wconf 91' lang='lat' dir='ltr'>ab</span> <span class='ocrx_word' id='word_1_468' title='bbox 1605 446 1746 475; x_wconf 81' lang='lat' dir='ltr'>aeteruo</span> <span class='ocrx_word' id='word_1_469' title='bbox 1766 439 2010 489; x_wconf 70' lang='lat' dir='ltr'>praeordinati</span> <span class='ocrx_word' id='word_1_470' title='bbox 2042 438 2195 476; x_wconf 76' lang='lat' dir='ltr'>fuerunt</span> <span class='ocrx_word' id='word_1_471' title='bbox 2226 441 2264 478; x_wconf 88' lang='lat' dir='ltr'>in</span> <span class='ocrx_word' id='word_1_472' title='bbox 2288 440 2417 477; x_wconf 48' lang='lat' dir='ltr'>vitam:</span> 
     </span>
     <span class='ocr_line' id='line_1_67' title="bbox 1293 501 1505 528; baseline 0.005 -1"><span class='ocrx_word' id='word_1_473' title='bbox 1293 501 1476 528; x_wconf 61' lang='lat' dir='ltr'>internam</span> <span class='ocrx_word' id='word_1_474' title='bbox 1495 516 1505 528; x_wconf 84' lang='lat'><em>.</em></span> 
     </span>
    </p>

    <p class='ocr_par' dir='ltr' id='par_1_13' title="bbox 1281 542 2420 1611">
     <span class='ocr_line' id='line_1_68' title="bbox 1353 542 2405 597; baseline 0 -15"><span class='ocrx_word' id='word_1_475' title='bbox 1353 544 1440 589; x_wconf 74' lang='lat'>154.</span> <span class='ocrx_word' id='word_1_476' title='bbox 1469 544 1648 582; x_wconf 80' lang='lat' dir='ltr'>Ceterum</span> <span class='ocrx_word' id='word_1_477' title='bbox 1679 543 1780 581; x_wconf 77' lang='lat' dir='ltr'>idem</span> <span class='ocrx_word' id='word_1_478' title='bbox 1801 542 1841 582; x_wconf 80' lang='lat' dir='ltr'>S.</span> <span class='ocrx_word' id='word_1_479' title='bbox 1867 546 2102 596; x_wconf 68' lang='lat' dir='ltr'>Augustinus·</span> <span class='ocrx_word' id='word_1_480' title='bbox 2124 544 2293 597; x_wconf 75' lang='lat' dir='ltr'>Paganis</span> <span class='ocrx_word' id='word_1_481' title='bbox 2309 544 2405 583; x_wconf 72' lang='lat' dir='ltr'>hauc</span> 
     </span>
     <span class='ocr_line' id='line_1_69' title="bbox 1293 597 2406 650; baseline 0.001 -16"><span class='ocrx_word' id='word_1_482' title='bbox 1293 598 1418 648; x_wconf 84' lang='lat' dir='ltr'>ipsam</span> <span class='ocrx_word' id='word_1_483' title='bbox 1461 597 1724 636; x_wconf 81' lang='lat' dir='ltr'>difficultatem</span> <span class='ocrx_word' id='word_1_484' title='bbox 1757 598 1977 649; x_wconf 76' lang='lat' dir='ltr'>urgentibus</span> <span class='ocrx_word' id='word_1_485' title='bbox 2015 601 2063 636; x_wconf 80' lang='lat' dir='ltr'>ita</span> <span class='ocrx_word' id='word_1_486' title='bbox 2095 600 2132 636; x_wconf 90' lang='lat' dir='ltr'>iu</span> <span class='ocrx_word' id='word_1_487' title='bbox 2163 599 2265 637; x_wconf 87' lang='lat' dir='ltr'>laud.</span> <span class='ocrx_word' id='word_1_488' title='bbox 2295 612 2406 650; x_wconf 82' lang='lat' dir='ltr'>supe-</span> 
     </span>
     <span class='ocr_line' id='line_1_70' title="bbox 1293 652 2406 703; baseline 0 -16"><span class='ocrx_word' id='word_1_489' title='bbox 1293 653 1374 688; x_wconf 87' lang='lat' dir='ltr'>rius</span> <span class='ocrx_word' id='word_1_490' title='bbox 1403 652 1510 703; x_wconf 80' lang='lat' dir='ltr'>epist.</span> <span class='ocrx_word' id='word_1_491' title='bbox 1531 652 1612 689; x_wconf 83' lang='lat' dir='ltr'>Cll.</span> <span class='ocrx_word' id='word_1_492' title='bbox 1643 665 1750 688; x_wconf 86' lang='grc'>1111111.</span> <span class='ocrx_word' id='word_1_493' title='bbox 1786 665 1845 689; x_wconf 81' lang='lat'>12.</span> <span class='ocrx_word' id='word_1_494' title='bbox 1877 653 2146 703; x_wconf 76' lang='lat' dir='ltr'>respondebat:</span> <span class='ocrx_word' id='word_1_495' title='bbox 2197 652 2254 690; x_wconf 80' lang='lat' dir='ltr'>Ab</span> <span class='ocrx_word' id='word_1_496' title='bbox 2289 665 2406 690; x_wconf 72' lang='lat' dir='ltr'>exor-</span> 
     </span>
     <span class='ocr_line' id='line_1_71' title="bbox 1293 703 2406 757; baseline 0.003 -16"><span class='ocrx_word' id='word_1_497' title='bbox 1293 703 1357 741; x_wconf 86' lang='lat' dir='ltr'>dio</span> <span class='ocrx_word' id='word_1_498' title='bbox 1385 708 1541 757; x_wconf 78' lang='lat' dir='ltr'>generis</span> <span class='ocrx_word' id='word_1_499' title='bbox 1583 704 1749 742; x_wconf 71' lang='lat' dir='ltr'>hamam·</span> <span class='ocrx_word' id='word_1_500' title='bbox 1778 709 2011 756; x_wconf 80' lang='lat' dir='ltr'>quicumque</span> <span class='ocrx_word' id='word_1_501' title='bbox 2048 711 2088 742; x_wconf 85' lang='lat' dir='ltr'>in</span> <span class='ocrx_word' id='word_1_502' title='bbox 2131 710 2264 756; x_wconf 78' lang='lat' dir='ltr'>eum(</span> <span class='ocrx_word' id='word_1_503' title='bbox 2295 706 2406 744; x_wconf 81' lang='lat' dir='ltr'>Chri·</span> 
     </span>
     <span class='ocr_line' id='line_1_72' title="bbox 1291 758 2404 809; baseline 0.002 -14"><span class='ocrx_word' id='word_1_504' title='bbox 1291 767 1390 795; x_wconf 83' lang='lat' dir='ltr'>stum</span> <span class='ocrx_word' id='word_1_505' title='bbox 1422 759 1436 807; x_wconf 91' lang='lat'><em>)</em></span> <span class='ocrx_word' id='word_1_506' title='bbox 1467 758 1738 806; x_wconf 81' lang='lat' dir='ltr'>crediderunt,</span> <span class='ocrx_word' id='word_1_507' title='bbox 1768 771 1934 809; x_wconf 76' lang='lat' dir='ltr'>eumque</span> <span class='ocrx_word' id='word_1_508' title='bbox 1963 768 2171 809; x_wconf 78' lang='lat' dir='ltr'>utcumque</span> <span class='ocrx_word' id='word_1_509' title='bbox 2198 760 2404 798; x_wconf 75' lang='lat' dir='ltr'>intellexe-</span> 
     </span>
     <span class='ocr_line' id='line_1_73' title="bbox 1293 811 2406 866; baseline 0.004 -19"><span class='ocrx_word' id='word_1_510' title='bbox 1293 820 1412 859; x_wconf 86' lang='lat' dir='ltr'>runt,</span> <span class='ocrx_word' id='word_1_511' title='bbox 1442 812 1492 852; x_wconf 60' lang='grc' dir='ltr'>ὅ)</span> <span class='ocrx_word' id='word_1_512' title='bbox 1521 811 1738 850; x_wconf 85' lang='lat' dir='ltr'>secundum</span> <span class='ocrx_word' id='word_1_513' title='bbox 1765 813 1852 864; x_wconf 85' lang='lat' dir='ltr'>ejus</span> <span class='ocrx_word' id='word_1_514' title='bbox 1879 822 2082 862; x_wconf 71' lang='lat' dir='ltr'>praecepta</span> <span class='ocrx_word' id='word_1_515' title='bbox 2107 819 2195 862; x_wconf 85' lang='lat' dir='ltr'>pie,</span> <span class='ocrx_word' id='word_1_516' title='bbox 2224 814 2274 854; x_wconf 74' lang='lat'>(9⁶</span> <span class='ocrx_word' id='word_1_517' title='bbox 2298 815 2406 866; x_wconf 84' lang='lat' dir='ltr'>juste</span> 
     </span>
     <span class='ocr_line' id='line_1_74' title="bbox 1293 864 2406 918; baseline 0.002 -16"><span class='ocrx_word' id='word_1_518' title='bbox 1293 869 1506 914; x_wconf 83' lang='lat' dir='ltr'>vixerunt,</span> <span class='ocrx_word' id='word_1_519' title='bbox 1535 864 1811 916; x_wconf 51' lang='lat' dir='ltr'>quandolibet,</span> <span class='ocrx_word' id='word_1_520' title='bbox 1854 865 1904 906; x_wconf 72' lang='lat'>(9¹</span> <span class='ocrx_word' id='word_1_521' title='bbox 1933 865 2082 904; x_wconf 81' lang='lat' dir='ltr'>ubilibet</span> <span class='ocrx_word' id='word_1_522' title='bbox 2099 866 2258 918; x_wconf 78' lang='lat' dir='ltr'>fuert&#39;nt</span> <span class='ocrx_word' id='word_1_523' title='bbox 2279 897 2290 915; x_wconf 87' lang='lat'>,</span> <span class='ocrx_word' id='word_1_524' title='bbox 2336 879 2406 916; x_wconf 89' lang='lat' dir='ltr'>per</span> 
     </span>
     <span class='ocr_line' id='line_1_75' title="bbox 1293 918 2405 973; baseline 0.001 -16"><span class='ocrx_word' id='word_1_525' title='bbox 1293 931 1385 957; x_wconf 82' lang='lat' dir='ltr'>eum</span> <span class='ocrx_word' id='word_1_526' title='bbox 1413 918 1661 968; x_wconf 81' lang='lat' dir='ltr'>proculdubio</span> <span class='ocrx_word' id='word_1_527' title='bbox 1690 919 1789 956; x_wconf 82' lang='lat' dir='ltr'>salvi</span> <span class='ocrx_word' id='word_1_528' title='bbox 1803 918 1918 970; x_wconf 79' lang='lat' dir='ltr'>jiicti</span> <span class='ocrx_word' id='word_1_529' title='bbox 1945 929 2061 958; x_wconf 82' lang='lat' dir='ltr'>suut.</span> <span class='ocrx_word' id='word_1_530' title='bbox 2093 920 2138 958; x_wconf 84' lang='lat' dir='ltr'>Et</span> <span class='ocrx_word' id='word_1_531' title='bbox 2169 930 2293 973; x_wconf 80' lang='lat' dir='ltr'>postea</span> <span class='ocrx_word' id='word_1_532' title='bbox 2317 921 2405 958; x_wconf 86' lang='lat' dir='ltr'>sub·</span> 
     </span>
     <span class='ocr_line' id='line_1_76' title="bbox 1292 972 2420 1026; baseline 0.003 -17"><span class='ocrx_word' id='word_1_533' title='bbox 1292 972 1347 1010; x_wconf 86' lang='lat' dir='ltr'>dit</span> <span class='ocrx_word' id='word_1_534' title='bbox 1376 986 1485 1011; x_wconf 86' lang='lat' dir='ltr'>num.</span> <span class='ocrx_word' id='word_1_535' title='bbox 1512 974 1571 1011; x_wconf 83' lang='lat'>15.</span> <span class='ocrx_word' id='word_1_536' title='bbox 1590 1003 1600 1021; x_wconf 86' lang='lat'>,</span> <span class='ocrx_word' id='word_1_537' title='bbox 1642 972 1691 1010; x_wconf 79' lang='lat' dir='ltr'>ab</span> <span class='ocrx_word' id='word_1_538' title='bbox 1725 973 1844 1011; x_wconf 83' lang='lat' dir='ltr'>Adam</span> <span class='ocrx_word' id='word_1_539' title='bbox 1877 986 1994 1024; x_wconf 79' lang='lat' dir='ltr'>usque</span> <span class='ocrx_word' id='word_1_540' title='bbox 2022 974 2066 1011; x_wconf 82' lang='lat' dir='ltr'>ad</span> <span class='ocrx_word' id='word_1_541' title='bbox 2096 974 2270 1026; x_wconf 79' lang='lat' dir='ltr'>Moysetn</span> <span class='ocrx_word' id='word_1_542' title='bbox 2301 973 2334 1010; x_wconf 73' lang='grc'>8(</span> <span class='ocrx_word' id='word_1_543' title='bbox 2366 975 2420 1012; x_wconf 71' lang='grc'>111.</span> 
     </span>
     <span class='ocr_line' id='line_1_77' title="bbox 1293 1025 2404 1078; baseline 0.003 -16"><span class='ocrx_word' id='word_1_544' title='bbox 1293 1025 1437 1078; x_wconf 87' lang='lat' dir='ltr'>populo</span> <span class='ocrx_word' id='word_1_545' title='bbox 1465 1025 1576 1064; x_wconf 82' lang='lat' dir='ltr'>lsrael</span> <span class='ocrx_word' id='word_1_546' title='bbox 1596 1056 1607 1074; x_wconf 91' lang='lat'>,</span> <span class='ocrx_word' id='word_1_547' title='bbox 1655 1025 1688 1062; x_wconf 77' lang='lat' dir='ltr'>8t</span> <span class='ocrx_word' id='word_1_548' title='bbox 1718 1027 1756 1063; x_wconf 89' lang='lat' dir='ltr'>iu</span> <span class='ocrx_word' id='word_1_549' title='bbox 1786 1026 2071 1077; x_wconf 83' lang='lat' dir='ltr'>aliis-gentibus</span> <span class='ocrx_word' id='word_1_550' title='bbox 2109 1040 2178 1065; x_wconf 86' lang='lat' dir='ltr'>nou</span> <span class='ocrx_word' id='word_1_551' title='bbox 2208 1028 2373 1065; x_wconf 76' lang='lat' dir='ltr'>defuisse</span> <span class='ocrx_word' id='word_1_552' title='bbox 2394 1056 2404 1075; x_wconf 94' lang='lat'>‚</span> 
     </span>
     <span class='ocr_line' id='line_1_78' title="bbox 1287 1079 2406 1132; baseline 0.004 -17"><span class='ocrx_word' id='word_1_553' title='bbox 1287 1081 1354 1131; x_wconf 90' lang='lat' dir='ltr'>qui</span> <span class='ocrx_word' id='word_1_554' title='bbox 1387 1080 1426 1116; x_wconf 90' lang='lat' dir='ltr'>in</span> <span class='ocrx_word' id='word_1_555' title='bbox 1455 1079 1647 1117; x_wconf 77' lang='lat' dir='ltr'>Christum</span> <span class='ocrx_word' id='word_1_556' title='bbox 1676 1080 1893 1127; x_wconf 83' lang='lat' dir='ltr'>crederent,</span> <span class='ocrx_word' id='word_1_557' title='bbox 1941 1089 2144 1132; x_wconf 82' lang='lat' dir='ltr'>autequam</span> <span class='ocrx_word' id='word_1_558' title='bbox 2175 1083 2335 1120; x_wconf 82' lang='lat' dir='ltr'>venisset</span> <span class='ocrx_word' id='word_1_559' title='bbox 2365 1082 2406 1119; x_wconf 93' lang='lat' dir='ltr'>in</span> 
     </span>
     <span class='ocr_line' id='line_1_79' title="bbox 1287 1132 2404 1186; baseline 0.002 -17"><span class='ocrx_word' id='word_1_560' title='bbox 1287 1145 1427 1170; x_wconf 86' lang='lat' dir='ltr'>carne.</span> <span class='ocrx_word' id='word_1_561' title='bbox 1461 1135 1514 1170; x_wconf 79' lang='lat' dir='ltr'>Ac</span> <span class='ocrx_word' id='word_1_562' title='bbox 1542 1135 1698 1171; x_wconf 84' lang='lat' dir='ltr'>demum</span> <span class='ocrx_word' id='word_1_563' title='bbox 1728 1132 1946 1171; x_wconf 87' lang='lat' dir='ltr'>concludit:</span> <span class='ocrx_word' id='word_1_564' title='bbox 1985 1163 2010 1182; x_wconf 89' lang='lat'>„</span> <span class='ocrx_word' id='word_1_565' title='bbox 2042 1135 2095 1172; x_wconf 85' lang='lat' dir='ltr'>lta</span> <span class='ocrx_word' id='word_1_566' title='bbox 2123 1135 2222 1173; x_wconf 79' lang='lat' dir='ltr'>salus</span> <span class='ocrx_word' id='word_1_567' title='bbox 2253 1135 2404 1186; x_wconf 82' lang='lat' dir='ltr'>religio-</span> 
     </span>
     <span class='ocr_line' id='line_1_80' title="bbox 1288 1185 2404 1239; baseline 0.003 -16"><span class='ocrx_word' id='word_1_568' title='bbox 1288 1214 1314 1234; x_wconf 94' lang='lat'><strong>„</strong></span> <span class='ocrx_word' id='word_1_569' title='bbox 1344 1188 1409 1223; x_wconf 76' lang='lat' dir='ltr'>nis·</span> <span class='ocrx_word' id='word_1_570' title='bbox 1432 1185 1593 1237; x_wconf 82' lang='lat' dir='ltr'>hujus(</span> <span class='ocrx_word' id='word_1_571' title='bbox 1622 1185 1854 1224; x_wconf 75' lang='lat' dir='ltr'>Christianae</span> <span class='ocrx_word' id='word_1_572' title='bbox 1884 1187 1926 1233; x_wconf 91' lang='lat'>)‚</span> <span class='ocrx_word' id='word_1_573' title='bbox 1957 1201 2168 1239; x_wconf 47' lang='grc' dir='ltr'>ρει-41113111</span> <span class='ocrx_word' id='word_1_574' title='bbox 2199 1187 2404 1226; x_wconf 86' lang='lat' dir='ltr'>solam-ve·</span> 
     </span>
     <span class='ocr_line' id='line_1_81' title="bbox 1287 1239 2405 1291; baseline 0.002 -15"><span class='ocrx_word' id='word_1_575' title='bbox 1287 1269 1314 1288; x_wconf 86' lang='lat'><strong>„</strong></span> <span class='ocrx_word' id='word_1_576' title='bbox 1345 1253 1427 1277; x_wconf 88' lang='lat' dir='ltr'>ram</span> <span class='ocrx_word' id='word_1_577' title='bbox 1457 1239 1558 1277; x_wconf 81' lang='lat' dir='ltr'>salus</span> <span class='ocrx_word' id='word_1_578' title='bbox 1587 1252 1698 1287; x_wconf 85' lang='lat' dir='ltr'>vera,</span> <span class='ocrx_word' id='word_1_579' title='bbox 1727 1241 1991 1291; x_wconf 80' lang='lat' dir='ltr'>veraciterque</span> <span class='ocrx_word' id='word_1_580' title='bbox 2011 1242 2274 1291; x_wconf 83' lang='lat' dir='ltr'>promittitur,</span> <span class='ocrx_word' id='word_1_581' title='bbox 2303 1241 2405 1278; x_wconf 87' lang='lat' dir='ltr'>nulli</span> 
     </span>
     <span class='ocr_line' id='line_1_82' title="bbox 1287 1290 2402 1346; baseline 0 -16"><span class='ocrx_word' id='word_1_582' title='bbox 1287 1323 1314 1343; x_wconf 88' lang='lat'><strong>„</strong></span> <span class='ocrx_word' id='word_1_583' title='bbox 1344 1307 1514 1346; x_wconf 81' lang='lat' dir='ltr'>unquam</span> <span class='ocrx_word' id='word_1_584' title='bbox 1543 1293 1686 1340; x_wconf 81' lang='lat' dir='ltr'>defuit,</span> <span class='ocrx_word' id='word_1_585' title='bbox 1716 1292 1940 1344; x_wconf 78' lang='lat' dir='ltr'>quidignus</span> <span class='ocrx_word' id='word_1_586' title='bbox 1958 1290 2072 1344; x_wconf 74' lang='lat' dir='ltr'>suit,</span> <span class='ocrx_word' id='word_1_587' title='bbox 2101 1293 2144 1329; x_wconf 65' lang='grc' dir='ltr'>δα</span> <span class='ocrx_word' id='word_1_588' title='bbox 2165 1295 2229 1331; x_wconf 90' lang='lat' dir='ltr'>cui</span> <span class='ocrx_word' id='word_1_589' title='bbox 2259 1294 2402 1341; x_wconf 73' lang='lat' dir='ltr'>defuit,</span> 
     </span>
     <span class='ocr_line' id='line_1_83' title="bbox 1284 1345 2404 1399; baseline 0.002 -15"><span class='ocrx_word' id='word_1_590' title='bbox 1284 1376 1310 1396; x_wconf 94' lang='lat'>,‚</span> <span class='ocrx_word' id='word_1_591' title='bbox 1339 1346 1482 1399; x_wconf 80' lang='lat' dir='ltr'>dignus</span> <span class='ocrx_word' id='word_1_592' title='bbox 1517 1359 1607 1384; x_wconf 77' lang='lat' dir='ltr'>non</span> <span class='ocrx_word' id='word_1_593' title='bbox 1628 1345 1743 1398; x_wconf 66' lang='lat' dir='ltr'>fuit&#39;.</span> <span class='ocrx_word' id='word_1_594' title='bbox 1764 1349 1790 1368; x_wconf 85' lang='lat'><strong>“</strong></span> <span class='ocrx_word' id='word_1_595' title='bbox 1847 1346 1947 1393; x_wconf 80' lang='lat' dir='ltr'>Quae</span> <span class='ocrx_word' id='word_1_596' title='bbox 1989 1355 2190 1398; x_wconf 75' lang='lat' dir='ltr'>postrema</span> <span class='ocrx_word' id='word_1_597' title='bbox 2217 1346 2334 1385; x_wconf 77' lang='lat' dir='ltr'>verba</span> <span class='ocrx_word' id='word_1_598' title='bbox 2362 1346 2404 1387; x_wconf 62' lang='lat' dir='ltr'>Sa</span> 
     </span>
     <span class='ocr_line' id='line_1_84' title="bbox 1283 1398 2406 1451; baseline 0 -13"><span class='ocrx_word' id='word_1_599' title='bbox 1283 1400 1424 1439; x_wconf 86' lang='lat' dir='ltr'>Doctor</span> <span class='ocrx_word' id='word_1_600' title='bbox 1453 1401 1677 1451; x_wconf 80' lang='lat' dir='ltr'>corrigenda</span> <span class='ocrx_word' id='word_1_601' title='bbox 1705 1401 1853 1439; x_wconf 86' lang='lat' dir='ltr'>censuit</span> <span class='ocrx_word' id='word_1_602' title='bbox 1881 1400 1921 1437; x_wconf 92' lang='grc'>111</span> <span class='ocrx_word' id='word_1_603' title='bbox 1950 1399 2107 1438; x_wconf 79' lang='lat' dir='ltr'>Lib..ll.</span> <span class='ocrx_word' id='word_1_604' title='bbox 2139 1398 2406 1439; x_wconf 73' lang='lat' dir='ltr'>Retractatto·</span> 
     </span>
     <span class='ocr_line' id='line_1_85' title="bbox 1283 1452 2402 1506; baseline 0.002 -16"><span class='ocrx_word' id='word_1_605' title='bbox 1283 1466 1379 1490; x_wconf 88' lang='lat' dir='ltr'>num</span> <span class='ocrx_word' id='word_1_606' title='bbox 1410 1468 1496 1505; x_wconf 65' lang='lat' dir='ltr'>cap»</span> <span class='ocrx_word' id='word_1_607' title='bbox 1520 1467 1583 1492; x_wconf 58' lang='lat'>21.</span> <span class='ocrx_word' id='word_1_608' title='bbox 1606 1483 1617 1501; x_wconf 90' lang='lat'>‚</span> <span class='ocrx_word' id='word_1_609' title='bbox 1659 1452 1979 1506; x_wconf 76' lang='lat' dir='ltr'>explicans-lianc</span> <span class='ocrx_word' id='word_1_610' title='bbox 2010 1452 2282 1505; x_wconf 77' lang='lat' dir='ltr'>dignitatem,</span> <span class='ocrx_word' id='word_1_611' title='bbox 2327 1468 2402 1492; x_wconf 87' lang='lat' dir='ltr'>non</span> 
     </span>
     <span class='ocr_line' id='line_1_86' title="bbox 1282 1505 2403 1559; baseline 0.002 -15"><span class='ocrx_word' id='word_1_612' title='bbox 1282 1508 1390 1559; x_wconf 84' lang='lat' dir='ltr'>quasi</span> <span class='ocrx_word' id='word_1_613' title='bbox 1423 1515 1517 1545; x_wconf 82' lang='lat' dir='ltr'>esset</span> <span class='ocrx_word' id='word_1_614' title='bbox 1547 1520 1590 1544; x_wconf 81' lang='lat' dir='ltr'>ex</span> <span class='ocrx_word' id='word_1_615' title='bbox 1614 1507 1760 1544; x_wconf 88' lang='lat' dir='ltr'>viribus</span> <span class='ocrx_word' id='word_1_616' title='bbox 1791 1515 1937 1544; x_wconf 77' lang='lat' dir='ltr'>naturas</span> <span class='ocrx_word' id='word_1_617' title='bbox 1957 1505 2307 1559; x_wconf 77' lang='lat' dir='ltr'>sensuPelagiauo,</span> <span class='ocrx_word' id='word_1_618' title='bbox 2339 1508 2403 1546; x_wconf 80' lang='lat' dir='ltr'>sed</span> 
     </span>
     <span class='ocr_line' id='line_1_87' title="bbox 1281 1559 2383 1611; baseline 0.004 -15"><span class='ocrx_word' id='word_1_619' title='bbox 1281 1561 1383 1610; x_wconf 87' lang='lat' dir='ltr'>quod</span> <span class='ocrx_word' id='word_1_620' title='bbox 1414 1561 1528 1597; x_wconf 78' lang='lat' dir='ltr'>fuerit</span> <span class='ocrx_word' id='word_1_621' title='bbox 1558 1573 1602 1597; x_wconf 83' lang='lat' dir='ltr'>ex</span> <span class='ocrx_word' id='word_1_622' title='bbox 1631 1560 1729 1597; x_wconf 90' lang='lat' dir='ltr'>dono</span> <span class='ocrx_word' id='word_1_623' title='bbox 1758 1561 1892 1610; x_wconf 62' lang='lat' dir='ltr'>gratiae</span> <span class='ocrx_word' id='word_1_624' title='bbox 1919 1573 2029 1598; x_wconf 85' lang='lat' dir='ltr'>sensu</span> <span class='ocrx_word' id='word_1_625' title='bbox 2059 1559 2267 1598; x_wconf 69' lang='lat' dir='ltr'>orthodoxo</span> <span class='ocrx_word' id='word_1_626' title='bbox 2296 1559 2353 1611; x_wconf 83' lang='lat' dir='ltr'>(b)</span> <span class='ocrx_word' id='word_1_627' title='bbox 2373 1587 2383 1600; x_wconf 82' lang='lat'>.</span> 
     </span>
    </p>

    <p class='ocr_par' dir='ltr' id='par_1_14' title="bbox 1273 1612 2419 2504">
     <span class='ocr_line' id='line_1_88' title="bbox 1342 1612 2402 1666; baseline 0.005 -18"><span class='ocrx_word' id='word_1_628' title='bbox 1342 1612 1429 1649; x_wconf 80' lang='lat'>155.</span> <span class='ocrx_word' id='word_1_629' title='bbox 1460 1612 1587 1650; x_wconf 83' lang='lat' dir='ltr'>Etiam</span> <span class='ocrx_word' id='word_1_630' title='bbox 1627 1615 1664 1650; x_wconf 90' lang='lat' dir='ltr'>iu</span> <span class='ocrx_word' id='word_1_631' title='bbox 1707 1613 1796 1650; x_wconf 84' lang='lat' dir='ltr'>Lib.</span> <span class='ocrx_word' id='word_1_632' title='bbox 1817 1612 1963 1651; x_wconf 89' lang='lat' dir='ltr'>XVlll.</span> <span class='ocrx_word' id='word_1_633' title='bbox 2006 1612 2055 1651; x_wconf 83' lang='lat' dir='ltr'>de</span> <span class='ocrx_word' id='word_1_634' title='bbox 2086 1612 2165 1651; x_wconf 78' lang='lat' dir='ltr'>Civ-</span> <span class='ocrx_word' id='word_1_635' title='bbox 2195 1612 2273 1651; x_wconf 78' lang='lat' dir='ltr'>Dei</span> <span class='ocrx_word' id='word_1_636' title='bbox 2314 1628 2402 1666; x_wconf 74' lang='lat' dir='ltr'>cap.</span> 
     </span>
     <span class='ocr_line' id='line_1_89' title="bbox 1283 1662 2419 1717; baseline 0.004 -16"><span class='ocrx_word' id='word_1_637' title='bbox 1283 1662 1350 1715; x_wconf 78' lang='lat'>37.</span> <span class='ocrx_word' id='word_1_638' title='bbox 1380 1692 1407 1711; x_wconf 84' lang='lat'><strong>„</strong></span> <span class='ocrx_word' id='word_1_639' title='bbox 1437 1664 1518 1701; x_wconf 79' lang='lat' dir='ltr'>Nec</span> <span class='ocrx_word' id='word_1_640' title='bbox 1547 1665 1855 1715; x_wconf 71' lang='lat' dir='ltr'>ipsos-Judaeos,</span> <span class='ocrx_word' id='word_1_641' title='bbox 1885 1667 2030 1717; x_wconf 86' lang='lat' dir='ltr'>iuquit,</span> <span class='ocrx_word' id='word_1_642' title='bbox 2061 1668 2235 1704; x_wconf 78' lang='lat' dir='ltr'>existimo</span> <span class='ocrx_word' id='word_1_643' title='bbox 2263 1668 2419 1705; x_wconf 78' lang='lat' dir='ltr'>audere·</span> 
     </span>
     <span class='ocr_line' id='line_1_90' title="bbox 1282 1718 2402 1772; baseline 0.004 -19"><span class='ocrx_word' id='word_1_644' title='bbox 1282 1746 1310 1766; x_wconf 84' lang='lat'><strong>„</strong></span> <span class='ocrx_word' id='word_1_645' title='bbox 1339 1718 1589 1765; x_wconf 86' lang='lat' dir='ltr'>contendere,</span> <span class='ocrx_word' id='word_1_646' title='bbox 1618 1719 1813 1756; x_wconf 86' lang='lat' dir='ltr'>neminem</span> <span class='ocrx_word' id='word_1_647' title='bbox 1826 1720 2052 1769; x_wconf 76' lang='lat' dir='ltr'>pertinuisse</span> <span class='ocrx_word' id='word_1_648' title='bbox 2066 1719 2280 1767; x_wconf 77' lang='lat' dir='ltr'>adneum,</span> <span class='ocrx_word' id='word_1_649' title='bbox 2301 1734 2402 1772; x_wconf 75' lang='lat' dir='ltr'>pras·</span> 
     </span>
     <span class='ocr_line' id='line_1_91' title="bbox 1283 1769 2402 1824; baseline 0.004 -17"><span class='ocrx_word' id='word_1_650' title='bbox 1283 1799 1309 1819; x_wconf 85' lang='lat'>„</span> <span class='ocrx_word' id='word_1_651' title='bbox 1339 1778 1396 1807; x_wconf 86' lang='lat' dir='ltr'>ter</span> <span class='ocrx_word' id='word_1_652' title='bbox 1425 1769 1668 1809; x_wconf 80' lang='lat' dir='ltr'>israelitas...</span> <span class='ocrx_word' id='word_1_653' title='bbox 1699 1770 1866 1823; x_wconf 84' lang='lat' dir='ltr'>Populus</span> <span class='ocrx_word' id='word_1_654' title='bbox 1894 1771 1998 1808; x_wconf 89' lang='lat' dir='ltr'>enim</span> <span class='ocrx_word' id='word_1_655' title='bbox 2028 1774 2286 1824; x_wconf 81' lang='lat' dir='ltr'>revera,.qui</span> <span class='ocrx_word' id='word_1_656' title='bbox 2313 1786 2402 1822; x_wconf 83' lang='lat' dir='ltr'>pro·</span> 
     </span>
     <span class='ocr_line' id='line_1_92' title="bbox 1283 1822 2401 1876; baseline 0.005 -17"><span class='ocrx_word' id='word_1_657' title='bbox 1283 1852 1310 1873; x_wconf 89' lang='lat'><strong>„</strong></span> <span class='ocrx_word' id='word_1_658' title='bbox 1339 1828 1423 1874; x_wconf 87' lang='lat' dir='ltr'>prie</span> <span class='ocrx_word' id='word_1_659' title='bbox 1451 1822 1531 1862; x_wconf 89' lang='lat' dir='ltr'>Dei</span> <span class='ocrx_word' id='word_1_660' title='bbox 1557 1823 1720 1875; x_wconf 86' lang='lat' dir='ltr'>populus</span> <span class='ocrx_word' id='word_1_661' title='bbox 1751 1823 1967 1873; x_wconf 83' lang='lat' dir='ltr'>diceretur,</span> <span class='ocrx_word' id='word_1_662' title='bbox 2008 1823 2140 1863; x_wconf 89' lang='lat' dir='ltr'>nullus</span> <span class='ocrx_word' id='word_1_663' title='bbox 2166 1824 2281 1864; x_wconf 63' lang='lat' dir='ltr'>iliius·</span> <span class='ocrx_word' id='word_1_664' title='bbox 2298 1826 2369 1865; x_wconf 83' lang='lat' dir='ltr'>fuit</span> <span class='ocrx_word' id='word_1_665' title='bbox 2389 1857 2401 1876; x_wconf 93' lang='lat'>,</span> 
     </span>
     <span class='ocr_line' id='line_1_93' title="bbox 1283 1876 2401 1929; baseline 0.005 -15"><span class='ocrx_word' id='word_1_666' title='bbox 1283 1906 1310 1925; x_wconf 87' lang='lat'><strong>„</strong></span> <span class='ocrx_word' id='word_1_667' title='bbox 1341 1876 1515 1915; x_wconf 86' lang='lat' dir='ltr'>homines</span> <span class='ocrx_word' id='word_1_668' title='bbox 1544 1877 1900 1929; x_wconf 65' lang='lat' dir='ltr'>tamenquosdam,</span> <span class='ocrx_word' id='word_1_669' title='bbox 1928 1891 2004 1916; x_wconf 86' lang='lat' dir='ltr'>non</span> <span class='ocrx_word' id='word_1_670' title='bbox 2025 1887 2199 1928; x_wconf 84' lang='lat' dir='ltr'>terrena,</span> <span class='ocrx_word' id='word_1_671' title='bbox 2229 1879 2292 1918; x_wconf 73' lang='lat' dir='ltr'>sed</span> <span class='ocrx_word' id='word_1_672' title='bbox 2320 1895 2401 1920; x_wconf 77' lang='grc' dir='ltr'>οω-</span> 
     </span>
     <span class='ocr_line' id='line_1_94' title="bbox 1281 1929 2415 1984; baseline 0.004 -16"><span class='ocrx_word' id='word_1_673' title='bbox 1281 1959 1309 1979; x_wconf 85' lang='grc'>,,</span> <span class='ocrx_word' id='word_1_674' title='bbox 1337 1929 1434 1969; x_wconf 76' lang='lat' dir='ltr'>Iesti</span> <span class='ocrx_word' id='word_1_675' title='bbox 1452 1933 1626 1970; x_wconf 87' lang='lat' dir='ltr'>societate</span> <span class='ocrx_word' id='word_1_676' title='bbox 1653 1931 1700 1968; x_wconf 85' lang='lat' dir='ltr'>ad</span> <span class='ocrx_word' id='word_1_677' title='bbox 1731 1944 1836 1969; x_wconf 76' lang='lat' dir='ltr'>veros</span> <span class='ocrx_word' id='word_1_678' title='bbox 1857 1931 2042 1970; x_wconf 83' lang='lat' dir='ltr'>Israelitas</span> <span class='ocrx_word' id='word_1_679' title='bbox 2059 1962 2068 1980; x_wconf 88' lang='lat'>,</span> <span class='ocrx_word' id='word_1_680' title='bbox 2099 1945 2280 1984; x_wconf 77' lang='lat' dir='ltr'>supernae</span> <span class='ocrx_word' id='word_1_681' title='bbox 2298 1936 2415 1972; x_wconf 85' lang='lat' dir='ltr'>cives-</span> 
     </span>
     <span class='ocr_line' id='line_1_95' title="bbox 1281 1985 2399 2038; baseline 0.004 -17"><span class='ocrx_word' id='word_1_682' title='bbox 1281 2013 1318 2033; x_wconf 84' lang='lat'><strong><em>„</em></strong></span> <span class='ocrx_word' id='word_1_683' title='bbox 1339 1986 1475 2036; x_wconf 70' lang='lat' dir='ltr'>patriae</span> <span class='ocrx_word' id='word_1_684' title='bbox 1494 2015 1505 2034; x_wconf 92' lang='lat'>,</span> <span class='ocrx_word' id='word_1_685' title='bbox 1536 1986 1786 2038; x_wconf 79' lang='lat' dir='ltr'>pertinentes,</span> <span class='ocrx_word' id='word_1_686' title='bbox 1815 1986 1932 2023; x_wconf 84' lang='lat' dir='ltr'>etiam</span> <span class='ocrx_word' id='word_1_687' title='bbox 1949 1987 1988 2023; x_wconf 89' lang='lat' dir='ltr'>in</span> <span class='ocrx_word' id='word_1_688' title='bbox 2004 1985 2399 2037; x_wconf 79' lang='lat' dir='ltr'>aliis-gentibus-suis·</span> 
     </span>
     <span class='ocr_line' id='line_1_96' title="bbox 1280 2039 2400 2091; baseline 0.004 -16"><span class='ocrx_word' id='word_1_689' title='bbox 1280 2067 1308 2087; x_wconf 88' lang='lat'><strong>„</strong></span> <span class='ocrx_word' id='word_1_690' title='bbox 1337 2052 1406 2087; x_wconf 77' lang='lat' dir='ltr'>se,</span> <span class='ocrx_word' id='word_1_691' title='bbox 1435 2053 1576 2091; x_wconf 85' lang='lat' dir='ltr'>negare</span> <span class='ocrx_word' id='word_1_692' title='bbox 1591 2052 1667 2077; x_wconf 88' lang='grc'>11011</span> <span class='ocrx_word' id='word_1_693' title='bbox 1683 2048 1857 2091; x_wconf 83' lang='lat' dir='ltr'>possunt:</span> <span class='ocrx_word' id='word_1_694' title='bbox 1885 2040 1989 2091; x_wconf 82' lang='lat' dir='ltr'>quia.</span> <span class='ocrx_word' id='word_1_695' title='bbox 2006 2039 2037 2076; x_wconf 86' lang='lat' dir='ltr'>si</span> <span class='ocrx_word' id='word_1_696' title='bbox 2065 2049 2231 2091; x_wconf 73' lang='lat' dir='ltr'>negant,</span> <span class='ocrx_word' id='word_1_697' title='bbox 2260 2039 2400 2079; x_wconf 80' lang='lat' dir='ltr'>facilli-</span> 
     </span>
     <span class='ocr_line' id='line_1_97' title="bbox 1279 2093 2415 2140; baseline 0.003 -10"><span class='ocrx_word' id='word_1_698' title='bbox 1279 2120 1307 2140; x_wconf 83' lang='lat'><strong>„</strong></span> <span class='ocrx_word' id='word_1_699' title='bbox 1337 2106 1398 2130; x_wconf 89' lang='lat' dir='ltr'>me</span> <span class='ocrx_word' id='word_1_700' title='bbox 1445 2094 1726 2132; x_wconf 78' lang='lat' dir='ltr'>conv-ineuntur</span> <span class='ocrx_word' id='word_1_701' title='bbox 1753 2093 1800 2129; x_wconf 93' lang='lat' dir='ltr'>de</span> <span class='ocrx_word' id='word_1_702' title='bbox 1827 2102 1982 2140; x_wconf 85' lang='lat' dir='ltr'>sancto,</span> <span class='ocrx_word' id='word_1_703' title='bbox 2028 2106 2074 2130; x_wconf 82' lang='lat' dir='ltr'>ac</span> <span class='ocrx_word' id='word_1_704' title='bbox 2113 2093 2285 2132; x_wconf 80' lang='lat' dir='ltr'>mirabili</span> <span class='ocrx_word' id='word_1_705' title='bbox 2316 2096 2415 2133; x_wconf 77' lang='lat' dir='ltr'>viro-</span> 
     </span>
     <span class='ocr_line' id='line_1_98' title="bbox 1279 2144 2399 2200; baseline 0.004 -18"><span class='ocrx_word' id='word_1_706' title='bbox 1279 2174 1305 2193; x_wconf 94' lang='lat'>„</span> <span class='ocrx_word' id='word_1_707' title='bbox 1333 2144 1426 2193; x_wconf 86' lang='lat' dir='ltr'>Job,</span> <span class='ocrx_word' id='word_1_708' title='bbox 1473 2147 1544 2199; x_wconf 82' lang='lat' dir='ltr'>qui</span> <span class='ocrx_word' id='word_1_709' title='bbox 1572 2157 1644 2184; x_wconf 86' lang='lat' dir='ltr'>nec</span> <span class='ocrx_word' id='word_1_710' title='bbox 1673 2144 1751 2183; x_wconf 87' lang='lat' dir='ltr'>iudi</span> <span class='ocrx_word' id='word_1_711' title='bbox 1781 2159 1879 2194; x_wconf 84' lang='lat' dir='ltr'>ena,</span> <span class='ocrx_word' id='word_1_712' title='bbox 1923 2159 1989 2183; x_wconf 86' lang='lat' dir='ltr'>nec</span> <span class='ocrx_word' id='word_1_713' title='bbox 2019 2146 2260 2200; x_wconf 86' lang='lat' dir='ltr'>proselytus,</span> <span class='ocrx_word' id='word_1_714' title='bbox 2303 2148 2399 2187; x_wconf 82' lang='lat' dir='ltr'>idest</span> 
     </span>
     <span class='ocr_line' id='line_1_99' title="bbox 1282 2158 2397 2253; baseline 0.004 -18"><span class='ocrx_word' id='word_1_715' title='bbox 1282 2225 1309 2245; x_wconf 87' lang='lat'><strong>„</strong></span> <span class='ocrx_word' id='word_1_716' title='bbox 1338 2199 1495 2236; x_wconf 61' lang='lat' dir='ltr'>advena</span> <span class='ocrx_word' id='word_1_717' title='bbox 1515 2198 1648 2251; x_wconf 88' lang='lat' dir='ltr'>populi</span> <span class='ocrx_word' id='word_1_718' title='bbox 1665 2158 1778 2236; x_wconf 57' lang='lat' dir='ltr'>lsrae‘l</span> <span class='ocrx_word' id='word_1_719' title='bbox 1808 2199 1910 2248; x_wconf 63' lang='lat' dir='ltr'>fuit,</span> <span class='ocrx_word' id='word_1_720' title='bbox 1939 2199 2014 2237; x_wconf 57' lang='lat' dir='ltr'>sed*</span> <span class='ocrx_word' id='word_1_721' title='bbox 2031 2213 2075 2237; x_wconf 79' lang='lat' dir='ltr'>ex</span> <span class='ocrx_word' id='word_1_722' title='bbox 2096 2209 2206 2253; x_wconf 82' lang='lat' dir='ltr'>gente</span> <span class='ocrx_word' id='word_1_723' title='bbox 2226 2201 2397 2241; x_wconf 78' lang='lat' dir='ltr'>ldmnaea</span> 
     </span>
     <span class='ocr_line' id='line_1_100' title="bbox 1279 2252 2397 2307; baseline 0.006 -20"><span class='ocrx_word' id='word_1_724' title='bbox 1279 2280 1306 2298; x_wconf 85' lang='lat'>„</span> <span class='ocrx_word' id='word_1_725' title='bbox 1335 2265 1450 2301; x_wconf 84' lang='lat' dir='ltr'>genus</span> <span class='ocrx_word' id='word_1_726' title='bbox 1478 2253 1646 2300; x_wconf 88' lang='lat' dir='ltr'>ducens,</span> <span class='ocrx_word' id='word_1_727' title='bbox 1694 2252 1751 2289; x_wconf 85' lang='lat' dir='ltr'>ibi</span> <span class='ocrx_word' id='word_1_728' title='bbox 1781 2261 1952 2291; x_wconf 86' lang='lat' dir='ltr'>mortuus</span> <span class='ocrx_word' id='word_1_729' title='bbox 1980 2262 2059 2292; x_wconf 87' lang='lat' dir='ltr'>est.</span> <span class='ocrx_word' id='word_1_730' title='bbox 2081 2257 2107 2275; x_wconf 75' lang='lat'>‘⁴</span> <span class='ocrx_word' id='word_1_731' title='bbox 2166 2253 2224 2292; x_wconf 82' lang='lat' dir='ltr'>Ex</span> <span class='ocrx_word' id='word_1_732' title='bbox 2253 2268 2330 2307; x_wconf 88' lang='lat' dir='ltr'>quo</span> <span class='ocrx_word' id='word_1_733' title='bbox 2357 2271 2397 2294; x_wconf 85' lang='lat' dir='ltr'>e·</span> 
     </span>
     <span class='ocr_line' id='line_1_101' title="bbox 1277 2303 2395 2359; baseline 0.007 -19"><span class='ocrx_word' id='word_1_734' title='bbox 1277 2304 1433 2356; x_wconf 83' lang='lat' dir='ltr'>xemplo</span> <span class='ocrx_word' id='word_1_735' title='bbox 1462 2305 1636 2344; x_wconf 79' lang='lat' dir='ltr'>insert-S.</span> <span class='ocrx_word' id='word_1_736' title='bbox 1657 2303 1791 2354; x_wconf 84' lang='lat' dir='ltr'>Pater,</span> <span class='ocrx_word' id='word_1_737' title='bbox 1821 2308 1935 2345; x_wconf 83' lang='lat' dir='ltr'>etiam</span> <span class='ocrx_word' id='word_1_738' title='bbox 1964 2306 2395 2359; x_wconf 75' lang='lat' dir='ltr'>inaliis-geutibuses-</span> 
     </span>
     <span class='ocr_line' id='line_1_102' title="bbox 1275 2359 2411 2411; baseline 0.004 -17"><span class='ocrx_word' id='word_1_739' title='bbox 1275 2371 1314 2394; x_wconf 86' lang='lat' dir='ltr'>se</span> <span class='ocrx_word' id='word_1_740' title='bbox 1342 2361 1503 2410; x_wconf 85' lang='lat' dir='ltr'>potuisse</span> <span class='ocrx_word' id='word_1_741' title='bbox 1521 2389 1532 2407; x_wconf 91' lang='lat'>,</span> <span class='ocrx_word' id='word_1_742' title='bbox 1580 2362 1644 2411; x_wconf 84' lang='lat' dir='ltr'>qui</span> <span class='ocrx_word' id='word_1_743' title='bbox 1672 2359 1890 2397; x_wconf 85' lang='lat' dir='ltr'>secundum</span> <span class='ocrx_word' id='word_1_744' title='bbox 1917 2359 2053 2398; x_wconf 86' lang='lat' dir='ltr'>Deum</span> <span class='ocrx_word' id='word_1_745' title='bbox 2090 2364 2293 2411; x_wconf 82' lang='lat' dir='ltr'>vixerunt,</span> <span class='ocrx_word' id='word_1_746' title='bbox 2341 2368 2411 2402; x_wconf 51' lang='lat' dir='ltr'>ei«</span> 
     </span>
     <span class='ocr_line' id='line_1_103' title="bbox 1275 2412 2410 2465; baseline 0.008 -17"><span class='ocrx_word' id='word_1_747' title='bbox 1275 2423 1348 2462; x_wconf 73' lang='lat' dir='ltr'>que</span> <span class='ocrx_word' id='word_1_748' title='bbox 1375 2412 1608 2461; x_wconf 84' lang='lat' dir='ltr'>placuerunt</span> <span class='ocrx_word' id='word_1_749' title='bbox 1625 2443 1636 2462; x_wconf 90' lang='lat'>,</span> <span class='ocrx_word' id='word_1_750' title='bbox 1664 2417 1905 2465; x_wconf 76' lang='lat' dir='ltr'>pertinentes</span> <span class='ocrx_word' id='word_1_751' title='bbox 1933 2413 1988 2452; x_wconf 86' lang='lat' dir='ltr'>ad</span> <span class='ocrx_word' id='word_1_752' title='bbox 2016 2414 2410 2465; x_wconf 79' lang='lat' dir='ltr'>spiritualem.Jeru--</span> 
     </span>
     <span class='ocr_line' id='line_1_104' title="bbox 1273 2466 1444 2504; baseline 0 -3"><span class='ocrx_word' id='word_1_753' title='bbox 1273 2466 1444 2504; x_wconf 39' lang='lat' dir='ltr'>salerni</span> 
     </span>
    </p>

    <p class='ocr_par' dir='ltr' id='par_1_15' title="bbox 1272 2519 2408 2785">
     <span class='ocr_line' id='line_1_105' title="bbox 1334 2519 2408 2563; baseline 0.006 -7"><span class='ocrx_word' id='word_1_754' title='bbox 1334 2519 1433 2557; x_wconf 42' lang='lat' dir='ltr'>136i</span> <span class='ocrx_word' id='word_1_755' title='bbox 1452 2519 1570 2557; x_wconf 87' lang='lat' dir='ltr'>Idem·</span> <span class='ocrx_word' id='word_1_756' title='bbox 1602 2520 1720 2558; x_wconf 87' lang='lat' dir='ltr'>docet·</span> <span class='ocrx_word' id='word_1_757' title='bbox 1751 2530 1883 2560; x_wconf 84' lang='lat' dir='ltr'>auctor</span> <span class='ocrx_word' id='word_1_758' title='bbox 1910 2521 2064 2560; x_wconf 87' lang='lat' dir='ltr'>L&#39;ibror.</span> <span class='ocrx_word' id='word_1_759' title='bbox 2103 2521 2154 2561; x_wconf 86' lang='lat' dir='ltr'>de</span> <span class='ocrx_word' id='word_1_760' title='bbox 2189 2530 2408 2563; x_wconf 68' lang='lat' dir='ltr'>vocatione·</span> 
     </span>
     <span class='ocr_line' id='line_1_106' title="bbox 1272 2572 2390 2625; baseline 0.007 -18"><span class='ocrx_word' id='word_1_761' title='bbox 1272 2576 1452 2622; x_wconf 79' lang='lat' dir='ltr'>gentium</span> <span class='ocrx_word' id='word_1_762' title='bbox 1482 2572 1602 2610; x_wconf 81' lang='lat' dir='ltr'>Libro</span> <span class='ocrx_word' id='word_1_763' title='bbox 1632 2573 1680 2611; x_wconf 86' lang='lat' dir='ltr'>ll.</span> <span class='ocrx_word' id='word_1_764' title='bbox 1702 2603 1714 2621; x_wconf 88' lang='lat'>,</span> <span class='ocrx_word' id='word_1_765' title='bbox 1753 2574 1821 2612; x_wconf 86' lang='lat' dir='ltr'>ubi</span> <span class='ocrx_word' id='word_1_766' title='bbox 1851 2583 1932 2625; x_wconf 79' lang='lat' dir='ltr'>post</span> <span class='ocrx_word' id='word_1_767' title='bbox 1961 2573 2081 2612; x_wconf 87' lang='lat' dir='ltr'>multa</span> <span class='ocrx_word' id='word_1_768' title='bbox 2111 2577 2151 2613; x_wconf 89' lang='lat' dir='ltr'>in</span> <span class='ocrx_word' id='word_1_769' title='bbox 2182 2575 2280 2614; x_wconf 67' lang='lat' dir='ltr'>hanc</span> <span class='ocrx_word' id='word_1_770' title='bbox 2308 2590 2390 2616; x_wconf 85' lang='lat' dir='ltr'>rem</span> 
     </span>
     <span class='ocr_line' id='line_1_107' title="bbox 1274 2625 2390 2678; baseline 0.006 -18"><span class='ocrx_word' id='word_1_771' title='bbox 1274 2625 1490 2675; x_wconf 73' lang='lat' dir='ltr'>disputata,</span> <span class='ocrx_word' id='word_1_772' title='bbox 1532 2625 1584 2662; x_wconf 80' lang='lat' dir='ltr'>ita</span> <span class='ocrx_word' id='word_1_773' title='bbox 1611 2625 1768 2663; x_wconf 80' lang='lat' dir='ltr'>demum</span> <span class='ocrx_word' id='word_1_774' title='bbox 1797 2625 1990 2664; x_wconf 81' lang='lat' dir='ltr'>concludit</span> <span class='ocrx_word' id='word_1_775' title='bbox 2018 2640 2104 2678; x_wconf 74' lang='lat' dir='ltr'>cap.</span> <span class='ocrx_word' id='word_1_776' title='bbox 2131 2629 2190 2665; x_wconf 85' lang='lat'>15.</span> <span class='ocrx_word' id='word_1_777' title='bbox 2240 2627 2390 2668; x_wconf 80' lang='lat' dir='ltr'>Secun-</span> 
     </span>
     <span class='ocr_line' id='line_1_108' title="bbox 1275 2676 2406 2732; baseline 0.004 -18"><span class='ocrx_word' id='word_1_778' title='bbox 1275 2676 1370 2714; x_wconf 83' lang='lat' dir='ltr'>dum</span> <span class='ocrx_word' id='word_1_779' title='bbox 1400 2682 1531 2728; x_wconf 83' lang='lat' dir='ltr'>ipsam</span> <span class='ocrx_word' id='word_1_780' title='bbox 1561 2681 1576 2729; x_wconf 96' lang='lat'>(</span> <span class='ocrx_word' id='word_1_781' title='bbox 1606 2677 1846 2730; x_wconf 87' lang='lat' dir='ltr'>Scripturam</span> <span class='ocrx_word' id='word_1_782' title='bbox 1876 2678 1890 2725; x_wconf 92' lang='lat'><em>)</em></span> <span class='ocrx_word' id='word_1_783' title='bbox 1921 2677 2120 2717; x_wconf 85' lang='lat' dir='ltr'>credimus</span> <span class='ocrx_word' id='word_1_784' title='bbox 2139 2709 2151 2728; x_wconf 87' lang='lat'>,</span> <span class='ocrx_word' id='word_1_785' title='bbox 2187 2681 2238 2721; x_wconf 62' lang='grc' dir='ltr'>ζῇ·</span> <span class='ocrx_word' id='word_1_786' title='bbox 2264 2686 2406 2732; x_wconf 56' lang='lat' dir='ltr'>piis-si.v</span> 
     </span>
     <span class='ocr_line' id='line_1_109' title="bbox 1277 2730 2403 2785; baseline 0.005 -15"><span class='ocrx_word' id='word_1_787' title='bbox 1277 2743 1343 2770; x_wconf 85' lang='lat' dir='ltr'>me</span> <span class='ocrx_word' id='word_1_788' title='bbox 1371 2730 1635 2785; x_wconf 67' lang='lat' dir='ltr'>confitemur,</span> <span class='ocrx_word' id='word_1_789' title='bbox 1680 2731 1794 2784; x_wconf 81' lang='lat' dir='ltr'>quod.</span> <span class='ocrx_word' id='word_1_790' title='bbox 1810 2744 2027 2784; x_wconf 82' lang='lat' dir='ltr'>nunquam</span> <span class='ocrx_word' id='word_1_791' title='bbox 2045 2737 2292 2774; x_wconf 83' lang='lat' dir='ltr'>universitati</span> <span class='ocrx_word' id='word_1_792' title='bbox 2319 2735 2403 2776; x_wconf 30' lang='lat' dir='ltr'>hoo*</span> 
     </span>
    </p>

    <p class='ocr_par' dir='ltr' id='par_1_16' title="bbox 2257 2803 2343 2829">
     <span class='ocr_line' id='line_1_110' title="bbox 2257 2803 2343 2829; baseline 0 0"><span class='ocrx_word' id='word_1_793' title='bbox 2257 2803 2343 2829; x_wconf 66' lang='lat' dir='ltr'>mi·</span> 
     </span>
    </p>
   </div>
   <div class='ocr_carea' id='block_1_8' title="bbox 1267 2913 2406 3335">
    <p class='ocr_par' dir='ltr' id='par_1_17' title="bbox 1267 2913 2406 3335">
     <span class='ocr_line' id='line_1_111' title="bbox 1314 2913 2405 2954; baseline 0.004 -5"><span class='ocrx_word' id='word_1_794' title='bbox 1314 2917 1361 2954; x_wconf 78' lang='lat' dir='ltr'>(b)</span> <span class='ocrx_word' id='word_1_795' title='bbox 1387 2917 1436 2949; x_wconf 74' lang='lat' dir='ltr'>lta</span> <span class='ocrx_word' id='word_1_796' title='bbox 1462 2916 1497 2949; x_wconf 90' lang='lat' dir='ltr'>S.</span> <span class='ocrx_word' id='word_1_797' title='bbox 1522 2915 1625 2949; x_wconf 80' lang='lat' dir='ltr'>Pater</span> <span class='ocrx_word' id='word_1_798' title='bbox 1649 2913 1790 2949; x_wconf 63' lang='lat' dir='ltr'>laudata</span> <span class='ocrx_word' id='word_1_799' title='bbox 1815 2915 1922 2949; x_wconf 79' lang='lat' dir='ltr'>verba</span> <span class='ocrx_word' id='word_1_800' title='bbox 1949 2914 2142 2950; x_wconf 70' lang='lat' dir='ltr'>ad&#39;sannm</span> <span class='ocrx_word' id='word_1_801' title='bbox 2165 2927 2405 2953; x_wconf 62' lang='lat' dir='ltr'>sensurum--</span> 
     </span>
     <span class='ocr_line' id='line_1_112' title="bbox 1269 2961 2406 3011; baseline 0.003 -15"><span class='ocrx_word' id='word_1_802' title='bbox 1269 2961 1372 2996; x_wconf 81' lang='lat' dir='ltr'>duxit</span> <span class='ocrx_word' id='word_1_803' title='bbox 1393 2977 1400 2994; x_wconf 69' lang='grc' dir='ltr'><strong>ε</strong></span> <span class='ocrx_word' id='word_1_804' title='bbox 1430 2984 1455 3003; x_wconf 91' lang='lat'><strong>„</strong></span> <span class='ocrx_word' id='word_1_805' title='bbox 1481 2961 1582 3007; x_wconf 84' lang='lat' dir='ltr'>Quod</span> <span class='ocrx_word' id='word_1_806' title='bbox 1607 2961 1680 2995; x_wconf 75' lang='lat' dir='ltr'>dixi</span> <span class='ocrx_word' id='word_1_807' title='bbox 1699 2983 1708 3001; x_wconf 86' lang='lat'>‚</span> <span class='ocrx_word' id='word_1_808' title='bbox 1734 2964 1826 2995; x_wconf 78' lang='lat' dir='ltr'>sulus</span> <span class='ocrx_word' id='word_1_809' title='bbox 1847 2965 2031 3007; x_wconf 71' lang='lat' dir='ltr'>religionis</span> <span class='ocrx_word' id='word_1_810' title='bbox 2057 2962 2157 3010; x_wconf 81' lang='lat' dir='ltr'>hujus</span> <span class='ocrx_word' id='word_1_811' title='bbox 2173 2986 2183 3004; x_wconf 91' lang='lat'>,</span> <span class='ocrx_word' id='word_1_812' title='bbox 2206 2978 2268 3009; x_wconf 80' lang='lat' dir='ltr'>per</span> <span class='ocrx_word' id='word_1_813' title='bbox 2293 2979 2406 3011; x_wconf 53' lang='lat' dir='ltr'>quanm</span> 
     </span>
     <span class='ocr_line' id='line_1_113' title="bbox 1271 3011 2386 3054; baseline 0.004 -13"><span class='ocrx_word' id='word_1_814' title='bbox 1271 3029 1297 3050; x_wconf 84' lang='lat'>‚,</span> <span class='ocrx_word' id='word_1_815' title='bbox 1325 3011 1428 3042; x_wconf 69' lang='lat' dir='ltr'>solum</span> <span class='ocrx_word' id='word_1_816' title='bbox 1443 3011 1660 3043; x_wconf 71' lang='lat' dir='ltr'>verumsalns</span> <span class='ocrx_word' id='word_1_817' title='bbox 1680 3021 1780 3048; x_wconf 71' lang='lat' dir='ltr'>uera,</span> <span class='ocrx_word' id='word_1_818' title='bbox 1807 3014 2038 3054; x_wconf 74' lang='lat' dir='ltr'>veraciterque</span> <span class='ocrx_word' id='word_1_819' title='bbox 2052 3012 2285 3054; x_wconf 75' lang='lat' dir='ltr'>promittitur,</span> <span class='ocrx_word' id='word_1_820' title='bbox 2311 3017 2386 3049; x_wconf 84' lang='lat' dir='ltr'>nul-</span> 
     </span>
     <span class='ocr_line' id='line_1_114' title="bbox 1271 3055 2385 3104; baseline 0.004 -15"><span class='ocrx_word' id='word_1_821' title='bbox 1271 3077 1296 3096; x_wconf 85' lang='lat'><strong>„</strong></span> <span class='ocrx_word' id='word_1_822' title='bbox 1323 3058 1350 3089; x_wconf 85' lang='lat' dir='ltr'>li</span> <span class='ocrx_word' id='word_1_823' title='bbox 1375 3069 1512 3100; x_wconf 74' lang='lat' dir='ltr'>unquam</span> <span class='ocrx_word' id='word_1_824' title='bbox 1536 3055 1675 3098; x_wconf 73' lang='lat' dir='ltr'>desciit,</span> <span class='ocrx_word' id='word_1_825' title='bbox 1716 3058 1770 3098; x_wconf 84' lang='lat' dir='ltr'>qui</span> <span class='ocrx_word' id='word_1_826' title='bbox 1796 3057 1923 3100; x_wconf 76' lang='lat' dir='ltr'>dignus</span> <span class='ocrx_word' id='word_1_827' title='bbox 1937 3056 2041 3102; x_wconf 65' lang='lat' dir='ltr'>first,-</span> <span class='ocrx_word' id='word_1_828' title='bbox 2081 3061 2124 3090; x_wconf 70' lang='grc' dir='ltr'>Θ·</span> <span class='ocrx_word' id='word_1_829' title='bbox 2159 3063 2213 3092; x_wconf 82' lang='lat' dir='ltr'>cui</span> <span class='ocrx_word' id='word_1_830' title='bbox 2239 3060 2354 3104; x_wconf 79' lang='lat' dir='ltr'>defuit</span> <span class='ocrx_word' id='word_1_831' title='bbox 2372 3083 2385 3103; x_wconf 88' lang='lat'>,</span> 
     </span>
     <span class='ocr_line' id='line_1_115' title="bbox 1270 3100 2384 3148; baseline 0.006 -14"><span class='ocrx_word' id='word_1_832' title='bbox 1270 3123 1296 3142; x_wconf 89' lang='lat'>,‚</span> <span class='ocrx_word' id='word_1_833' title='bbox 1321 3104 1446 3146; x_wconf 75' lang='lat' dir='ltr'>dignus</span> <span class='ocrx_word' id='word_1_834' title='bbox 1474 3115 1538 3134; x_wconf 79' lang='lat' dir='ltr'>non</span> <span class='ocrx_word' id='word_1_835' title='bbox 1554 3101 1657 3144; x_wconf 66' lang='lat' dir='ltr'>fixit,</span> <span class='ocrx_word' id='word_1_836' title='bbox 1683 3113 1752 3134; x_wconf 82' lang='lat' dir='ltr'>non</span> <span class='ocrx_word' id='word_1_837' title='bbox 1777 3102 1825 3135; x_wconf 76' lang='lat' dir='ltr'>ita</span> <span class='ocrx_word' id='word_1_838' title='bbox 1849 3100 1922 3136; x_wconf 75' lang='lat' dir='ltr'>«lixi</span> <span class='ocrx_word' id='word_1_839' title='bbox 1939 3125 1950 3144; x_wconf 92' lang='lat'>,</span> <span class='ocrx_word' id='word_1_840' title='bbox 1988 3111 2156 3148; x_wconf 79' lang='lat' dir='ltr'>tanquam</span> <span class='ocrx_word' id='word_1_841' title='bbox 2181 3118 2222 3140; x_wconf 81' lang='lat' dir='ltr'>ex</span> <span class='ocrx_word' id='word_1_842' title='bbox 2250 3107 2384 3142; x_wconf 79' lang='lat' dir='ltr'>meritis</span> 
     </span>
     <span class='ocr_line' id='line_1_116' title="bbox 1269 3146 2396 3195; baseline 0.006 -14"><span class='ocrx_word' id='word_1_843' title='bbox 1269 3169 1295 3188; x_wconf 89' lang='lat'>‚,</span> <span class='ocrx_word' id='word_1_844' title='bbox 1321 3149 1391 3181; x_wconf 85' lang='lat' dir='ltr'>suis</span> <span class='ocrx_word' id='word_1_845' title='bbox 1417 3149 1603 3193; x_wconf 79' lang='lat' dir='ltr'>quisquam</span> <span class='ocrx_word' id='word_1_846' title='bbox 1628 3146 1754 3192; x_wconf 84' lang='lat' dir='ltr'>(lignus</span> <span class='ocrx_word' id='word_1_847' title='bbox 1774 3149 1906 3190; x_wconf 76' lang='lat' dir='ltr'>fuerit,</span> <span class='ocrx_word' id='word_1_848' title='bbox 1930 3149 1988 3183; x_wconf 83' lang='lat' dir='ltr'>sed</span> <span class='ocrx_word' id='word_1_849' title='bbox 2013 3150 2308 3195; x_wconf 75' lang='lat' dir='ltr'>quemadmodum</span> <span class='ocrx_word' id='word_1_850' title='bbox 2335 3155 2396 3188; x_wconf 65' lang='lat' dir='ltr'>ait*</span> 
     </span>
     <span class='ocr_line' id='line_1_117' title="bbox 1269 3195 2396 3239; baseline 0.004 -12"><span class='ocrx_word' id='word_1_851' title='bbox 1269 3215 1294 3234; x_wconf 88' lang='lat'>„</span> <span class='ocrx_word' id='word_1_852' title='bbox 1322 3195 1507 3239; x_wconf 79' lang='lat' dir='ltr'>Apostolus</span> <span class='ocrx_word' id='word_1_853' title='bbox 1523 3208 1624 3234; x_wconf 65' lang='lat' dir='ltr'>‚non</span> <span class='ocrx_word' id='word_1_854' title='bbox 1651 3207 1692 3227; x_wconf 71' lang='lat' dir='ltr'>ez·</span> <span class='ocrx_word' id='word_1_855' title='bbox 1719 3195 1903 3238; x_wconf 79' lang='lat' dir='ltr'>operibus,</span> <span class='ocrx_word' id='word_1_856' title='bbox 1936 3198 2000 3231; x_wconf 80' lang='lat' dir='ltr'>secl</span> <span class='ocrx_word' id='word_1_857' title='bbox 2021 3210 2065 3231; x_wconf 71' lang='lat' dir='ltr'>ez·</span> <span class='ocrx_word' id='word_1_858' title='bbox 2092 3201 2396 3233; x_wconf 62' lang='lat' dir='ltr'>vocante-dictum</span> 
     </span>
     <span class='ocr_line' id='line_1_118' title="bbox 1267 3239 2393 3288; baseline 0.005 -17"><span class='ocrx_word' id='word_1_859' title='bbox 1267 3261 1294 3280; x_wconf 89' lang='lat'>‚,</span> <span class='ocrx_word' id='word_1_860' title='bbox 1319 3254 1394 3274; x_wconf 78' lang='lat' dir='ltr'>esse</span> <span class='ocrx_word' id='word_1_861' title='bbox 1410 3263 1420 3281; x_wconf 92' lang='lat'><em>‚</em></span> <span class='ocrx_word' id='word_1_862' title='bbox 1461 3239 1578 3287; x_wconf 81' lang='lat' dir='ltr'>Major</span> <span class='ocrx_word' id='word_1_863' title='bbox 1606 3245 1731 3274; x_wconf 72' lang='lat' dir='ltr'>serviet</span> <span class='ocrx_word' id='word_1_864' title='bbox 1757 3246 1880 3281; x_wconf 74' lang='lat' dir='ltr'>minori</span> <span class='ocrx_word' id='word_1_865' title='bbox 1899 3257 1914 3281; x_wconf 90' lang='lat'>,·</span> <span class='ocrx_word' id='word_1_866' title='bbox 1951 3255 2058 3288; x_wconf 84' lang='lat' dir='ltr'>qnam</span> <span class='ocrx_word' id='word_1_867' title='bbox 2096 3247 2314 3282; x_wconf 75' lang='lat' dir='ltr'>vocatiouem</span> <span class='ocrx_word' id='word_1_868' title='bbox 2336 3243 2393 3278; x_wconf 64' lang='lat' dir='ltr'>adi</span> 
     </span>
     <span class='ocr_line' id='line_1_119' title="bbox 1268 3287 2104 3335; baseline 0.006 -15"><span class='ocrx_word' id='word_1_869' title='bbox 1268 3308 1294 3327; x_wconf 89' lang='lat'>‚‚</span> <span class='ocrx_word' id='word_1_870' title='bbox 1319 3287 1382 3321; x_wconf 89' lang='lat' dir='ltr'>Dei</span> <span class='ocrx_word' id='word_1_871' title='bbox 1408 3288 1628 3333; x_wconf 79' lang='lat' dir='ltr'>propositum</span> <span class='ocrx_word' id='word_1_872' title='bbox 1651 3288 1775 3323; x_wconf 75' lang='lat' dir='ltr'>asserit</span> <span class='ocrx_word' id='word_1_873' title='bbox 1799 3289 1974 3335; x_wconf 66' lang='lat' dir='ltr'>pertinere</span> <span class='ocrx_word' id='word_1_874' title='bbox 1999 3293 2104 3325; x_wconf 64' lang='lat' dir='ltr'>&amp;cc-5¹</span> 
     </span>
    </p>
   </div>
  </div>
 </body>
</html>
