2583 3685
623 127 704 172 DE
738 125 996 172 NATURA
1029 126 1422 172 ANGELORUM
1454 126 1865 171 lNcottt’oitssA.
2283 147 2309 187 ς)

124 212 191 254 50.
221 210 332 264 Resp.
360 208 458 247 lianc
486 206 780 246 similitudinem
817 221 1020 260 corporum
1051 221 1179 246 neces-

71 268 207 307 sariam
235 277 310 302 non
341 263 453 302 fuisse
482 262 528 300 ad
557 262 807 300 obtinendum
837 275 995 315 scopum
1014 291 1024 309 ,
1061 275 1177 313 quein

69 319 237 360 christus
266 316 453 355 Dominus
481 314 555 353 sibi
587 317 623 352 in
668 316 713 352 iis
744 315 870 354 verbis
908 322 1178 367 proposuerat3

70 370 318 424 respondebat
347 370 450 408 enim
479 367 697 406 Sadducaeis
727 368 1071 419 interrogantibus,
1112 380 1179 403 cu-

70 423 219 464 ’usuam
248 423 375 462 futura
403 430 494 460 esset
510 421 650 459 mulier
667 451 677 470 ,
707 433 794 474 qua:
811 421 1018 459 successive
1038 429 1178 471 septem

66 436 252 516 imbuerat
279 478 458 524 maritos,
488 474 734 527 respondebat
766 477 948 526 inquam,
980 487 1063 510 eam
1094 472 1179 510 nul-

66 530 141 569 lius
170 530 365 578 futuram,
393 529 487 582 quia
516 529 556 566 in
586 530 856 567 resurrectione
878 525 981 564 nulla
1011 525 1178 577 amplius

67 590 177 623 eruut
197 582 426 621 connubia.
474 581 603 629 Quare
631 590 759 619 autem
801 579 908 618 nulla
937 589 1024 616 tuuc
1068 587 1178 618 erunt

66 634 290 676 connubia?
329 635 434 684 Quia
461 648 607 674 necesse
635 646 708 672 non
737 635 805 671 erit
840 645 1064 671 conservare
1094 647 1176 684 spe·

66 692 166 729 ciem
197 688 404 727 humanam
433 702 499 741 per
526 686 806 740 generationem
824 716 834 734 ,
884 699 973 723 cum
1005 685 1177 723 homines

68 751 176 782 erunt
205 742 318 781 etiam
346 751 531 795 quantum
559 741 606 778 ad
635 752 771 790 corpus
792 738 1046 777 immortales:
1076 740 1175 776 sicu—

65 798 93 835 ti
122 796 330 835 necessaria
357 808 430 834 non
459 795 612 832 suerunt
640 792 830 830 connubia
861 793 957 830 inter
986 791 1174 843 Angelos,

66 849 158 902 quia
186 863 209 887 a
226 847 309 888 Deo
335 847 451 886 creati
481 847 634 884 suerunt
663 844 896 883 immortales
915 871 924 883 .
957 845 996 882 ln
1026 844 1096 882 lioc
1125 847 1175 882 si-

65 911 103 941 ta
129 909 183 940 est
210 909 285 939 tota
310 899 524 939 similitudo
550 911 640 937 cum
670 897 851 950 Angelis,
881 912 969 951 quae
1000 898 1106 937 nobis
1137 899 1174 936 in

64 955 337 994 resurrectione
365 954 597 1006 promittitur
611 977 623 990 .

121 1009 185 1047 51.
216 1007 369 1046 Frustra
396 1014 522 1044 autem
551 1004 697 1044 laborat
726 1003 856 1044 Petrus
884 1006 1042 1044 Jaussen
1086 1018 1176 1043 con-

66 1061 248 1110 tendens,
277 1059 341 1099 liic
367 1059 607 1112 adaequatam
637 1060 793 1096 omuino
821 1060 967 1097 institui
996 1057 1177 1096 similitu·

65 1115 194 1153 dinem
235 1114 334 1152 inter
367 1111 484 1164 justos
525 1120 783 1164 resurgentes,
831 1112 866 1148 &
897 1110 1088 1164 Angelos,
1139 1120 1176 1150 ut

65 1166 390 1220 quemadmodum
419 1164 481 1204 illi
509 1178 670 1218 corpora
712 1175 927 1213 resument,
972 1167 1023 1203 ita
1051 1164 1086 1200 8(
1115 1165 1176 1203 isti

63 1219 255 1258 habeant.
303 1218 485 1268 Frustra,
528 1219 714 1271 inquam3
758 1232 883 1270 neque
911 1220 1012 1256 enim
1042 1231 1177 1270 scopus

65 1273 152 1312 {esu
179 1272 321 1311 Christi
354 1280 441 1311 erat
468 1272 515 1310 de
553 1270 778 1321 corporibus
808 1269 1040 1322 Angelorum
1059 1301 1069 1319 ,
1116 1270 1177 1309 vel

65 1325 265 1364 homiuum
294 1324 574 1376 resurgentium
609 1323 818 1370 disserere,
861 1323 924 1360 sed
954 1323 1178 1374 respondere

66 1378 329 1418 tantummodo
355 1376 558 1429 quaestioni
587 1374 885 1413 Sadducaeorum
903 1407 913 1424 ,
950 1377 1103 1413 cuinam
1132 1388 1179 1413 ex

67 1439 236 1484 septem,
265 1440 359 1481 quos
388 1427 599 1474 babuerat,
643 1428 790 1465 maritis
819 1427 961 1465 mulier
990 1427 1057 1465 illa
1087 1437 1180 1466 esset

62 1485 108 1522 in
139 1481 408 1520 resurrectione
450 1478 707 1518 restituenda?
754 1479 883 1526 Quam
927 1482 1178 1530 quaestionem

61 1535 236 1575 christus
262 1534 461 1586 adoequate
491 1531 666 1580 resolvit,
696 1532 858 1570 dicendo
885 1531 984 1570 nihil
1015 1546 1093 1570 esse
1122 1546 1180 1570 re-

65 1588 326 1636 stituendum,
369 1587 462 1640 quia
489 1584 601 1624 nulla
629 1583 796 1636 amplius
826 1594 943 1638 erunt
973 1585 1151 1637 conjugia
1168 1615 1179 1634 ,

62 1637 287 1681 ¹bominibus
315 1637 600 1680 immortalibus
641 1638 783 1681 effectis
804 1669 814 1687 ,
862 1647 903 1676 ut
929 1647 1013 1677 sunt
1043 1639 1179 1692 Angeli

63 1695 169 1735 Dei.
216 1694 311 1733 Haec
339 1692 543 1747 explicatio
570 1692 733 1730 traditur
774 1707 796 1730 a
824 1692 866 1730 S.
897 1692 1110 1745 Augustino
1139 1694 1180 1733 in

66 1748 157 1790 Lib.
181 1747 235 1787 ii.
267 1746 417 1801 Quoest.
445 1744 606 1799 Evang.
635 1745 783 1794 Quaest.
801 1745 867 1799 49.
896 1746 1011 1785 Toni.
1041 1745 1107 1786 111..
1138 1761 1181 1785 u-

66 1803 109 1843 bi
138 1802 239 1842 liunc
268 1801 396 1842 locum
426 1814 615 1855 exponens
644 1801 796 1853 inquit:
847 1799 953 1851 Quia
982 1800 1180 1840 connubia

68 1866 224 1909 propter
238 1855 380 1911 filios,
398 1855 480 1909 filit
508 1863 664 1905 propter
677 1857 997 1903 successionem,
1026 1868 1179 1893 succes·

67 1915 130 1950 sio
158 1918 314 1963 propter
342 1917 541 1948 mortem:
570 1907 632 1947 ubi
651 1919 745 1961 ergo
765 1920 873 1947 mors
900 1917 1056 1947 non-est
1072 1939 1082 1958 ‚
1112 1922 1180 1948 ne-

71 1975 146 2017 que
171 1962 397 2002 connubia.

123 2017 190 2057 52.
217 2017 332 2056 Dices
358 2017 547 2056 secundo.
577 2017 682 2056 Idem
711 2017 760 2057 S.
776 2018 1007 2070 Augustinus
1035 2017 1114 2056 alio
1141 2019 1182 2057 in

70 2069 157 2110 {oco
185 2074 200 2123 (
229 2070 278 2109 de
305 2083 437 2125 agone
469 2069 693 2110 Christiano
721 2085 807 2124 cap.
830 2072 895 2111 51.
926 2072 1041 2110 Tom.
1072 2071 1180 2121 VI.)

64 2125 108 2162 in
137 2122 239 2164 hunc
268 2123 397 2164 locum
413 2123 454 2164 S.
474 2125 589 2164 Lucas
619 2127 794 2178 exponit,
826 2135 865 2163 ut
894 2139 965 2178 pro
993 2134 1094 2164 certo
1116 2125 1181 2164 lia·

64 2176 178 2227 beat,
209 2177 373 2230 Angelos
399 2179 550 2217 vestitos
578 2192 656 2218 esse
670 2179 897 2231 corporibus
913 2209 923 2227 ,
955 2180 1096 2233 quibus
1117 2192 1181 2218 no-

66 2238 140 2270 stra
169 2231 312 2270 similia
339 2240 446 2271 erunt
475 2241 555 2284 post
596 2234 938 2279 resurrectionein5
987 2234 1113 2285 inquit
1141 2247 1180 2271 e-

67 2285 173 2323 nim:
202 2284 315 2332 Quod
343 2284 545 2324 Dominus
572 2289 790 2336 promittit,
820 2299 913 2324 cum
942 2285 1063 2324 dicit:
1110 2299 1180 2325 ne-

66 2343 143 2389 ’que
169 2336 341 2388 nubent,
370 2352 496 2390 neque
525 2352 672 2378 uxores
700 2339 871 2388 ducent,
901 2339 971 2378 sed
991 2349 1105 2378 erunt
1124 2353 1180 2378 σε·

64 2391 202 2442 quales
234 2392 398 2445 Angelis
425 2391 567 2432 Dei...
615 2393 892 2431 immutabitur
934 2407 1028 2446 ergo
1057 2406 1180 2443 caro,

68 2450 119 2532 ἵν
147 2449 341 2498 sanguis,
386 2446 437 2488 (ν’
453 2445 535 2498 fiet
563 2459 703 2497 corpus
743 2447 930 2497 coeleste,
977 2449 1026 2488 <9⁶
1056 2461 1181 2501 ange-

91 2508 196 2534 icum
212 2522 224 2535 .

69 2564 74 2568 ·
121 2549 186 2588 53.
218 2547 329 2601 Resp.
358 2549 688 2602 S.·Augustinuin
731 2552 894 2589 dubium
931 2554 978 2590 de
1017 2552 1180 2605 Angelo-

67 2613 157 2640 rum
186 2609 318 2640 natura
361 2602 541 2651 liaesisse,
589 2603 624 2639 &
653 2606 831 2654 quamvis
875 2617 1179 2656 nonnunquam,

68 2663 108 2693 ut
137 2655 178 2693 in
207 2654 289 2694 loco
316 2654 493 2707 objectu,
538 2654 690 2708 Angelis
720 2670 787 2694 sua
816 2669 975 2708 corpora
1013 2657 1181 2696 tribuere

66 2708 269 2758 videatur,
317 2707 412 2747 alibi
443 2717 596 2757 tamen,
644 2708 684 2747 id
712 2708 945 2762 ambiguum
974 2722 1059 2748 esse
1087 2712 1179 2748 scri-

65 2761 148 2808 bit,
179 2770 219 2800 ut
247 2761 336 2801 Li-b.
367 2761 458 2801 XV.
487 2761 536 2801 de
567 2761 646 2801 Civ.
676 2761 755 2800 Dei
784 2777 870 2815 cap.
903 2763 994 2812 25.‚
1027 2761 1060 2798 8(
1089 2763 1179 2802 Lib.

67 2813 177 2854 xxi.
206 2829 293 2867 cap.
329 2829 390 2854 10.
418 2815 527 2864 vult,
560 2829 641 2854 non
669 2829 757 2855 esse
786 2815 832 2854 cle
862 2814 939 2854 hac
971 2830 1014 2854 re
1043 2829 1178 2866 opero·

66 2879 117 2906 sa
144 2871 394 2920 inquisitione
422 2868 716 2918 laborandum,
745 2879 815 2907 aut
844 2874 1094 2908 contentiosa.
1122 2870 1179 2908 ‹ii-

67 2925 290 2973 sputatione
317 2922 555 2960 certandum
572 2950 583 2961 .
612 2924 789 2962 Ceterum
821 2924 859 2960 in
892 2922 975 2962 loco
1003 2923 1179 2975 objecto,

67 2973 136 3013 ubi
163 2987 235 3014 non
263 2976 350 3014 data
377 2989 514 3028 opera,
545 2977 606 3015 sed
635 2977 757 3015 obiter
786 2977 904 3015 verba
931 2976 1069 3015 Christi
1103 2977 1180 3028 Dp-

70 3028 165 3065 mini
195 3029 296 3080 apud
324 3029 365 3068 S.
394 3030 540 3068 Lucam
572 3031 777 3083 expendit,
821 3029 861 3068 S.
891 3029 999 3069 Pater
1027 3044 1100 3068 nou
1129 3031 1182 3069 ita

69 3081 282 3136 contendit,
330 3083 622 3121 similitudinem
651 3098 740 3121 cum
772 3082 925 3135 Angelis
955 3086 1181 3136 promissam

68 3132 177 3183 justis
204 3134 243 3171 in
270 3138 542 3174 resurrectione
572 3151 648 3175 esse
677 3139 715 3175 in
745 3137 968 3188 corporibus
988 3168 999 3186 ,
1047 3146 1086 3174 ut
1117 3151 1180 3175 ne-

68 3194 156 3237 get,
199 3188 300 3236 quod
327 3188 422 3227 alibi
451 3190 658 3239 docuerat,
699 3190 993 3230 similitudinem
1034 3205 1110 3228 esse
1139 3192 1182 3229 in

68 3237 354 3277 immortalitate
382 3251 596 3282 nostrorum
638 3257 841 3295 corporum
859 3275 869 3294 ,
919 3258 996 3297 qua
1024 3243 1093 3292 fit,
1143 3253 1181 3283 ut

72 3289 190 3330 nullis
219 3290 387 3343 amplius
413 3307 505 3346 opus
534 3298 580 3335 sit
609 3297 838 3336 connubiis.

71 3355 74 3359 '
119 3342 197 3388 -54,
225 3344 301 3382 Ob.
319 3346 445 3383 tertio.
476 3349 516 3385 ln
543 3351 680 3389 iisdem
701 3352 823 3390 sacris
851 3350 985 3392 litteris
1004 3350 1187 3405 quaedam

179 3394 419 3452 Gazzaniga
449 3398 583 3442 Theol.
610 3403 724 3444 Tom.
741 3403 813 3443 IV.

1249 206 1405 256 Angelis
1435 206 1656 244 tribuuntur
1675 237 1684 253 ,
1714 221 1800 258 quae
1832 208 1912 245 sine
1942 207 1997 245 ali
2032 220 2079 245 uo
2108 220 2264 259 corpore
2295 224 2360 248 nec

1247 274 1349 306 esse,
1381 274 1449 297 nce
1481 259 1640 309 intelligi
1669 271 1835 311 queunt.
1867 262 1907 298 ln
1940 221 2087 298 l’satimo
2106 262 2186 298 (ΣΗ.
2211 275 2272 299 20.
2303 265 2360 300 ‹li-

1247 322 1383 350 cuntur
1403 312 1537 363 Angeli
1568 321 1745 362 potentes
1765 318 1900 350 virtute
1920 345 1927 354 ,
1959 328 2021 351 seu
2039 313 2174 364 'sortes
2203 314 2358 362 robore,

1250 375 1288 403 nt
1318 367 1428 403 vertit
1457 365 1497 403 S.
1529 365 1807 417 Hieronymus.
1839 368 1878 403 S.
1911 366 2046 405 l'aulus
2084 381 2115 405 t.
2144 369 2231 406 (lor.
2254 369 2359 406 Xlll.

1255 433 1289 456 ι.
1320 420 1520 470 inquiens:
1550 416 1592 455 Sc·
1622 419 1764 470 linguis
1794 419 1994 458 hominum
2018 421 2176 470 loquar,
2205 422 2255 461 (9‘
2278 423 2359 459 An-

1247 473 1455 524 gelorum,
1489 471 1664 510 membra
1696 471 1863 509 bumana
1894 473 1967 510 illis
1998 473 2161 511 tribuit.
2213 475 2264 512 Ac
2294 476 2359 512 de-

1249 539 1356 563 inum
1385 524 1560 563 Christus
1589 525 1780 562 Dominus
1810 525 1947 563 Manli.
1980 526 2128 565 xxiv.
2159 527 2223 566 δι.
2262 542 2361 579 prm-

1246 579 1367 626 dixit,
1417 579 1689 616 innovissimo
1731 579 1792 615 die
1838 581 2032 617 mittendos
2065 580 2224 632 Angelos
2269 594 2360 618 curn

1244 630 1364 678 tuba,
1412 632 1462 671 ζῇ·
1492 643 1583 668 voce
1612 644 1798 683 magna,
1840 634 1940 682 quod
1970 635 2048 670 sine
2076 647 2167 680 ore,
2207 634 2241 670 &
2273 635 2360 685 pnl-

1245 685 1424 722 monibus
1454 684 1538 722 stcri
1570 697 1642 722 non
1674 694 1815 735 potest.
1847 687 2106 731 Quamobrmn
2139 688 2178 725 S.
2201 687 2359 726 llernar·

1245 739 1314 776 dus
1343 737 1468 775 Serm.
1502 737 1548 776 V.
1593 739 1630 775 in
1661 740 1772 776 Cant.
1811 751 1854 774 ex
1898 753 1974 790 qno
2006 740 2140 790 Angeli
2183 740 2359 778 dicantur

1245 790 1579 829 administratorii·
1621 795 1804 841 spiritus,
1851 791 2082 841 colligebat,
2127 805 2187 830 eos
2219 792 2358 831 habere

1245 857 1404 896 corpus.
1455 874 1480 893 „
1511 845 1689 892 Quonam
1721 858 1810 896 ergo
1839 845 1976 892 inodo,
2019 845 2245 896 inquiebat,
2286 848 2360 884 iin-

1244 926 1272 948 „
1301 896 1406 950 plent
1435 899 1686 936 ministerium
1713 912 1830 936 suum
1859 898 2001 950 absque
2031 912 2210 947 corpore,
2259 913 2359 952 prae-

1245 981 1271 1000 „
1302 952 1430 988 sertim
1461 952 1561 1003 apud
1592 952 1761 989 viventes
1793 953 1829 989 in
1856 951 2041 1003 corpore?
2081 952 2257 1004 Denique
2287 966 2363 992 nou

1246 1034 1272 1053 „
1303 1013 1353 1041 est
1383 1005 1623 1052 discurrere,
1654 1019 1724 1042 nec
1753 1007 1799 1042 de
1829 1004 1912 1043 loco
1941 1005 1986 1042 ad
2018 1006 2145 1043 locum
2175 1009 2358 1055 transire,

1247 1088 1271 1107 „
1302 1059 1375 1096 nisi
1406 1070 1608 1110 corporum
1628 1088 1639 1105 ,
1681 1059 1784 1110 quod
1814 1059 2030 1110 frequenter
2062 1058 2221 1111 Angelos
2261 1061 2361 1099 face-

1247 1140 1273 1160 „
1300 1125 1372 1159 re,
1412 1119 1488 1149 tam
1521 1112 1763 1159 indubitata,
1807 1126 1923 1163 quain
1955 1122 2039 1149 nota
2069 1113 2203 1163 probat
2233 1124 2361 1152 aucto-

1246 1194 1272 1214 „
1303 1166 1422 1203 ritas.
1454 1166 1555 1203 Hinc
1585 1174 1662 1211 est,
1693 1165 1796 1216 quod
1827 1165 1859 1200 8(
1891 1166 1960 1202 visi
1990 1174 2075 1202 sunt
2097 1164 2297 1214 Patribus,
2329 1167 2362 1203 8(

1246 1248 1272 1266 ,‚
1303 1218 1348 1256 ad
1379 1230 1438 1256 eos
1469 1219 1733 1267 intraverunt,
1763 1218 1797 1254 8(
1827 1218 2180 1267 manducaverunt,
2230 1219 2264 1256 8(
2294 1235 2361 1272 pe-

1248 1300 1274 1319 „
1302 1272 1366 1309 des
1396 1271 1645 1310 lavaverunt.

1303 1325 1366 1362 55.
1393 1323 1509 1377 ¹Hesp.
1541 1324 1652 1372 liaec,
1701 1325 1735 1362 8(
1764 1325 1908 1365 similia
1939 1327 2053 1366 facile
2094 1327 2284 1379 explicari
2314 1328 2362 1365 de

1246 1378 1410 1425 virtute,
1443 1376 1475 1413 8(
1504 1380 1786 1430 operationibus
1809 1380 2038 1431 Angelorum
2059 1411 2068 1429 ,
2099 1395 2187 1433 quae
2219 1395 2293 1420 non
2325 1395 2363 1418 e-

1247 1440 1448 1469 xercentur
1478 1444 1549 1484 ope
1592 1434 1786 1485 corporis,
1830 1444 1895 1470 aut
1938 1435 2230 1483 membrorum,
2274 1449 2362 1487 quae

1248 1485 1382 1521 nostris
1411 1485 1482 1521 sint
1511 1485 1681 1533 similia,
1730 1486 1793 1523 sed
1824 1486 1935 1523 modo
1979 1487 2244 1536 spiritualibus
2274 1489 2362 1526 sub-

1248 1538 1390 1574 stantiis
1420 1539 1600 1589 proprio,
1641 1539 1783 1590 quibus
1814 1539 1916 1577 Deus
1948 1554 2032 1576 cani
2079 1542 2256 1577 virtutem
2289 1543 2361 1579 iin-

1248 1590 1407 1678 pertitns
1436 1600 1506 1637 est,
1537 1604 1625 1642 quae
1647 1601 1699 1628 est
1721 1593 1926 1629 necessaria
1947 1592 2002 1629 ad
2018 1592 2266 1643 faciendum
2281 1608 2362 1633 rer-

1272 1655 1339 1679 um
1369 1643 1482 1694 ejus,
1527 1656 1591 1680 seu
1623 1643 1669 1680 ad
1699 1643 1782 1693 ejus
1820 1645 1997 1682 mandata
2024 1648 2247 1698 exequenda
2265 1675 2274 1686 .
2321 1648 2361 1687 S.

1249 1705 1376 1734 autem
1400 1694 1609 1733 llernardus
1639 1698 1680 1734 in
1710 1710 1794 1734 eam
1826 1698 2086 1749 propendebat
2114 1704 2362 1749 sententiam,

1249 1764 1336 1803 quae
1369 1748 1525 1801 Angelis
1554 1762 1621 1787 sua
1657 1763 1816 1801 corpora
1860 1750 2080 1799 tribuebat,
2130 1761 2168 1789 ut
2199 1755 2363 1792 vidimus

1249 1817 1363 1856 supra
1393 1816 1502 1841 num.
1539 1816 1600 1841 ιι.
1631 1817 1853 1856 quanquam
1882 1804 1927 1841 de
1948 1804 2080 1842 eadem
2100 1814 2223 1844 certus
2242 1811 2365 1846 omni·

1250 1870 1300 1895 no
1329 1870 1405 1895 non
1435 1866 1540 1905 erat,
1587 1870 1698 1909 cujus
1742 1867 1939 1910 propterea
1981 1858 2203 1896 modestiam
2237 1859 2366 1899 laudat

1249 1910 1379 1950 Sixtus
1408 1909 1583 1949 Senensis
1613 1911 1704 1949 Lib.
1736 1911 1783 1949 V.
1827 1910 2004 1948 Bibltoclz.
2042 1922 2196 1950 sanctae
2234 1916 2364 1953 adnot.

1250 1965 1290 2003 8.
1315 1966 1510 2003 Caeterum
1541 1965 1732 2017 quomodo
1761 1963 1844 2004 liaec
1875 1966 2083 2003 ministeria
2120 1978 2365 2006 exerceantur

1250 2018 1301 2057 ab
1331 2017 1486 2070 Angelis
1517 2019 1556 2055 in
1587 2018 1813 2070 corporibus
1843 2020 2064 2071 assumptis,
2107 2021 2272 2058 mirifice
2301 2036 2363 2059 ex-

1252 2071 1371 2125 plicat
1401 2071 1530 2110 Sanct.
1562 2070 1732 2110 Thomas
1762 2073 1793 2110 1.
1824 2071 1865 2110 P.
1894 2081 2030 2125 quaest.
2064 2073 2128 2111 51.
2157 2075 2266 2112 artic.
2298 2076 2336 2113 8.

1307 2124 1370 2165 56.
1401 2125 1543 2164 Dices.
1574 2124 1688 2178 Saepe
1719 2125 1853 2177 Angeli
1885 2125 2056 2164 humana
2094 2129 2218 2178 specie
2247 2143 2364 2180 appa-

1250 2187 1436 2227 ruerunt,
1466 2178 1702 2217 comedentes
1731 2181 1844 2217 etiam
1864 2209 1874 2227 ,
1903 2179 1937 2215 8(
1967 2179 2167 2228 bibentes,
2202 2192 2240 2219 ut
2271 2182 2365 2220 Aza-

1250 2235 1326 2272 rias
1356 2232 1493 2271 Tobiae
1523 2245 1677 2278 comes;
1719 2245 1844 2284 neque
1873 2246 1935 2271 sus
1968 2233 2146 2270 icandum
2177 2245 2256 2283 est,
2303 2249 2365 2275 eos

1247 2289 1289 2326 in
1319 2286 1540 2338 hujusmodi
1569 2300 1618 2338 ap
1650 2286 1894 2334 aritionibus,
1925 2247 1962 2322 ἕ
1987 2288 2272 2338 operationibus
2302 2303 2367 2327 vo-

1248 2340 1363 2378 luisse
1394 2341 1575 2378 mentiri.
1637 2348 1794 2378 raeterea
1823 2337 1961 2378 Tobiae
1978 2339 2047 2378 Vi.
2078 2339 2116 2378 8.
2147 2341 2286 2380 dicitur
2308 2343 2367 2381 fu-

1249 2408 1334 2432 mus
1365 2395 1478 2446 piscis
1507 2396 1710 2432 extricare
1739 2406 1860 2431 omne
1901 2407 2028 2447 genus
2058 2392 2366 2434 Daemonbmm

1250 2451 1328 2486 sit-e
1357 2461 1384 2485 n.
1415 2452 1493 2485 viro
1513 2477 1522 2495 ‚
1551 2450 1630 2486 sive
1659 2461 1688 2485 a.
1709 2447 1900 2494 midiae,
1925 2450 1993 2486 cui
2012 2447 2137 2486 simile
2159 2459 2233 2496 est,
2262 2451 2364 2502 quod

1250 2502 1412 2539 refertur
1437 2515 1469 2539 i.
1501 2500 1592 2553 Reg.
1610 2498 1718 2539 XVI.
1749 2500 1938 2539 Davidem
1970 2502 2127 2540 citliarae
2150 2514 2239 2540 sono
2260 2516 2364 2540 corn-

1251 2555 1437 2604 peseuisse
1464 2555 1641 2605 spiritum
1674 2553 1820 2592 malum
1839 2584 1850 2602 ,
1898 2567 1975 2604 quo
2003 2554 2096 2593 Saul
2128 2555 2365 2592 vexabatur,

1252 2606 1419 2643 Demum
1449 2617 1596 2643 certum
1626 2615 1678 2644 est
1707 2619 1751 2642 ex
1785 2620 1821 2643 2.
1852 2606 2023 2655 Epistola
2052 2606 2093 2643 S.
2126 2606 2222 2644 Petri
2254 2608 2300 2643 ll.
2330 2607 2365 2643 8(

1250 2669 1294 2694 ex
1325 2657 1446 2708 Apoc.
1476 2657 1588 2694 XXI.
1633 2657 1835 2694 Daemones
1878 2659 2077 2704 cruciari,
2126 2658 2183 2695 vel
2231 2658 2365 2698 saltem

1248 2719 1331 2761 post
1355 2710 1572 2748 universale
1602 2708 1792 2759 judicium
1823 2709 2048 2747 cruciandos
2088 2723 2166 2748 esse
2195 2713 2280 2762 igue
2309 2715 2366 2750 in·

1249 2762 1414 2811 fernali,
1464 2775 1534 2800 non
1563 2776 1668 2800 secus
1697 2776 1741 2800 ac
1783 2761 1877 2800 alios
1920 2763 2096 2814 reprobos
2140 2765 2365 2804 cor›oribus

1250 2825 1486 2861 constante33
1517 2830 1605 2868 quae
1634 2817 1763 2854 onmia
1794 2816 1988 2864 indicant,
2017 2829 2083 2854 sua
2099 2779 2253 2868 Angelis
2271 2833 2364 2857 vcot·-

1249 2883 1343 2921 pora
1373 2882 1446 2908 non
1477 2870 1625 2908 deesse.

1305 2923 1369 2974 57.
1404 2921 1515 2974 Resp.
1548 2925 1683 2974 primae
1712 2921 1931 2960 difficultati
1949 2923 2113 2974 Angelos
2142 2927 2364 2976 apparuisse

1251 2989 1322 3014 non
1354 2978 1393 3014 in
1424 2978 1578 3028 propria
1609 2986 1768 3023 natura,
1801 2989 1877 3027 qua
1906 2986 2005 3014 certe
2023 2978 2236 3016 invisibiles
2256 2990 2363 3028 suut,

1252 3031 1314 3068 sed
1346 3031 1382 3067 in
1412 3031 1536 3080 specie
1566 3028 1696 3080 aliqua
1724 3038 1943 3080 assumpta,
1972 3044 2036 3067 sen
2068 3031 2106 3068 in
2137 3045 2297 3083 corpore
2318 3045 2364 3070 ex

1251 3082 1449 3121 subtiliore
1479 3095 1563 3119 aere
1595 3083 1781 3127 tormatm
1811 3081 1845 3118 8(
1873 3084 1912 3120 in
1932 3081 2151 3133 lmjusmodi
2172 3096 2363 3136 assumpto

1250 3149 1407 3187 corpore
1437 3135 1639 3173 comedisse
1657 3164 1668 3184 ,
1698 3135 1841 3173 bibisse
1862 3135 1933 3174 &c.
1963 3149 2038 3175 non
2067 3151 2176 3183 vere,
2207 3139 2268 3175 sed
2299 3154 2366 3190 ap·

1250 3198 1424 3242 parentet
1453 3197 1620 3234 tantum3
1669 3189 1768 3226 uncle
1797 3190 1911 3227 etiam
1942 3189 2109 3241 Angelus
2139 3189 2275 3228 Tobiae
2305 3192 2363 3229 di-

1250 3243 1358 3281 cebat
1388 3240 1474 3279 Xll.
1512 3252 1570 3292 19.
1622 3238 1794 3279 Videbar
1822 3241 1979 3293 quillem
2018 3241 2214 3280 vobiscum
2245 3257 2363 3282 man-

1254 3295 1402 3334 ducare
1430 3294 1479 3334 (θ’
1508 3292 1659 3344 bibere,
1689 3295 1758 3333 sed
1787 3309 1860 3348 ego
1889 3295 1970 3334 cibo
1999 3294 2197 3345 invisibili,
2227 3299 2276 3338 (9⁶
2294 3309 2360 3345 po—

1254 3359 1321 3399 tu,
1369 3351 1432 3399 qui
1462 3346 1513 3386 ab
1541 3347 1760 3388 hominibus
1788 3348 1909 3390 rideri
1938 3362 2019 3390 non
2040 3358 2196 3401 potest,
2245 3358 2329 3385 mor
2346 3373 2361 3387 .

1852 3415 1875 3440 2
2228 3401 2309 3439 Nec
