2583 3685
881 144 961 191 DE
996 140 1192 189 OPERE
1226 136 1496 198 ρυιΝΤΑΕ,
1527 135 1678 181 nnn.
2309 149 2362 186 77

191 230 276 272 152.
303 227 377 269 Sed
404 228 519 267 etiam
547 237 636 265 aves
664 223 754 265 coeli
784 224 915 264 eadem
945 226 1006 263 die
1042 224 1235 277 productae

132 292 241 332 sunt,
268 283 314 322 de
341 282 482 336 quibus
512 294 633 334 pauca
662 294 731 333 pro
758 290 884 317 nostro
912 281 1082 317 instituto
1110 278 1236 314 dicere

129 336 296 390 oportet3
325 335 359 373 ἃ
389 336 513 388 primo
541 333 697 387 quidem
727 334 772 371 de
802 347 935 372 earum
962 332 1132 383 origine,
1170 341 1236 380 po-

118 393 203 430 'ntea
243 390 290 427 de
329 388 602 441 insignioribus
645 387 866 426 earumdem
909 381 1236 439 proprietatibus.

123 440 296 490 Quaestio
324 450 452 481 autem
493 441 540 479 de
568 441 700 479 avium
728 441 898 493 origine,
945 451 1010 476 seu
1045 437 1092 474 de
1120 442 1237 472 mate·

125 495 212 544 ria,
242 508 286 533 ex
315 510 392 549 qua
412 495 583 533 tormatae
614 502 728 543 sunt,
759 508 805 532 an
833 492 975 530 scilicet
996 502 1040 528 ex
1069 487 1235 526 elemen-

124 556 163 586 to
191 561 332 601 aquae,
360 548 549 603 quomodo
577 552 697 600 pisces
726 547 895 599 producti
925 553 1036 589 sunt5
1070 556 1118 579 an
1148 553 1238 577 vero

128 614 173 640 ex
203 610 330 650 terra,
358 612 422 640 aut
451 615 536 639 aere
558 632 568 649 ,
598 615 686 653 quae
714 601 790 638 duo
819 598 1003 636 elementa
1034 604 1177 632 naturae
1199 607 1236 630 a·

120 655 236 705 ¹vium
268 656 388 707 magis
416 657 620 696 convenire
663 653 864 700 videntur,
911 646 1156 702 perdifficilis
1187 656 1238 685 est

125 705 322 746 solutionis
344 734 355 747 .

185 761 273 800 155.
304 762 358 799 Ac
379 762 517 813 primae
546 760 700 812 quidem
721 757 915 797 sententiae
937 786 948 804 ,
977 754 1122 793 scilicet
1150 767 1237 791 aves

127 827 174 851 ex
202 828 302 867 aqua
318 815 460 862 fuisse,
491 826 563 851 non
592 825 698 850 secus
717 825 760 849 ac
790 811 909 863 pisces
937 809 1118 847 formatas
1138 837 1150 856 ,
1182 808 1236 844 fa-

124 879 215 908 vere
244 866 422 905 videntur
462 865 579 905 verba
608 864 752 916 vulgati
794 865 904 902 nostri
935 862 1151 914 interpretis
1177 861 1234 899 di-

125 921 266 958 centis:
295 918 526 957 Producant
555 930 674 969 aquae
700 918 838 967 reptile
867 920 1022 954 animoe
1051 918 1234 961 virentis,

124 972 176 1014 Φ
204 972 358 1011 volatile
385 984 501 1025 super
529 979 683 1009 terram
712 969 781 1008 sub
797 969 1072 1024 firmamento
1111 968 1202 1008 caelb
1222 995 1232 1006 .

122 1025 272 1065 Favent
313 1027 402 1065 item
432 1026 556 1063 eidem
597 1025 770 1076 opinioni
810 1022 986 1062 nonnulli
1017 1023 1135 1059 saneti
1166 1021 1234 1060 Pa-

122 1086 223 1127 tres,
271 1087 385 1132 atque
414 1079 606 1130 imprimis
637 1078 862 1115 Ambrosius
892 1076 981 1114 Lib.
1001 1074 1052 1112 V.
1082 1074 1234 1112 Πεπα-

120 1144 262 1170 meron
283 1145 394 1185 capp.
418 1145 451 1170 1.
482 1145 519 1169 2.
549 1131 583 1167 ἃ
605 1130 669 1176 5.;
698 1130 809 1180 cujus
838 1139 890 1168 est
906 1131 1020 1166 etiam
1043 1127 1233 1180 hymnus,

117 1185 161 1225 iu
188 1198 267 1240 quo
284 1187 336 1224 ita
363 1186 463 1224 cauit
483 1184 659 1223 Ecclesia
687 1185 726 1222 iu
746 1183 924 1236 Vesperis
940 1183 1048 1222 feriae
1069 1183 1234 1234 quintas:

226 1291 398 1345 Magnae
427 1289 540 1328 Deus
565 1293 754 1340 potentiae

339 1343 417 1394 Qui
433 1342 568 1396 fertili
597 1352 714 1381 natos
743 1355 852 1394 aqua

337 1396 494 1435 Partim
525 1397 712 1447 relinquis
739 1399 912 1448 gurgiti,

336 1448 493 1486 Partim
522 1449 629 1486 levas
657 1452 699 1484 in
728 1460 858 1485 aera.

224 1499 428 1540 Demersa
458 1499 633 1552 lymphis
661 1504 924 1550 imprimens,

331 1551 528 1592 subvecta
557 1553 666 1590 coelis
695 1556 856 1604 erigens

337 1604 390 1644 Ut
418 1610 538 1657 stirpe
565 1605 616 1643 ab
645 1618 728 1643 una
756 1604 914 1655 prodita

331 1658 503 1698 Diversa
531 1660 712 1711 repleant
741 1659 832 1697 loca
847 1684 861 1697 .

173 1765 261 1814 154.
289 1765 499 1806 Praeiverat
545 1766 586 1805 S.
617 1766 820 1806 Ambrosio
847 1765 889 1804 S.
920 1762 1084 1804 Basilius
1114 1763 1232 1802 Hom.

116 1819 224 1860 Vlll.
272 1821 311 1858 in
341 1819 616 1864 Hexaemeron
664 1820 764 1858 hauc
811 1816 972 1858 afferens
1014 1820 1230 1856 rationem:

118 1897 148 1925 „
175 1873 368 1921 Quoniam
398 1872 618 1912 volatilibus
658 1873 706 1913 ad
735 1872 907 1912 natatilia
936 1872 1045 1925 quasi
1074 1884 1231 1910 consan-

120 1956 148 1977 „
176 1927 338 1978 guinitas
364 1928 545 1980 quaedam
574 1935 654 1965 est.
711 1926 811 1966 Nam
843 1928 899 1965 uti
941 1927 1062 1978 pisces
1090 1938 1233 1977 aquam

117 2008 145 2030 „
175 1988 325 2026 secant,
354 1981 554 2031 agitatione
581 1980 738 2032 quidem
769 1993 982 2032 pennarum
1001 1979 1051 2016 ad
1081 1977 1232 2016 ult-erio-

117 2062 146 2082 ,‚
177 2045 217 2070 ra
245 2033 549 2086 progredientes,
580 2034 714 2072 caudae
736 2046 826 2071 vero
852 2034 1058 2070 motatione
1088 2031 1232 2070 flexuo-

114 2114 144 2135 „
172 2097 230 2124 sos
257 2099 304 2135 ac
331 2094 450 2124 rectos
479 2095 600 2125 motus
618 2116 629 2134 ,
660 2085 694 2122 ἃ
725 2088 890 2138 impetus
910 2085 984 2124 sibi
1014 2084 1233 2137 gubernan-

115 2167 144 2187 „
173 2147 253 2187 tes,
282 2140 337 2177 sic
367 2139 468 2178 idem
499 2139 533 2176 &
562 2140 602 2178 in
631 2139 854 2188 volucribus
872 2140 1094 2192 conspicere
1123 2138 1232 2188 licet,

110 2219 139 2240 „
168 2205 258 2244 quae
288 2205 358 2244 per
383 2206 511 2231 aerem
542 2196 678 2246 pennis
706 2192 885 2232 similiter
913 2201 1070 2231 natant.
1100 2192 1231 2239 Quare

110 2273 140 2295 2,
169 2257 260 2284 cum
289 2259 363 2285 una
382 2247 428 2285 sit
458 2248 656 2300 utriusque
670 2248 885 2286 communis
913 2246 1107 2294 conditio,
1137 2247 1230 2299 ipsis

109 2326 140 2346 ,‚
168 2297 334 2338 affinitas
361 2313 406 2338 ex
435 2314 624 2352 aquarum
654 2303 895 2353 generatione
921 2299 1064 2338 tributa
1100 2308 1153 2337 est
1168 2302 1196 2321 ‘⁶
1217 2325 1229 2338 .

108 2349 257 2389 Eadem
300 2352 373 2390 fuit
415 2361 521 2391 mens
548 2353 590 2391 S.
631 2354 688 2392 Jo.
717 2353 974 2407 Clirysostomi
1005 2353 1120 2391 Hom.
1141 2351 1229 2392 Vll.

111 2403 155 2441 in
183 2405 393 2451 Genesim,
422 2405 462 2443 S.
477 2405 617 2456 Cyrilli
641 2407 849 2445 Alexandr.
871 2407 960 2445 Lib.
982 2407 1011 2444 l.
1044 2404 1228 2458 Glaphy-

108 2466 273 2504 rorum,
301 2456 342 2494 S.
371 2456 431 2494 Jo.
460 2457 690 2495 Damasceui
714 2459 800 2496 Lib.
822 2460 870 2497 lt.
900 2459 949 2497 de
977 2457 1072 2498 Fide
1100 2459 1228 2497 ortho-

117 2505 228 2545 doxa
255 2521 343 2598 αἱ.
363 2509 429 2561 49.
459 2507 493 2544 ἃ
522 2508 690 2546 aliorum
719 2510 930 2547 multorum
960 2513 1024 2559 (a.)
1042 2537 1054 2548 .

140 2560 259 2599 ἰ55.
327 2562 388 2599 liis
428 2569 555 2599 tamen
585 2575 659 2600 non
703 2564 837 2614 paucis
864 2562 1003 2599 arridet
1040 2564 1231 2600 contraria

109 2614 268 2665 opinio,
297 2613 442 2651 scilicet
471 2628 586 2662 aves,
616 2627 694 2652 non
723 2616 848 2653 minus
866 2645 877 2663 ,
913 2626 1030 2667 quam
1059 2615 1229 2667 quadru-

105 2667 222 2719 pedes
251 2666 368 2705 fuisse
397 2679 442 2704 ex
471 2677 571 2705 terra
601 2667 808 2706 formatas.
839 2668 882 2705 ld
912 2677 1037 2705 autem
1068 2668 1227 2719 probant

94 2732 154 2777 ‘ex
184 2721 232 2758 iis
259 2719 468 2772 Scripturae
499 2721 625 2759 verbis
653 2721 754 2759 Gen.
777 2721 824 2759 ll.
860 2733 921 2772 19.
969 2719 1167 2758 Formatts
1197 2725 1226 2758 i-

90 2775 285 2828 gnum...
315 2773 364 2811 de
393 2772 511 2812 humo
539 2777 691 2812 cunctis
706 2773 983 2812 animantibus
1003 2783 1145 2821 terroe,
1173 2774 1223 2814 <9²

90 2830 298 2877 ‘unic-ersis
324 2826 540 2867 volatilibus
568 2827 656 2865 caeli
683 2828 771 2868 &a
789 2843 804 2873 ;
841 2827 911 2865 ubi
937 2827 1073 2865 eadem
1098 2828 1224 2865 omni-

107 2878 181 2919 bus
209 2880 393 2918 tribuitur
419 2882 526 2934 origo
543 2908 553 2919 .
582 2881 720 2933 Neque
747 2882 917 2930 obstant,
947 2881 1153 2932 inquiunt,
1183 2895 1223 2918 a-

106 2929 165 2970 lia
191 2933 308 2972 verba
337 2936 489 2987 priora:
519 2933 750 2973 Producant
770 2946 888 2985 aquae
975 2934 1132 2972 volatile
1160 2947 1224 2972 su-

110 2997 181 3039 per·
207 2994 361 3027 terram
376 3017 390 3038 ,
418 2987 490 3028 bac
504 2989 609 3028 enim
638 3001 683 3027 ex
697 2989 929 3042 primigenio
942 2987 1123 3028 hebraico
1142 2988 1224 3028 {on-

169 3134 220 3167 (css
249 3131 339 3166 Hine
361 3142 444 3186 nata
469 3136 614 3171 sortasse
641 3137 701 3171 ina
727 3135 958 3182 quorumdam
983 3135 1122 3182 opinio,
1156 3135 1235 3170 lici·

122 3183 197 3209 ‘nm
213 3188 296 3228 ‘esse
314 3189 430 3231 avium
443 3193 539 3216 esum
565 3183 711 3224 diebus,
736 3185 772 3216 in
788 3184 916 3228 quibus
929 3184 1059 3216 vetitus
1085 3191 1135 3216 est
1153 3194 1232 3216 esus

122 3233 285 3274 c··rn¹·1}n
302 3246 309 3253 -
360 3225 427 3258 Alli
453 3226 674 3264 distinctione
701 3229 916 3270 utebantur,
957 3232 990 3262 ἃ
1015 3230 1092 3262 illas
1117 3229 1231 3262 solum

120 3267 254 3302 contuli
294 3281 391 3314 posse
408 3281 606 3325 ⁴putat-unt,
646 3288 723 3321 qnae
750 3278 918 3321 aquatiles
951 3285 1200 3319 nuncupantur
1220 3297 1229 3306 .

117 3314 265 3348 Veteres
284 3316 501 3370 Christ-»anos
528 3329 586 3353 ant
609 3322 765 3366 piscihus
780 3323 884 3355 sii-nul
912 3324 945 3354 δε
971 3322 1094 3355 avibus
1121 3321 1229 3355 absti—

114 3370 198 3399 nere
209 3383 224 3404 ,
248 3372 309 3397 aut
335 3371 494 3409 utrisque
518 3367 612 3400 vesei
636 3368 886 3410 consuevisse,
907 3369 1056 3403 affirmat
1086 3367 1228 3402 Alexius

1304 228 1338 257 te
1367 219 1424 257 sic
1450 216 1576 267 legunt
1605 220 1619 266 (
1652 224 1690 252 nt
1718 214 1806 265 legit
1835 215 1924 253 Car.
1952 211 2173 266 Ploubigant
2199 211 2240 260 ):
2284 211 2418 250 Dixit-

1305 284 1380 323 que
1409 269 1547 307 Deus:
1577 272 1815 320 progignant
1837 281 1954 318 aquae
1982 271 2173 304 animam
2201 270 2416 313 viventem,

1303 326 1352 365 (J
1383 322 1647 367 motabilem5
1674 325 1722 361 (θ’
1743 322 1912 359 volucres
1942 321 2066 358 volent
2096 332 2211 371 super
2239 328 2415 365 terram,

1304 378 1354 418 ζ’)
1382 389 1451 427 per
1481 375 1656 413 medium
1685 374 2135 426 coelt‘firmamentum5
2176 373 2284 426 quasi
2314 371 2417 410 scili-

1304 440 1363 468 eet
1391 431 1542 468 nonnisi
1602 429 1693 466 isces
1720 428 1894 465 dicantur
1915 440 1957 464 ex
1988 429 2097 479 aquis
2127 426 2304 470 formati3
2334 425 2416 462 avi-

1304 483 1377 522 bus
1407 495 1499 521 vero
1537 444 1777 520 solummodo
1819 480 1922 518 locus
1952 480 2063 517 fuerit
2099 480 2327 525 destinatus,
2375 479 2415 515 in

1305 550 1382 589 quo
1412 536 1540 575 volare
1568 535 1759 582 debeant;
1807 548 1942 584 nempe
1971 546 2082 584 super
2112 543 2278 580 terram,
2307 532 2416 568 sicuti

1306 592 1427 642 pisces
1455 597 1583 627 natant
1614 591 1654 627 in
1683 589 1818 639 aquis.
1876 585 2046 624 Atl'erunt
2076 588 2192 623 etiam
2232 585 2421 638 quasdam

1305 645 1493 692 rationes,
1524 642 1669 681 scilicet
1699 655 1790 679 etun
1819 642 1972 692 propria
2002 639 2184 677 habitatio
2211 640 2342 676 avium
2373 638 2417 675 sit

1306 698 1346 735 in
1377 707 1502 744 terra,
1535 696 1632 734 unde
1661 694 1886 733 alimentum
1916 702 2098 740 sumunt,
2141 693 2176 728 ὅ(
2206 692 2275 730 ubi
2302 707 2324 729 a
2353 704 2416 728 vo·

1305 749 1384 787 latu
1413 751 1612 803 quiescunt
1630 779 1640 798 ,
1670 762 1713 787 ac
1744 747 1848 786 nidos
1876 760 1960 784 suos
1989 756 2158 799 ponunt,
2201 745 2351 783 videtur
2381 758 2418 781 e-

1304 805 1400 842 tiam
1429 802 1627 856 probabile
1645 833 1656 851 ,
1700 815 1760 840 eas
1789 811 1898 838 terrae
1931 814 2034 837 suam
2064 800 2251 851 originem
2280 797 2419 835 debere

1305 856 1368 907 (b)
1386 883 1396 895 .
1436 857 1548 895 Addit
1577 857 1684 895 Sam.
1715 854 1921 893 Bochai-tus
1949 855 1987 891 in
2019 852 2248 890 Ηιενοῑοισο
2276 850 2369 889 Lib.
2387 850 2417 888 l.

1303 923 1389 962 cap.
1410 922 1448 962 9.
1487 910 1590 948 lianc
1616 909 1876 961 conjecturam
1895 920 1915 954 ζ
1953 908 2055 960 quod
2084 920 2172 944 aves
2200 906 2313 956 jussae
2343 906 2418 942 sint

1303 964 1459 1011 volare,
1489 977 1563 1001 non
1593 973 1891 1015 superterram:
1921 970 1959 998 ut
1989 961 2233 1007 ostendatur,
2262 971 2322 996 eas
2341 970 2419 996 non

1301 1017 1348 1056 ad
1377 1032 1397 1054 a
1431 1031 1495 1054 uas
1525 1018 1741 1069 pertinere,
1770 1016 1833 1054 sed
1863 1016 1910 1053 ad
1940 1025 2106 1052 terram.

1361 1072 1407 1109 15
1478 1069 1740 1108 Veruntamen
1787 1071 1825 1107 in
1856 1069 1926 1107 liae
1969 1068 2153 1106 sententia
2195 1064 2290 1103 illud
2321 1063 2420 1102 mihi

1301 1124 1495 1176 explicatu
1523 1123 1684 1162 difficile
1713 1125 1861 1162 videtur
1881 1153 1891 1170 ,
1921 1122 2024 1173 quod
2054 1121 2160 1172 prius
2188 1118 2342 1170 Moyses
2363 1119 2421 1155 iu·

1300 1178 1431 1215 dicare
1459 1177 1623 1215 voluerit
1651 1175 1778 1214 locum
1799 1206 1810 1224 ,
1860 1178 1897 1213 in
1925 1188 2002 1226 quo
2031 1187 2118 1210 aves
2147 1171 2276 1211 volare
2304 1171 2419 1208 debr:-

1302 1241 1409 1279 rent,
1439 1245 1557 1283 quam
1586 1231 1809 1268 earumdem
1839 1228 2107 1266 formationem
2126 1255 2139 1272 ,
2165 1238 2253 1278 quae
2284 1223 2422 1261 nonni-

1304 1286 1336 1322 si
1364 1285 1426 1322 die
1455 1294 1556 1322 sexta
1585 1285 1827 1335 contigisset.
1882 1281 1996 1329 Quod
2023 1287 2150 1317 autem
2181 1290 2227 1316 ex
2255 1291 2341 1329 cap.
2371 1277 2420 1314 ll.

1305 1337 1445 1375 Genes.
1473 1337 1656 1388 objicitur
1673 1367 1684 1383 ‚
1721 1337 1869 1374 duobus
1897 1334 2024 1372 modis
2049 1332 2205 1370 solvitur
2234 1346 2256 1369 a
2285 1330 2422 1368 Sancto

1306 1389 1519 1442 Augustino
1546 1389 1636 1428 Lib.
1659 1388 1728 1427 lX.
1771 1387 1818 1426 de
1850 1386 1997 1424 Genesi
2039 1384 2096 1423 ad
2131 1385 2203 1422 litt.
2233 1399 2320 1436 cap.
2356 1397 2420 1429 1.;

1304 1445 1433 1494 primo
1450 1474 1459 1491 ,
1489 1443 1590 1495 qnod
1623 1442 1676 1480 ibi
1706 1450 1874 1479 taceatur
1901 1442 2008 1490 origo
2034 1438 2247 1477 volatilium
2267 1467 2277 1485 ,
2325 1450 2417 1474 cum

1304 1495 1384 1546 jam
1431 1498 1468 1533 in
1511 1511 1597 1547 cap.
1620 1497 1649 1532 l.
1681 1494 1834 1546 Moyses
1882 1506 1946 1531 nos
1974 1493 2171 1538 docuerit,
2219 1493 2261 1527 ln
2288 1493 2422 1540 prima

1304 1550 1531 1585 causalium
1561 1553 1763 1585 rationum
1794 1546 2018 1585 conditione
2053 1557 2107 1582 ex
2136 1547 2251 1594 aqut‘s
2279 1556 2331 1581 ea
2359 1555 2420 1580 es·

1305 1612 1348 1637 se
1375 1601 1594 1650 producta:
1625 1602 1813 1647 secundo,
1844 1610 1981 1637 terram
2006 1598 2270 1636 universaliter
2288 1595 2420 1648 appel-

1304 1651 1378 1691 lari
1408 1652 1523 1690 simul
1552 1667 1642 1690 cum
1672 1654 1808 1704 aquis;
1838 1662 1876 1689 ut
1905 1666 1995 1689 cum
2024 1652 2186 1690 dicitur:
2233 1649 2422 1688 Laudine

1304 1704 1531 1745 Dominum
1559 1705 1609 1744 de
1637 1715 1750 1742 terra
1777 1703 1974 1741 dracones
1995 1733 2008 1751 ,
2053 1705 2103 1743 (9-
2132 1715 2272 1741 omnes
2301 1702 2421 1755 abys-

1302 1763 1364 1809 si,
1393 1774 1484 1813 quae
1513 1758 1641 1811 abyssi
1671 1771 1746 1797 non
1777 1766 1864 1796 sunt
1894 1758 2046 1810 proprie
2075 1756 2116 1793 in
2146 1763 2273 1802 terra,
2301 1759 2363 1794 sed
2386 1758 2422 1794 in

1303 1815 1441 1866 aquis.
1473 1843 1499 1862 „
1529 1813 1751 1851 Secundum
1782 1813 1895 1849 istam
1912 1808 2169 1848 universalem
2198 1808 2425 1862 appellatio·

1302 1897 1329 1916 „
1359 1881 1450 1905 nem
1479 1876 1589 1905 terrae
1606 1896 1617 1914 ‚
1647 1865 1844 1904 concludit
1863 1863 1905 1902 S.
1927 1863 2073 1913 Pater,
2103 1865 2183 1902 sive
2211 1863 2257 1900 de
2286 1863 2421 1911 arida,

1302 1951 1329 1971 „
1359 1922 1438 1959 sive
1467 1922 1514 1959 de
1541 1921 1677 1973 aquis,
1706 1932 1963 1972 quaecumque
1993 1926 2117 1956 creata
2146 1924 2258 1965 sunt,
2287 1917 2333 1954 de
2349 1925 2424 1954 ter-

1302 2004 1330 2024 „
1361 1988 1402 2013 ra
1432 1983 1558 2013 creata
1585 1975 1769 2012 veraciter
1799 1971 2062 2023 intelliguntur
2082 1973 2110 1991 ‘⁶
2127 1996 2139 2007 .

1362 2029 1451 2080 157.
1482 2028 1616 2080 Neque
1646 2041 1735 2066 vero
1761 2025 1943 2064 omnibus
1985 2024 2167 2076 probatur
2197 2024 2322 2061 versio
2348 2022 2415 2061 illa

1300 2089 1424 2120 textus
1455 2081 1652 2119 hebraici:
1681 2080 1738 2119 Et
1766 2080 1940 2117 volucres
1968 2079 2092 2116 volent
2107 2089 2223 2126 super
2240 2085 2416 2114 terram.

1300 2135 1402 2173 Nam
1432 2134 1625 2173 hebraicae
1654 2133 1798 2186 lingnae
1829 2132 2048 2185 peritissimi
2089 2131 2327 2170 retinendam
2356 2143 2420 2168 vo-

1299 2189 1383 2226 lunt
1411 2188 1550 2227 lection
1589 2201 1615 2225 n
1646 2189 1759 2225 nostri
1780 2187 2028 2238 lmen-prens,
2058 2185 2092 2221 δε
2121 2186 2303 2222 duntaxat
2331 2198 2417 2236 sup-

1297 2241 1479 2295 plendam
1509 2201 1673 2280 inffextu
1701 2239 1879 2292 originali
1910 2238 2082 2291 ellipsim
2101 2238 2252 2275 relativi
2283 2249 2418 2288 prono-

1298 2298 1419 2334 minis
1443 2295 1544 2346 quod
1558 2311 1573 2340 ‚·
1604 2304 1642 2332 ut
1669 2294 1834 2348 proinde
1858 2300 1978 2330 textus
2007 2291 2214 2330 hebraicus
2239 2291 2291 2327 ita
2318 2289 2419 2342 lega-

1298 2358 1379 2388 tur:
1412 2348 1640 2387 Producant
1653 2361 1772 2399 aquce
1799 2347 1935 2398 reptile
1951 2371 1993 2385 0..
2020 2346 2070 2386 ύ-
2087 2344 2415 2396 volatile(quod)

1297 2404 1395 2442 volet
1422 2416 1538 2454 super
1567 2412 1721 2440 terram
1739 2427 1750 2440 .
1790 2401 1871 2439 Hoc
1900 2402 2043 2454 pariter
2070 2398 2297 2437 conciliatur
2326 2411 2415 2435 cum

1297 2459 1469 2496 versione
1497 2457 1610 2494 latini
1639 2457 1881 2507 Interpretis‚
1929 2455 1982 2492 ita
2011 2462 2091 2506 post
2119 2450 2245 2490 LXX.
2287 2450 2417 2488 diceu-

1295 2511 1364 2547 tis:
1411 2512 1461 2549 (³)
1490 2509 1645 2547 volatile
1673 2521 1789 2559 super
1817 2518 2004 2551 terram;
2052 2507 2143 2544 idest
2173 2518 2289 2552 aves,
2325 2516 2413 2555 quae

1296 2561 1424 2598 volent
1465 2575 1579 2612 snper
1607 2570 1745 2601 terram
1764 2586 1777 2598 .
1831 2561 2009 2596 Concinit
2051 2559 2166 2595 etiam
2195 2557 2313 2595 Liber
2343 2555 2413 2594 W.

1297 2611 1431 2650 Esdrae
1449 2642 1460 2660 ‚
1489 2614 1558 2664 qui
1587 2612 1676 2649 licet
1705 2614 1743 2648 in
1771 2610 2013 2660 dogmatibus
2042 2608 2149 2646 nulla
2178 2608 2317 2659 polleat
2345 2622 2413 2646 au-

1295 2667 1492 2712 ctoritate,
1524 2672 1654 2716 utpote
1680 2663 1879 2701 manife‘ste
1907 2660 2165 2712 apocriphus,
2214 2670 2330 2712 potest
2358 2669 2415 2699 ta.-

1295 2732 1384 2756 men
1413 2717 1540 2756 valere
1568 2718 1616 2755 ad
1645 2715 1753 2754 nobis
1780 2714 2025 2754 indicandam
2060 2726 2307 2752 communem
2334 2714 2414 2752 He·

1292 2772 1492 2810 braeorum
1521 2771 1743 2822 opinionem
1761 2800 1771 2817 ‚
1801 2778 1864 2806 aut
1894 2767 2161 2813 traditionem3
2190 2768 2314 2820 iuquit
2342 2782 2410 2807 au-

1291 2834 1365 2864 tem
1395 2839 1480 2876 cap.
1502 2823 1572 2862 Vl.
1601 2823 1692 2874 47.·.
1722 2853 1748 2871 „
1778 2821 1916 2869 Quinta
1931 2830 2060 2858 antem
2074 2820 2136 2858 die
2150 2821 2281 2859 dixisti
2296 2823 2410 2872 septi-

1292 2908 1318 2928 „
1348 2892 1422 2916 mae
1442 2879 1567 2930 parti,
1595 2877 1663 2914 ubi
1682 2885 1871 2926 erataqua
1898 2881 2148 2926 congregata,
2180 2883 2408 2926 utprocrea.

1291 2963 1321 2983 ,‚
1347 2942 1403 2970 ret
1413 2929 1622 2978 animalia,
1644 2929 1676 2966 ἆ
1693 2928 1884 2976 volatilia,
1903 2927 1939 2964 ἃ
1955 2929 2100 2980 pisces;
2122 2926 2218 2965 &ita
2229 2927 2383 2966 fiebat“
2396 2952 2412 2969 0

1352 2985 1441 3026 158.
1472 2985 1609 3024 Allatae
1640 2992 1767 3022 autem
1795 2994 1869 3035 pro
1892 2981 2084 3021 contraria
2111 2983 2292 3022 sententia
2319 2995 2406 3022 con-

2293 3035 2357 3088 je-

1301 3132 1534 3179 Symmachus
1561 3129 1764 3166 Mazochius
1805 3130 1842 3166 in
1867 3130 2066 3177 Spieilegi'o
2090 3128 2228 3165 Biblico
2256 3129 2302 3164 ad
2325 3141 2355 3164 c·
2382 3131 2410 3163 1.

1302 3181 1431 3214 Genes.
1457 3191 1544 3211 vers.
1574 3187 1627 3210 20.

1350 3228 1397 3264 (b)
1423 3227 1456 3258 S.
1483 3224 1630 3257 Basilius
1655 3224 1758 3257 Hom·
1784 3223 1880 3258 Vlll.
1908 3225 1944 3258 in
1969 3223 2204 3258 Hexaemeron
2243 3235 2277 3256 n.
2293 3233 2323 3254 2.
2349 3221 2414 3254 be·

1297 3285 1339 3307 ne
1363 3271 1588 3310 observavit,
1611 3272 1751 3305 volatile
1775 3273 1900 3305 nullum
1923 3283 2042 3306 carere
2066 3272 2231 3315 pedibus,
2257 3273 2330 3312 quia
2356 3270 2404 3297 vi-

1297 3328 1386 3353 ctum
1413 3319 1607 3361 suppeditat
1630 3326 1726 3352 terra
1748 3319 1898 3352 omnibus
1915 3339 1928 3359 2
1961 3322 2004 3352 (9¹
2027 3321 2137 3353 omnia
2162 3319 2283 3363 pedum
2302 3315 2404 3348 mim·-

1299 3370 1408 3402 sten'o
1433 3367 1630 3400 necessario
1654 3366 1840 3411 indigent.
