2583 3685
611 137 854 186 ANGELI
888 137 1021 186 NON
1053 141 1469 187 COGNOSCUNT
1504 139 1772 188 FUTURA.

53 224 176 272 bilia,
202 221 404 275 praesentia
421 250 432 270 ‚
463 219 498 257 8(
525 222 719 274 praeterita
735 252 747 271 ‚
784 234 861 261 non
891 231 1158 275 repraesentant

54 278 166 318 etiam
194 274 353 314 futura?

108 327 196 374 124.
225 326 337 380 Resp.
366 326 525 366 Sanctus
554 325 722 366 Thomas
753 327 814 367 bic
842 329 890 367 ad
921 329 958 367 3.
977 359 988 376 ,
1035 329 1155 380 quia,

50 394 121 430 ea,
162 393 252 433 quae
281 381 481 433 praesentia
509 390 620 429 sunt,
663 379 806 419 habent
835 391 1027 419 naturam
1045 412 1055 429 ,
1087 394 1156 432 per

47 446 172 487 quam
199 434 475 472 assimilantur
504 433 724 486 speciebus,
754 448 842 485 quae
862 437 1012 472 suntin
1043 447 1154 471 men-

47 495 87 526 te
101 483 272 539 Ᾱηςείἰ,
300 487 350 528 (9¹
377 490 434 526 sic
452 500 522 538 per
549 501 621 525 eas
650 492 836 540 cognosci
854 496 1017 538 possunt
1035 513 1045 524 .
1075 486 1155 525 Sed

51 552 142 592 quoe
156 539 309 592 futura
321 549 412 578 sunt
429 570 440 589 ,
470 539 648 579 nondum
667 540 810 578 habent
832 550 1024 577 naturam
1041 569 1052 587 ‚
1082 553 1152 591 per

47 605 172 644 quam
200 592 276 630 illis
304 593 603 643 assimilentur,
641 591 744 631 unde
771 605 839 642 per
867 606 938 631 eas
967 597 1151 643 cognosci

46 658 128 684 non
168 655 356 698 possunt.
401 647 579 685 Ceterum
606 659 680 685 non
716 654 794 683 tam
824 644 888 683 hic
934 647 1148 697 quaeritur,

44 698 141 752 quid
171 697 308 752 Angeli
336 711 557 752 cognoscere
585 699 755 752 possint,
797 712 915 751 quam
954 698 1048 750 quid
1079 701 1152 737 rei-

43 765 113 804 psa
140 761 389 804 cognoscant.
432 750 480 791 Et
508 753 634 804 prima
661 765 705 789 ac
733 751 910 803 capitalis
949 753 1045 790 ratio
1075 753 1151 804 peti

44 804 155 843 debet
182 818 229 843 ex
258 804 384 845 Sacris
411 804 561 844 Litteris
582 834 593 853 ,
622 805 662 844 in
691 803 832 856 quibus
861 805 1022 856 cognitio
1050 805 1152 842 futu—

42 869 173 896 rorum
192 857 263 897 soli
277 857 361 897 Deo
379 866 615 904 reservatum
677 857 788 895 uibus
808 856 1038 896 inhaerentes
1054 856 1148 896 San-

43 910 95 949 cti
115 908 240 949 Patres
254 940 266 960 ,
294 924 338 949 ac
365 910 561 963 praecipue
579 909 620 949 S.
675 910 804 948 homas
818 924 907 949 cum
930 920 1001 949 toto
1022 910 1148 949 Theo·

40 959 217 1014 logorum
243 961 361 1002 choro
386 971 530 1002 certam
557 964 778 1002 eorumdem
808 964 1023 1002 futurorum
1053 965 1147 1003 noti-

41 1016 134 1054 tiam
150 1045 162 1065 ‚
189 1015 335 1055 seclusa
361 1016 615 1065 revelatione,
648 1016 800 1070 Angelis
827 1017 1012 1070 denegat.

100 1068 189 1108 125.
217 1067 330 1109 Dices
357 1070 545 1108 secundo.
574 1069 745 1108 Praesens
762 1100 772 1119 ,
803 1068 837 1106 8<
857 1071 1030 1109 futurum
1060 1078 1147 1109 sunt

39 1119 264 1160 differentiae
291 1124 493 1176 temporis:
520 1123 587 1162 sed
615 1122 827 1162 intellectus
857 1123 1064 1176 Angelicus
1094 1132 1147 1162 est

40 1187 157 1226 supra
185 1183 360 1228 tempus,
389 1175 423 1212 St
451 1186 690 1215 mensuratur
719 1189 827 1222 aevo3
857 1189 945 1228 ergo
960 1177 1145 1229 quemad-

39 1227 198 1266 modum
227 1227 364 1281 Angeli
391 1239 620 1281 cognoscunt
661 1230 863 1282 praesentia
879 1258 890 1277 ‚
933 1230 985 1268 ita
1013 1242 1145 1282 coguo-

38 1292 143 1318 scere
170 1280 307 1320 debent
334 1281 370 1318 &
398 1281 527 1319 futura
543 1307 554 1320 .

97 1332 186 1372 126.
215 1332 330 1384 Resp.
358 1334 498 1372 iterum
526 1333 568 1372 S.
589 1332 758 1372 Thomas
786 1334 833 1372 ad
856 1347 892 1372 2.
910 1364 936 1383 ‚,
957 1334 1069 1383 Quod
1098 1334 1146 1373 li-

40 1414 69 1435 „
96 1394 155 1424 cet
190 1384 402 1424 intellectus
429 1384 564 1436 Angeli
607 1388 652 1425 sit
693 1400 809 1437 supra
850 1395 1025 1439 tempus,
1068 1401 1145 1440 quo

41 1467 70 1487 „
97 1446 363 1476 mensurantur
409 1437 625 1488 corporales
670 1448 820 1486 motus,
867 1448 919 1477 est
948 1448 1075 1478 tamen
1105 1443 1143 1478 in

40 1519 68 1539 „
96 1488 290 1529 intellectu
306 1489 446 1540 Angeli
474 1497 623 1542 tempus
642 1491 850 1529 secundum
867 1493 1143 1529 successionem

37 1571 65 1592 „
94 1540 400 1594 intelligibilium
439 1543 761 1594 conceptionum,
803 1543 1013 1581 secundum
1043 1545 1145 1595 quod

36 1623 65 1646 ,‚
92 1594 187 1635 dicit
214 1595 445 1648 Augustinus
473 1596 489 1646 (
516 1595 608 1634 Lib.
636 1595 744 1634 VIII.
772 1596 819 1634 de
847 1596 949 1634 Gen.
977 1596 1024 1634 ad
1053 1597 1144 1634 Litt.

34 1677 68 1698 ‚,
96 1663 182 1701 cap.
202 1661 266 1687 20.
282 1677 293 1697 ‚
323 1647 358 1685 ἃ
384 1662 464 1702 seq.
485 1648 530 1698 ),
558 1649 660 1701 quod
679 1648 783 1688 Deus
812 1658 937 1687 movet
966 1650 1145 1701 spiritua-

36 1730 64 1751 „
92 1701 171 1741 lem
197 1710 410 1740 creaturam
439 1715 507 1753 per
534 1710 707 1754 tempus,
737 1701 844 1740 &ita
872 1716 963 1740 cum
993 1704 1040 1741 sit
1060 1716 1145 1741 suc-

39 1783 67 1805 „
95 1755 213 1793 cessio
240 1754 281 1794 in
322 1753 517 1794 intellectu
546 1755 682 1808 Angeli
700 1785 711 1804 ‚
754 1768 827 1794 non
856 1757 1011 1804 omnia,
1054 1769 1143 1808 quae

36 1836 65 1857 „
92 1815 252 1860 aguntur
279 1821 347 1860 per
365 1815 483 1847 totum
503 1816 652 1861 tempus
669 1839 680 1857 ,
709 1817 794 1846 sunt
814 1808 849 1846 ei
871 1809 1076 1861 praesentia
1091 1812 1117 1831 “
1134 1835 1146 1848 .

95 1873 186 1912 127.
213 1860 449 1914 Quanquam
477 1874 594 1910 νει-ο,
637 1869 677 1900 ut
705 1861 884 1900 hactenus
911 1863 1144 1901 demonstra-

37 1913 166 1954 vimus
186 1942 198 1962 ,
244 1912 384 1965 Angeli
411 1915 542 1953 nativa
568 1927 637 1953 sua
664 1915 804 1954 virtute
833 1916 962 1954 futura
997 1916 1145 1955 contin-

39 1967 191 2018 gentia,
233 1964 267 2002 &
296 1965 420 2005 libera
455 1968 616 2007 minime
656 1978 903 2020 cognoscant,
945 1983 988 2006 ea
1017 1977 1145 2008 tamen

37 2031 315 2071 nonuunquam
343 2031 388 2057 co
413 2028 574 2060 noscunt
603 2033 649 2058 ex
678 2020 908 2060 revelatione
922 2021 1081 2070 divina,
1111 2022 1145 2060 δε

35 2071 176 2124 Angeli
204 2071 361 2124 quidem
417 2073 481 2111 oni
511 2087 555 2112 ex
585 2075 727 2114 visione
740 2074 1034 2123 Deiintuitiva,
1065 2089 1146 2114 ma-

35 2122 68 2162 li
103 2137 194 2164 vero
234 2137 280 2162 ex
320 2125 622 2166 manifestatione
650 2127 884 2180 Angelorum
926 2127 1111 2166 bonorum
1134 2159 1146 2177 ,

36 2176 121 2215 Deo
148 2177 323 2228 volente,
360 2179 414 2217 eis
442 2179 567 2219 facta.
610 2181 658 2219 Et
686 2189 831 2219 tantum
861 2179 922 2219 illi
951 2181 1142 2231 audiunt,

35 2229 165 2282 inquit
193 2229 234 2270 S.
254 2231 488 2285 Augustinus
503 2233 593 2273 Lib.
614 2233 683 2273 VI.
711 2234 759 2272 de
782 2232 921 2273 Trinit.
943 2249 1029 2287 cap.
1055 2248 1142 2286 170,

39 2292 236 2333 quantum
255 2297 357 2338 vopus
371 2298 458 2327 esse
471 2287 538 2329 ille
549 2286 736 2340 judicat,
765 2291 827 2327 cui
842 2286 1021 2341 subjecta
1049 2297 1141 2327 sunt

35 2347 204 2377 omma.

86 2491 134 2526 (a)
164 2486 298 2522 Contra
344 2487 487 2524 fallaces
511 2488 760 2531 Divinatorum
798 2492 1008 2537 imposturas
1041 2490 1154 2526 multa

39 2533 180 2578 scripsit
206 2532 356 2566 celebris
379 2534 434 2567 Jo.
460 2535 561 2567 Picus
580 2536 704 2568 Comes
730 2537 999 2571 Mirandulanus
1025 2539 1060 2571 in
1076 2540 1153 2572 XII.

38 2577 158 2612 Libris
189 2579 266 2611 adu.
291 2578 501 2622 Λευ-010303
519 2601 528 2611 .
556 2579 687 2613 Tribus
713 2591 850 2624 quoque
876 2581 976 2614 libris
990 2583 1153 2616 Astrolo-

35 2627 125 2667 giam
142 2624 394 2657 divinatricem
418 2626 634 2669 oppugnavit
661 2625 757 2658 Hier.
787 2626 1025 2666 Savonarola3
1071 2629 1154 2660 toti·

36 2667 185 2715 demque
208 2669 318 2704 libros
344 2667 455 2703 edidit
481 2671 564 2704 Ben.
592 2670 750 2704 Pererius
775 2673 818 2704 de
841 2671 990 2715 Magia,
1023 2673 1152 2705 Obier-

32 2724 100 2750 vat.
130 2719 358 2755 somniorum,
385 2718 427 2748 ἐν
450 2718 666 2750 divinatione
692 2719 904 2761 astrologica
921 2738 931 2757 ‚
956 2726 994 2750 ut
1023 2719 1150 2752 multos

38 2761 125 2799 alios
149 2769 356 2807 praeteream
372 2783 386 2802 ,
412 2770 485 2796 tarn
509 2773 551 2795 ex
579 2771 723 2804 nostro,
748 2774 855 2808 quam
882 2775 923 2796 ex
951 2763 1151 2798 protestan-

35 2806 124 2841 tium
149 2816 263 2842 coetu.
290 2808 366 2842 imo
392 2819 459 2842 non
484 2809 587 2854 pauci
608 2809 700 2842 inter
726 2811 816 2853 ipsos
838 2809 985 2853 gentiles
1011 2811 1151 2844 vanita—

35 2859 107 2886 tem
131 2852 386 2894 ostenderunt,
411 2863 450 2888 ut
474 2855 599 2888 Sextus
613 2855 815 2899 Empiricus
842 2855 876 2888 In
892 2856 936 2888 V.
955 2856 1061 2889 Libro
1074 2858 1149 2890 adv.

33 2897 326 2941 Mathematicus,
355 2903 387 2933 ἃ
414 2900 554 2934 'Pullius
580 2901 614 2934 iu
644 2901 720 2934 Lib.
741 2902 782 2934 ll.
808 2903 852 2935 de
879 2901 1064 2942 Divinam,
1090 2903 1150 2936 ubi

36 2946 142 2989 capit.
167 2946 224 2990 47.
242 2946 316 2979 lia-c
336 2946 427 2980 inter
451 2947 519 2980 alia
535 2947 737 2980 vanissimae
764 2947 869 2992 liujus
887 2949 972 2982 artis
992 2944 1151 2993 exempla

36 2989 155 3025 affert:
185 2993 294 3038 Quam
317 2995 420 3027 multet
445 3005 508 3038 ego
533 2992 716 3040 Pompejo,
742 3007 837 3038 ‹Jiuun
859 2997 964 3033 multu
995 2994 1150 3035 Crasso,

39 3050 133 3081 qnam
158 3041 257 3072 multa
282 3039 362 3072 huic
387 3039 515 3073 Caesari
541 3053 560 3072 a
581 3040 755 3074 Chuldaeis
781 3042 879 3073 (bota
904 3044 1061 3073 memini:
1091 3053 1151 3074 ne-

35 3087 155 3117 minem
178 3097 287 3119 eorum
305 3106 316 3125 ‚
342 3089 413 3119 nisi
442 3094 638 3126 senectute,
665 3091 734 3119 nisi
762 3089 880 3127 domi,
905 3099 976 3120 cum
1003 3089 1150 3121 clarita-

38 3139 72 3164 te
95 3141 172 3162 esse
198 3135 417 3166 moriturum.
460 3132 537 3166 Post
563 3142 680 3166 autem
706 3132 783 3177 jure
820 3134 997 3173 miratur,
1035 3131 1148 3166 adhuc

36 3177 143 3210 fuisse
169 3174 334 3220 quosdam
350 3199 361 3217 ,
388 3179 447 3223 qui
473 3179 517 3211 iis
543 3177 751 3220 crederent,
785 3191 858 3212 cnm
881 3181 1045 3222 praedicta
1071 3192 1149 3223 quo-

38 3224 127 3257 tidie
158 3223 295 3255 ‹u‘cleant
320 3225 371 3256 vel
396 3237 439 3258 ez·
458 3233 578 3258 eventu
603 3225 721 3269 refelli
744 3247 753 3257 .

84 3268 133 3307 (b)
162 3267 275 3301 Nemo
302 3265 594 3304 Scholasticornm
610 3292 621 3311 ‚
646 3269 737 3315 quod
764 3271 896 3311 sciam,
921 3270 1062 3315 Angelis
1090 3270 1151 3304 ab-

35 3314 146 3348 solute
173 3313 298 3347 tribuit
331 3315 488 3348 omnium
517 3318 735 3350 internarum
762 3316 943 3351 hominum
969 3317 1151 3361 cogitatio-

29 3369 119 3396 num
144 3360 307 3392 notitiam
329 3369 343 3398 3
383 3357 441 3391 sed
469 3361 580 3396 adhuc
606 3364 720 3397 locum
749 3363 838 3397 inter
863 3375 898 3398 se
925 3361 1151 3398 dissentiendi

139 3403 347 3457 Gazzanig
364 3417 390 3443 a
426 3403 462 3442 T
461 3404 561 3447 heol.
589 3406 702 3449 Tem.
731 3407 801 3449 IV.

2230 164 2243 190 ἵ
2260 164 2280 203 7

1286 222 1373 261 128.
1403 224 1462 261 Ex
1491 222 1671 261 hactenus
1699 224 1808 263 dictis
1838 223 2040 265 manifeste
2061 229 2329 281 consequitur,

1226 289 1340 314 vanas
1370 290 1448 313 esse
1480 276 1761 327 Astrologorum
1785 309 1794 325 ,
1834 280 2170 318 Genetliliacorum
2190 313 2199 330 ‚
2243 283 2335 321 alio-

1225 342 1389 380 rumque
1420 328 1639 380 hujusmodi
1671 331 1918 380 impostorum
1949 334 2220 384 divinationes,
2251 338 2336 389 qui-

1223 381 1296 419 hus
1325 395 1402 421 non
1430 381 1626 433 simplices
1641 382 1761 419 solum
1780 414 1789 431 ,
1821 385 1853 420 &
1878 387 2098 437 imperitos,
2130 390 2190 426 sed
2217 392 2334 428 etiam

1223 434 1349 472 doctos
1366 465 1376 483 ,
1405 447 1650 487 summosque
1680 436 1778 472 viros
1808 451 1907 488 saepe
1928 440 2122 492 decipiunt
2139 468 2148 478 .
2178 442 2251 480 Eos
2270 444 2336 481 da-

1223 489 1367 525 mnavit
1396 487 1523 525 Sixtus
1540 487 1589 524 V.
1621 489 1660 525 in
1691 502 1757 525 sua
1784 489 2053 531 Constitutione
2096 494 2195 533 edita
2224 499 2334 536 nouis

1221 539 1309 578 Jan.
1337 539 1479 589 1586.‚
1508 553 1596 592 quse
1628 541 1784 592 incipit:
1831 542 1925 580 Caeli
1948 576 1957 591 ,
1988 547 2036 585 (ἐν
2066 555 2184 585 terroe
2214 561 2329 586 crea-

1221 601 1283 629 tor
1324 592 1436 631 Deus
1458 608 1472 637 ;
1514 595 1706 631 damuatio
1752 608 1841 646 qu-‘e
1889 598 2112 638 confirmata
2157 602 2228 638 suit
2276 603 2326 640 ab

1219 645 1378 683 Urbano
1413 645 1518 685 VIII.
1563 648 1720 686 constit.
1771 646 2039 689 inscrutabilis
2089 654 2152 692 31.
2191 653 2326 694 Martii

1225 698 1340 738 1651.
1371 701 1435 751 (a)
1458 725 1469 737 .

1580 807 1616 844 'C
1638 805 1669 844 Α
1691 804 1719 842 Ρ
1739 805 1775 844 U
1796 807 1831 844 'P
1907 809 1974 848 lx.

1259 909 1489 950 Ostendetur
1513 911 1567 949 ab
1596 911 1760 964 Angelis
1789 926 1870 955 non
1899 921 2082 968 cognosci
2111 922 2292 958 internas

1513 964 1719 1003 hominum
1749 971 2008 1019 cogitationes
2023 997 2034 1008 .

1272 1082 1360 1123 129.
1380 1048 1594 1123 Tlieologi
1623 1070 1695 1109 Iiac
1737 1072 1783 1110 de
1813 1087 1853 1112 re
1882 1076 1919 1112 in
1952 1077 2076 1114 varias
2117 1077 2334 1117 distrahun-

1213 1130 1275 1161 tur
1312 1126 1512 1162 sententias
1555 1124 1637 1175 (b).
1686 1125 1761 1163 <Nos
1789 1126 1830 1164 S.
1862 1137 2027 1167 nostrum
2058 1129 2335 1184 Praeceptorem

1213 1187 1410 1229 sequentes
1437 1177 1509 1216 hoc
1525 1187 1596 1216 art.
1626 1180 1705 1216 siue
1735 1178 1815 1217 ulla
1845 1180 2079 1220 dubitatione
2108 1186 2331 1234 asserimus,

1215 1230 1403 1280 internas,
1433 1230 1467 1267 δε
1497 1240 1654 1269 secretas
1684 1241 1826 1270 nostras
1855 1235 2100 1285 cogitationes
2130 1236 2178 1275 ab
2209 1239 2333 1289 Ange-

1213 1281 1259 1321 lis
1291 1296 1364 1321 non
1392 1285 1594 1335 cognosci,
1623 1285 1699 1322 nisi
1721 1299 1789 1337 per
1804 1285 1961 1338 aliquod
1990 1290 2139 1339 signum
2162 1320 2172 1338 ,
2203 1290 2262 1328 vel
2284 1291 2338 1328 ef-

1214 1336 1355 1373 fectum
1385 1338 1549 1374 exterius
1570 1338 1889 1387 manifestentur,
1920 1341 2020 1392 quod
2041 1355 2118 1382 uon
2147 1356 2233 1381 raro
2248 1357 2334 1382 con-

1214 1389 1356 1439 tingere
1386 1388 1503 1434 solet3
1533 1391 1704 1428 timentes
1733 1392 1834 1428 enim
1866 1392 2105 1444 pallescunt,
2147 1410 2332 1435 verecun-

1213 1441 1250 1477 di
1281 1441 1532 1489 erubescunt,
1580 1442 1614 1478 8:
1643 1442 1730 1479 aliae
1771 1445 1961 1494 passiones
1989 1460 2092 1499 saepe
2135 1451 2330 1488 exteriori-

1211 1491 1284 1530 bus
1320 1494 1552 1544 quibusdam
1596 1495 1711 1546 signis
1753 1497 2069 1544 manifestantur;
2117 1503 2330 1552 praesertim

1214 1557 1258 1581 ex
1289 1547 1402 1583 variis
1423 1547 1590 1584 motibus
1618 1547 1818 1586 oculorum
1837 1579 1847 1597 ,
1877 1553 1944 1602 qui
1974 1561 2171 1604 propterea
2200 1568 2274 1593 non
2304 1557 2334 1593 i-

1215 1605 1325 1648 nepte
1354 1608 1538 1635 vocantur
1568 1603 1698 1636 animi
1714 1600 1917 1651 fenestrae
1936 1630 1945 1641 .

1273 1649 1363 1689 130.
1392 1650 1441 1688 Et
1471 1651 1598 1702 primo
1626 1650 1711 1689 haec
1740 1657 1922 1691 sententia
1960 1665 2012 1694 est
2041 1661 2155 1700 sacris
2187 1661 2336 1700 Litteris

1212 1704 1370 1741 omnino
1397 1704 1632 1752 conformis,
1679 1719 1768 1757 quae
1800 1705 1928 1745 multis
1958 1709 1995 1746 in
2025 1708 2116 1748 locis
2156 1716 2337 1763 cognitio-

1213 1769 1303 1794 nem
1334 1757 1459 1795 cordis
1487 1757 1539 1794 ita
1555 1756 1638 1794 Deo
1666 1757 1736 1796 soli
1766 1758 1967 1809 tribuunt,
1995 1770 2035 1800 ut
2065 1766 2175 1815 quasi
2204 1779 2270 1817 per
2299 1782 2337 1803 e-

1211 1808 1403 1861 pithetum
1426 1809 1528 1848 Deus
1557 1810 1773 1863 appelletur
1800 1822 1998 1851 scrutator
2017 1815 2217 1856 cordium.
2244 1819 2335 1858 Lib.

1213 1863 1244 1900 1.
1277 1861 1366 1914 Reg.
1388 1862 1497 1902 XVI.
1529 1877 1566 1914 7.
1610 1863 1745 1902 Homo
1781 1865 1880 1904 videt
1909 1879 1989 1916 ea,
2035 1882 2124 1918 quoe
2165 1881 2303 1919 patent
2323 1902 2334 1920 ,

1212 1914 1414 1955 Dominus
1455 1925 1592 1954 autem
1621 1920 1793 1956 intuetur
1829 1932 1923 1958 cor.
1981 1919 2080 1961 Psal.
2103 1923 2188 1962 VII.
2219 1924 2335 1963 Scru—

1213 1977 1307 2007 tans
1337 1969 1488 2018 corda,
1517 1970 1567 2010 ἴθ’
1596 1983 1713 2009 renes
1741 1970 1879 2011 Deus.
1909 1973 2088 2014 Jeremiae
2110 1976 2237 2016 XVII.
2273 1991 2332 2017 ιο,

1212 2020 1303 2076 Ego
1333 2022 1533 2061 Dominus
1561 2033 1749 2063 scrutans
1777 2038 1865 2074 cor,
1909 2026 1958 2066 (9⁶
1985 2027 2158 2077 probans
2186 2043 2302 2069 renes
2319 2058 2328 2068 .

1213 2075 1375 2128 ApocaI.
1395 2077 1443 2115 ΙΙ.
1474 2076 1539 2122 43.
1570 2075 1662 2130 Ego
1691 2091 1779 2116 sum
1800 2087 1987 2118 scrutans
2006 2094 2122 2120 renes
2139 2112 2149 2130 ‚
2178 2084 2227 2123 <9¹
2247 2097 2333 2122 cor-

1213 2128 1288 2168 da..
1318 2130 1400 2167 Iino
1430 2129 1499 2167 lioc
1529 2144 1605 2168 esse
1634 2131 1703 2169 soli
1725 2131 1806 2169 Deo
1827 2141 2087 2182 reservatum,
2117 2145 2245 2187 aperte
2264 2137 2327 2173 do,

1210 2190 1268 2220 cet
1297 2181 1479 2221 Salomon
1510 2182 1548 2221 5.
1580 2182 1670 2235 Reg.
1692 2182 1797 2222 VIII.
1820 2185 1884 2237 59.
1903 2216 1912 2233 ,
1943 2186 1976 2223 8(
2000 2199 2036 2225 2.
2067 2187 2233 2242 Paralip.
2256 2189 2324 2227 VI.

1211 2235 1277 2274 30.
1305 2236 1511 2288 inquiens:
1559 2235 1618 2274 Tu
1645 2241 1749 2276 nosti
1777 2238 1881 2277 solus
1908 2251 1976 2277 cor
2015 2245 2198 2280 omnium
2215 2241 2327 2295 filio·

1209 2301 1300 2326 rum
1330 2287 1536 2326 hominum
1554 2314 1566 2328 .

1269 2340 1356 2382 151.
1387 2341 1544 2382 Frustra
1560 2350 1688 2383 autem
1718 2342 1830 2396 liaec,
1859 2344 2012 2400 aliaque
2036 2347 2075 2387 id
2088 2362 2204 2402 genus
2233 2362 2330 2389 sacr.

2173 2402 2275 2443 Scri-

1207 2494 1440 2528 invenerunt.
1483 2490 1575 2528 Nam
1602 2493 1726 2528 Scotus
1763 2505 1843 2528 cum
1877 2493 2053 2540 aliquibus
2090 2496 2160 2530 suis
2186 2497 2327 2530 asseclis

1206 2541 1371 2583 putavit,
1397 2541 1547 2583 Angelos
1575 2541 1693 2574 natiVa
1709 2553 1771 2574 sua
1798 2543 1831 2574 vi
1860 2553 1958 2585 posse
1977 2553 2182 2585 cognoscere
2207 2553 2325 2575 omnes

1206 2585 1389 2618 hominnm
1410 2587 1664 2629 cogitationes,
1691 2587 1805 2619 Deum
1821 2595 1937 2618 tamen
1965 2589 2006 2619 iis
2031 2586 2200 2630 denegare
2226 2598 2326 2619 sinim

1205 2630 1401 2671 generalem
1429 2641 1637 2662 concursum
1654 2651 1665 2669 ‚
1689 2630 1754 2661 hac
1771 2629 1929 2662 cordium
1957 2633 2233 2672 perscrutatione
2259 2630 2327 2664 sibi

1205 2674 1268 2706 soli
1286 2683 1459 2706 reservata
1477 2696 1484 2704 .
1515 2671 1667 2717 Quidam
1692 2674 1818 2707 mentis
1838 2675 2065 2716 cogitationes
2086 2687 2104 2709 a
2131 2674 2252 2710 liberis
2273 2689 2330 2709 vo-

1204 2719 1350 2752 luntatis
1364 2718 1717 2753 determinationibus
1731 2718 1907 2752 subtiliter
1921 2717 2183 2762 distinxerunt,
2211 2724 2242 2754 ἀ
2256 2722 2329 2766 pri-

1203 2775 1277 2798 mas
1304 2776 1402 2810 posse
1427 2765 1471 2799 ab
1500 2766 1641 2810 Angelis
1659 2765 1870 2799 naturaliter
1896 2767 2083 2810 cognosci,
2108 2778 2177 2800 non
2204 2776 2322 2802 autem

1203 2809 1374 2844 secundas
1410 2810 1628 2852 docuerunt5
1669 2810 1712 2846 de
1751 2823 1819 2855 qua
1845 2812 2020 2844 sententia
2057 2811 2129 2845 vid.
2158 2813 2319 2859 Vasquez

1204 2857 1301 2901 Disp.
1335 2869 1410 2890 ito.
1439 2858 1471 2889 in
1502 2858 1526 2890 l.
1555 2857 1589 2889 P.
1616 2858 1649 2890 S.
1667 2857 1810 2890 Tliomae
1837 2868 1912 2901 cap.
1935 2867 1967 2888 2.
1992 2857 2060 2890 Alii
2080 2856 2324 2894 distinxerunt

1204 2903 1297 2935 inter
1323 2904 1557 2936 substantiam
1583 2903 1859 2946 cogitationum,
1885 2914 1924 2935 ac
1952 2903 2180 2945 volitioneui,
2208 2908 2239 2938 &
2265 2918 2322 2938 ea-

1203 2947 1363 2982 rumdem
1392 2950 1594 2982 relationem
1621 2947 1661 2981 ad
1678 2948 1837 2990 objecta,
1863 2948 1916 2980 vel
1938 2948 2038 2982 tinem
2053 2971 2065 2990 ,
2091 2960 2150 2984 aut
2166 2952 2322 2985 circuni-

1203 2996 1350 3028 stantias
1378 2995 1488 3034 alias;
1515 2998 1546 3026 &
1572 2994 1633 3026 lias
1661 2992 1802 3038 quidem
1822 2995 1981 3038 cognosci
2010 2995 2052 3028 ab
2079 2996 2223 3040 Angelis
2250 3009 2319 3032 non

1201 3051 1300 3086 posse
1327 3039 1508 3074 nobiscum
1535 3040 1713 3080 sentinnt,
1738 3051 1836 3072 secus
1861 3047 1948 3073 'vero
1973 3042 2247 3083 conitationum‚
2284 3055 2323 3077 ac

1201 3087 1408 3120 volitionnm
1435 3086 1688 3119 substantiam.
1717 3085 1798 3119 Haec
1824 3087 1942 3130 opinio
1969 3069 2140 3121 tribuitur
2166 3090 2319 3122 Guillel·

1200 3142 1259 3166 mo
1284 3133 1467 3166 l'arisiensi
1485 3153 1494 3170 ,
1523 3131 1629 3164 Henr.
1657 3130 1876 3165 Gandavensi
1893 3153 1904 3172 ‚
1931 3134 1964 3164 ἀ
1984 3134 2118 3167 Herveo
2139 3157 2146 3165 .
2174 3135 2314 3168 Duran-

1201 3178 1265 3211 ‹Ius
1301 3178 1440 3211 demum
1466 3189 1484 3209 a
1518 3179 1693 3210 communi
1721 3177 1981 3222 Theologorurn
2015 3179 2176 3214 doctrina
2211 3182 2313 3214 facile

1201 3223 1364 3257 ‘recedens
1385 3245 1394 3263 ‚
1422 3223 1602 3267 probabile
1626 3224 1805 3257 existimat
1826 3246 1836 3264 ,
1862 3235 1983 3257 omnes
2009 3225 2190 3260 hominum
2217 3227 2314 3270 cogi-

1204 3271 1351 3304 tationes
1371 3291 1381 3308 ‚
1414 3280 1452 3301 ac
1479 3269 1662 3303 volitiones
1689 3280 1876 3314 praesentes
1904 3271 1948 3304 ah
1974 3271 2115 3315 Angelis
2142 3272 2310 3307 naturali-

1204 3325 1258 3351 ter
1283 3315 1467 3360 cognosci,
1492 3327 1561 3351 non
1586 3323 1704 3350 autem
1729 3317 1926 3361 praeteritas
1942 3338 1954 3357 ,
1979 3325 2040 3352 aut
2063 3317 2226 3354 futuras.

1691 3407 1715 3448 3
