2583 3685
972 97 1050 141 Dic
1086 98 1299 142 TRIBUS
1334 99 1408 142 CA
1420 99 1529 142 PIT.

100 188 231 221 contra
257 193 302 219 ac
344 175 560 229 scripserint
589 172 860 226 Eginhardus,
907 175 1052 228 aliique
1082 179 1206 215 Anna—

101 234 199 274 listrc
215 259 230 272 .
248 256 252 266 ae

124 287 243 428 J.
271 281 471 335 Quidquid
500 289 626 320 autem
657 281 703 319 sit
723 281 770 318 de
800 282 925 333 primo
955 281 1108 320 liaeresis
1129 296 1208 319 ma-

125 340 167 378 ist

97 353 121 393 g
223 365 234 384 ,
264 334 363 373 illud
391 343 497 372 extra
525 334 686 372 dubium
717 344 796 381 est,
828 344 1031 387 utrumque
1053 333 1209 385 Episco-

94 423 96 425 ,
205 419 217 437 ,
247 387 485 440 Elipandum
515 386 660 426 scilicet
690 386 943 435 ‘l'oletanum,
973 388 1005 424 t:
1039 386 1206 423 Felicem

95 405 362 494 {Jrgelitamun
391 441 513 478 eidem
544 440 747 478 dilatanda:
778 453 932 492 operam
971 437 1073 476 male
1100 437 1207 475 sedu-

93 493 174 533 lam
201 494 347 532 dedisse.
364 523 374 541 ,
405 493 520 532 illum
548 495 705 546 quidem
738 507 804 545 per
835 492 1002 530 Astur-ias
1019 520 1030 538 ,
1059 489 1094 526 8t
1114 489 1208 527 Gal-

86 545 255 595 -liciam,
292 545 464 586 Felicem
493 558 581 586 vero
610 560 677 598 per
704 544 1007 597 Septimaniam,
1035 555 1100 580 seu
1129 542 1208 580 Go-

92 597 245 638 thiam.
293 599 481 638 Adrianus
509 608 634 637 autem
665 599 724 646 1.,
771 596 805 633 &
833 595 991 633 Carolus
1027 608 1205 647 maguus,

93 661 135 691 ut
163 652 380 706 gliscentem
410 665 576 691 errorem
598 652 636 689 in
665 651 755 702 ipsis
783 647 1028 687 incunabulis
1047 647 1206 687 suffoca-

94 716 203 755 rent,
250 705 422 744 debitum
452 705 621 745 studium
647 700 944 753 impenderunt,
994 700 1029 737 Bt
1059 703 1206 753 primns

93 759 251 812 quidem
280 771 350 813 per
377 757 576 812 epistolam
605 756 650 794 ad
692 767 824 792 omnes
852 753 1126 806 Hispaniarum
1158 754 1208 792 E-

127 814 270 866 iscopos
287 842 298 861 ,
346 824 406 850 eos
434 822 662 863 magnopere
690 805 916 855 exhortans,
965 815 1004 844 ut
1042 816 1209 846 veterem

93 826 278 904 iicclesiae
307 864 424 904 fidem
444 862 779 903 incontaminatam
808 869 998 899 servarent
1019 861 1107 912 (a).
1135 862 1207 899 Ca-

94 918 198 957 rolus
225 927 351 957 autem
370 915 570 968 Synodum
589 913 879 952 Narbonensem
899 926 1000 951 anno
1022 913 1114 964 788.
1143 928 1206 952 ce-

84 969 237 1010 .lebrari
264 969 439 1017 curavit,
485 979 557 1019 pro
585 967 746 1015 multis,
792 966 842 1007 (9⁰
871 970 989 1004 variis
1017 968 1205 1005 ecclesia-

82 1027 202 1062 -stica's
228 1024 395 1074 negotiis
412 1050 423 1069 ,
451 1020 503 1062 (⁸)
529 1024 751 1072 praesertim
779 1032 849 1070 pro
879 1018 1019 1057 Felicis
1052 1018 1204 1072 Urgeli·

81 1085 206 1113 manoe
230 1073 355 1113 Sedis·
372 1072 578 1125 Episcopi·
587 1072 775 1126 pestifero
805 1071 994 1125 dogmate
1010 1102 1021 1121 ,
1065 1082 1104 1111 ut
1133 1075 1205 1126 ipsi

91 1126 275 1182 Episcopi
288 1128 504 1180 congregati
534 1126 741 1178 loquuntur
758 1126 796 1164 iu
813 1127 1063 1164 vetustissima
1079 1126 1206 1165 Mem-

79 1178 217 1220 -btana
259 1181 359 1220 edita
387 1195 410 1218 a
437 1178 568 1230 Stepb.
599 1178 752 1216 Baluzio
794 1179 841 1216 in.
862 1178 993 1217 Addit.
1036 1180 1083 1218 ad
1120 1194 1206 1233 cap.

79 1234 162 1275 -25.
192 1234 282 1272 Lib.
303 1233 372 1271 VI.
401 1232 449 1270 de
482 1231 701 1270 Concordia
730 1231 973 1281 sacerdotii,
1002 1233 1052 1273 <9-
1083 1232 1209 1283 Impe-

96 1290 144 1325 rii
172 1285 272 1325 Petri
300 1286 348 1324 de
375 1284 511 1324 Marc..
541 1283 626 1336 (b).

152 1338 244 1378 255.
273 1339 372 1378 Cum
402 1351 490 1377 vero
519 1339 695 1390 pestifera
725 1337 907 1386 haeresis,
944 1341 1120 1391 quamvis
1147 1340 1212 1378 da—

101 1402 230 1432 mnata
248 1420 259 1437 ‚
303 1391 417 1430 latius
447 1388 640 1444 serpere'ts,
684 1391 875 1430 Adrianus
904 1391 959 1436 1.‚
1006 1395 1074 1444 qui
1104 1395 1214 1431 totius

99 1443 288 1483 Ecclesiae
318 1443 621 1496 gubernaculum
649 1443 831 1492 tenebat,
879 1443 913 1480 ἃ
940 1445 1098 1483 Carolus
1127 1459 1214 1484 vere

96 1509 258 1549 magnus
287 1495 505 1534 Galliarum
537 1496 642 1545 Rex,
690 1498 707 1548 (
735 1497 804 1548 qui
847 1506 972 1549 postea
1000 1498 1214 1536 Occidentis

94 1549 306 1602 Imperator
334 1564 357 1588 a
385 1549 512 1589 Leone
540 1550 607 1588 ΠΙ.
636 1549 709 1588 fuit
739 1550 986 1602 inauguratus
1014 1550 1030 1599 )
1060 1551 1107 1588 de
1144 1550 1212 1589 illa

91 1602 383 1655 comprimenda.
411 1601 592 1652 solliciti,
637 1602 840 1655 Synodum
870 1601 1083 1640 Ratisbonae
1114 1617 1212 1642 anuo

96 1668 189 1708 792.
218 1655 488 1705 celebrarunt,
516 1657 558 1694 in
587 1669 663 1709 qua
680 1656 763 1708 ipso
781 1655 913 1694 Felice
943 1655 1210 1695 Haeresiarcha

80 1717 278 1761 >prasente
307 1708 610 1761 Adoptianorum
639 1723 752 1747 causa
779 1709 979 1760 diligenter
1007 1709 1172 1747 discussa
1195 1740 1205 1758 ,

93 1770 206 1814 atque
234 1762 446 1800 examinata
475 1762 548 1800 fuit
565 1791 576 1810 ,
606 1762 639 1797 ἃ
671 1761 824 1800 tandem
845 1761 1042 1814 Synodali
1071 1771 1205 1800 aucto-

94 1817 214 1853 ritate
241 1813 502 1852 Sacerdotum
534 1813 701 1863 Christi,
730 1818 794 1865 qui
823 1828 876 1853 ex
905 1814 1065 1853 diversis
1097 1814 1206 1854 Chre·-

80 1870 147 1906 «αἱ
176 1870 330 1918 imperii
371 1867 546 1918 partibus
575 1877 841 1906 convenerant
861 1897 872 1916 ,
919 1877 1072 1906 aeterno
1099 1881 1205 1906 ana-

78 1919 269 1959 .themate
295 1919 526 1970 damnata,
570 1930 611 1958 ut
651 1920 820 1973 loquitur
848 1920 1036 1959 Alcuinus
1064 1920 1152 1959 Lib.
1177 1921 1204 1959 l.

93 1974 274 2013 adversus
298 1972 538 2027 Elipandum
567 1987 672 2012 tium.
699 1972 757 2011 16.
789 1972 900 2011 Felix
929 1983 1055 2011 autem
1083 1972 1207 2025 Urge-

93 2025 258 2076 litanus,
286 2039 414 2065 coram
444 2024 640 2074 Patribus,
689 2041 733 2064 ac
761 2025 898 2064 Carolo
926 2025 1070 2078 Magno
1099 2040 1205 2064 suam

94 2077 273 2118 haeresim
300 2079 490 2130 ejuravit,
529 2087 618 2118 teste
646 2079 686 2118 S.
718 2078 882 2117 Paulino
908 2077 1127 2119 Patriarclia
1158 2083 1206 2118 A·

77 2132 330 2224 ·;1t¹ilejensi‚
375 2133 442 2184 qui
471 2146 572 2171 unus
606 2129 651 2170 ρκ’
694 2132 763 2170 illo
791 2132 1068 2184 Episcopus-um
1106 2141 1209 2169 coetu

113 2200 123 2224 ι

2241 112 2323 154 ¹29

1274 191 1334 215 sus
1366 179 1456 226 luit,
1508 187 1544 215 ut
1576 177 1722 228 judicio
1749 177 2027 230 Episcoporum
2058 176 2250 215 accederet
2279 189 2382 214 sum·

1274 243 1366 276 ma,
1396 230 1428 265 8<
1459 230 1735 280 irrefragabilis
1766 231 1989 282 Apostolicae
2019 231 2127 268 Sedis
2155 231 2383 268 auctoritas.

1277 282 1333 318 lbi
1366 282 1479 332 igitur
1498 283 1624 319 denuo
1652 296 1762 333 super
1778 292 2009 321 sacrosancta
2027 282 2238 335 Mysteria‚
2269 281 2303 318 8⁸
2324 294 2384 319 su-

1277 346 1345 385 per
1375 346 1511 384 corpus
1537 334 1578 371 S.
1609 332 1705 371 Petri
1737 334 1845 372 Felix
1875 349 1959 374 suos
1976 349 2119 373 errores
2148 336 2383 381 retractavit,

1280 394 1321 422 ut
1351 399 1431 436 spes
1447 395 1563 433 esset,
1594 385 1691 424 hanc
1720 400 1873 424 causam
1895 403 1970 425 esse
1991 389 2166 435 finitam,
2195 388 2230 424 ἃ
2250 399 2385 438 pacem

1276 437 1459 476 Ecclesiis
1488 438 1762 490 Hispaniarum
1792 442 1970 477 redditam
2002 440 2084 490 (c).

1332 490 1425 530 235.
1453 490 1528 529 Sed
1555 493 1678 529 omnis
1705 506 1789 543 spes
1815 494 1888 529 cito
1916 494 2095 531 evanuit.
2143 491 2253 530 Felix
2282 493 2384 528 enim

1277 545 1315 582 iu
1344 544 1505 596 patriam
1536 557 1731 592 reversus,
1761 544 1796 580 δι
1825 554 1900 582 tam
1931 546 2128 594 solemnis,
2176 554 2289 596 atque
2319 545 2385 580 ite·

1275 599 1346 635 rati
1375 596 1579 648 juramenti
1608 596 1776 646 oblitus,
1806 598 1981 649 pristinos
2008 611 2149 636 errores
2178 609 2354 637 evomere
2373 625 2384 643 ,

1277 650 1311 686 δε
1339 662 1516 703 spargere
1556 651 1702 703 coepit,
1749 664 1821 688 nec
1848 652 1930 689 siue
1957 650 2184 702 deplorabili
2226 650 2385 689 zizanio—

1276 717 1364 741 rum
1396 703 1546 748 sructu3
1575 705 1622 742 ad
1650 717 1737 756 quae
1766 703 1986 756 extirpanda
2005 703 2161 742 Carolus
2189 716 2234 741 ex
2262 703 2385 741 omui·

1276 757 1348 794 bus
1377 755 1561 794 Ecclesiis
1601 770 1680 794 suae
1722 757 1856 795 ditioni
1886 756 2067 808 subjectis
2109 757 2156 795 ad
2184 757 2385 809 Synodum

1277 810 1575 862 frequentiorem
1607 809 1849 848 Francofurti
1895 810 1942 848 ad
1972 809 2151 848 Moenum
2186 809 2385 848 celebran-

1275 863 1363 901 dam
1395 863 1602 914 Episcopos
1630 864 1851 901 convocavit
1878 875 1973 901 anno
2004 863 2094 914 794.
2136 861 2314 900 Trecenti
2351 860 2385 894 ἃ

1276 915 1444 968 amplius
1472 916 1701 964 adfuerunt,
1732 929 1809 954 una
1837 929 1927 954 cum
1956 915 2101 954 duobus
2129 915 2272 954 summi
2291 912 2386 950 Pon-

1273 968 1389 1007 tificis
1418 969 1566 1020 Legatis
1596 967 1900 1020 Theophilacto,
1931 967 1964 1004 ἃ
1985 967 2201 1020 Stephano·
2231 968 2326 1006 Ante
2345 977 2386 1001 ο-

1274 1023 1380 1059 mnia
1411 1023 1619 1073 imperator
1647 1021 1820 1060 Patribus
1848 1020 2046 1074 legendam
2063 1052 2074 1070 ‚
2103 1020 2138 1057 ἃ
2166 1021 2385 1059 examinan-

1273 1076 1362 1113 dam
1392 1075 1494 1112 dedit
1522 1073 1719 1127 epistolam
1749 1074 1958 1127 Elipandi,
2006 1076 2046 1112 in
2076 1087 2152 1126 qua
2188 1084 2388 1126 quaecum-

1273 1142 1347 1181 que
1376 1128 1424 1166 ad
1454 1141 1520 1166 sua
1537 1157 1547 1176 ,
1577 1129 1632 1164 sui
1684 1141 1730 1164 ue
1750 1129 1790 1166 in
1812 1141 1938 1166 errore
1965 1128 2076 1165 sociis
2097 1126 2238 1166 Felicis
2267 1125 2389 1176 impia

1276 1183 1450 1233 dogmata
1492 1142 1734 1219 tuendasdici
1764 1188 1959 1232 poterant,
2005 1180 2166 1218 studiose
2205 1178 2390 1229 collegit.

1279 1234 1403 1272 Patres
1433 1235 1681 1272 necessariam
1702 1242 1776 1270 tem
1808 1233 1882 1270 oris
1910 1242 2057 1269 moram
2087 1233 2134 1270 ad
2161 1232 2291 1269 omnia
2321 1230 2392 1267 rite

1281 1287 1501 1325 excutienda
1532 1288 1746 1338 petierunt,
1777 1247 1810 1321 E
1839 1284 1954 1324 facile
1983 1287 2265 1336 impetrarunt3
2312 1288 2393 1333 post

1280 1349 1407 1379 autem
1437 1339 1628 1378 celebrem
1658 1353 1765 1377 suam
1795 1338 1990 1390 epistolam
2020 1337 2251 1390 Synodicam
2287 1347 2391 1373 com—

1281 1401 1510 1445 posuerunt,
1542 1393 1582 1431 in
1611 1405 1687 1444 qua
1708 1392 1878 1429 refutatis
1903 1391 2080 1429 omnibus
2096 1388 2279 1442 Elipandi
2311 1399 2391 1424 mo-

1281 1448 1418 1484 mentis
1444 1447 1642 1497 antiquam
1660 1444 1845 1482 Ecclesiae
1875 1443 1991 1481 fidem
2009 1472 2020 1491 ,
2048 1442 2177 1493 &jam
2208 1441 2283 1478 lata
2303 1451 2390 1477 con·

1280 1508 1338 1538 tra
1366 1500 1583 1549 pervicaces
1613 1497 1812 1546 haereticos
1826 1496 2066 1535 anathemata
2094 1494 2391 1533 confirmarunt.

1291 1550 1293 1552 ’
1339 1551 1429 1590 236.
1457 1552 1699 1589 Cumtamen
1716 1551 1859 1602 impius
1873 1546 1984 1587 Felix
2013 1548 2183 1586 noudum
2211 1545 2392 1597 conquie-

1279 1613 1426 1651 sceret,
1455 1603 1490 1639 ἃ
1518 1602 1665 1641 librum
1696 1615 1765 1655 pro
1796 1603 2013 1640 defensione
2042 1603 2099 1639 sui
2121 1601 2260 1638 erroris
2287 1598 2391 1636 totio-1

1278 1657 1445 1695 damnati
1475 1654 1711 1707 evulgasset,
1740 1653 1900 1692 Carolus
1920 1654 2026 1692 illius
2053 1653 2277 1692 confutandi
2306 1663 2391 1701 prr>

1279 1711 1449 1748 vinciam
1480 1708 1646 1747 Alcuino
1673 1708 1943 1750 demandavit3
1973 1707 2006 1741 δι
2036 1713 2165 1757 postea
2193 1717 2284 1741 cum
2313 1715 2392 1738 ma—

1272 1778 1347 1816 gna
1376 1762 1532 1799 comitia
1562 1762 1601 1798 in
1629 1759 1739 1798 Urbe
1768 1758 1997 1810 Aquisgrani
2039 1770 2102 1794 an.
2127 1768 2216 1808 799.
2248 1757 2289 1793 in
2328 1767 2395 1791 suo

1273 1815 1416 1868 palatio
1442 1812 1679 1859 celebraret,
1720 1810 1893 1849 Felicem
1923 1823 1968 1847 ex
1997 1810 2179 1862 Hispania
2209 1807 2302 1846 illuc
2330 1820 2394 1845 ac—

1273 1868 1454 1914 cersivit,
1484 1864 1518 1901 &
1547 1877 1678 1902 coram
1708 1878 1748 1902 se
1777 1877 1866 1902 eum
1895 1877 1985 1901 cum
2009 1863 2169 1901 Alcuino
2196 1862 2392 1912 disputare

1274 1919 1407 1972 jussit3
1454 1931 1544 1971 quae
1587 1918 1820 1969 disputatiO,
1868 1919 1899 1954 si
1929 1916 2075 1954 auctori
2120 1917 2207 1952 vitae
2239 1914 2393 1951 Alcuiui

1274 1973 1493 2019 credimus,
1523 1973 1668 2022 integra
1697 1972 1776 2008 sere
1798 1968 2035 2007 bebdomada
2057 1967 2297 2018 perduravit,
2328 1966 2391 2002 sed

1276 2028 1379 2066 exitu
1410 2024 1659 2064 felicissimo.
1708 2021 1974 2060 Haeresiarcha
2003 2021 2105 2058 enim
2134 2021 2276 2069 saepius
2304 2031 2391 2055 cou—

1278 2082 1425 2126 victus,
1469 2085 1582 2127 atque
1609 2075 1656 2112 ad
1687 2075 1818 2112 incitas
1846 2074 2044 2120 redactus,
2087 2073 2240 2110 taudem
2268 2085 2307 2109 se
2336 2073 2394 2108 vi—

1277 2142 1382 2169 etum
1409 2129 1600 2167 confessus
1629 2135 1706 2171 est3
1744 2127 1790 2164 de
1819 2127 1930 2177 cujus
1960 2126 2120 2178 proinde
2149 2126 2394 2162 conversione

126 2188 218 2225 ierat
246 2189 262 2237 (
293 2185 381 2224 Lib.
412 2186 442 2223 i.
486 2194 613 2224 contra
642 2183 815 2222 Felicem
857 2197 942 2234 cap.
966 2185 1004 2221 5.
1033 2183 1048 2229 )
1092 2182 1466 2222 tizatt÷<2atcriiime
1504 2193 1582 2219 non
1611 2178 1728 2218 semel
1758 2180 1798 2217 in
1828 2180 1999 2218 Domino
2032 2178 2294 2230 gloriabatur,
2343 2178 2393 2214 ita

95 2241 366 2276 sacrosanctis
394 2235 626 2300 Evangeliis
661 2234 928 2288 jurejurando
969 2244 1208 2284 protestatus

96 2299 182 2339 est,
212 2303 250 2328 se
277 2290 318 2328 in
348 2288 481 2340 regula
509 2289 647 2335 bidei,
675 2289 739 2325 cui
767 2297 1026 2336 consenserat,
1072 2300 1208 2340 perpe-

101 2351 170 2379 tua
199 2340 522 2380 immutabilitate
550 2352 786 2378 mansurum
804 2365 815 2378 .

152 2394 243 2442 234.
272 2395 392 2433 Hanc-
409 2394 620 2432 solemnem
636 2394 924 2443 promissionem
944 2391 1054 2431 Felix
1076 2391 1207 2433 Romae

78 2449 294 2491 ‘renovavit
312 2477 324 2498 ,
354 2459 483 2487 coram
499 2447 668 2486 Adriano
683 2445 885 2495 pontifice,
914 2447 960 2485 ad
981 2461 1097 2499 quem
1119 2450 1210 2488 mis-

138 2615 190 2652 (a)
220 2611 302 2645 Haec
328 2609 473 2655 epistola
498 2608 643 2644 Adriani
668 2617 720 2643 est
746 2608 892 2644 xcvii.
929 2609 963 2642 in
989 2606 1115 2644 Codice
1142 2612 1208 2645 Ca-

75 2657 228 2698 ,rolinm
264 2655 345 2691 vid.
372 2657 480 2690 etiam
503 2656 692 2701 cajetanus
717 2657 827 2690 Cenni
853 2657 888 2689 in
914 2656 1015 2689 Tozn.
1035 2658 1059 2689 Ι.
1085 2657 1208 2691 Monu-

75 2713 275 2740 -mentorum
314 2701 574 2736 Dominationis
602 2702 793 2746 Pontificiae
829 2713 906 2748 pag.
927 2702 1008 2744 443.
1052 2711 1122 2736 not.
1154 2710 1205 2743 (ι)

93 2749 192 2784 Libri
221 2759 337 2783 autem
364 2748 499 2782 Etherii
518 2771 529 2789 ,
557 2752 588 2781 ἃ
615 2749 708 2783 Beati
736 2756 855 2782 contra
883 2761 1035 2781 errorem
1064 2750 1208 2795 Elipan-

94 2792 128 2827 di
154 2797 375 2830 continentur
417 2796 452 2828 in
478 2796 602 2840 Ancus.
629 2795 725 2828 Lect.
752 2796 883 2828 Canisii
924 2794 1007 2828 edit.
1046 2796 1207 2840 Basnagii

57 2838 200 2886 „strom-
227 2843 269 2876 lt.
298 2842 360 2876 His
386 2841 485 2876 libris
513 2843 683 2875 insertum
709 2851 761 2874 est
786 2853 922 2886 quoque
941 2842 1148 2886 Symbolum
1163 2843 1210 2875 E-

99 2883 332 2929 lipandianno
351 2889 437 2931 785.
452 2911 464 2930 ‚
489 2891 521 2920 δε
534 2887 690 2931 ejusdem
703 2900 756 2932 ep.
785 2887 826 2920 ad
843 2887 997 2921 Fidei-em
1010 2888 1185 2922 Ablmtem
1199 2911 1206 2919 .

150 2932 195 2970 (b)
223 2933 302 2977 Non
327 2945 380 2968 me
404 2933 516 2974 latet,
544 2933 631 2967 banc
658 2935 922 2974 membranam,
963 2946 1040 2979 quae
1068 2935 1207 2967 Baluzio

99 2986 219 3011 rerum
244 2978 391 3011 istarum
425 2981 665 3023 peritissimo,
705 2990 759 3014 mit
786 2985 878 3013 etate·
905 2981 1025 3014 Caroli
1050 2981 1101 3013 Μ.
1130 2994 1206 3024 sup·

98 3034 186 3066 pur,
224 3032 279 3056 ‹iut
305 3033 399 3057 ceree
423 3037 484 3058 non
510 3028 640 3060 multum
666 3036 793 3060 remota
818 3027 891 3060 visa
916 3036 993 3067 est,
1031 3028 1206 3060 nonnullis

102 3070 368 3109 senei-evitis„
394 3073 588 3114 praesertim
613 3074 752 3107 innotis
779 3074 1022 3118 temporariis.
1048 3072 1113 3105 Sed
1134 3073 1207 3104 haec

76 3113 250 3148 .viderint
278 3116 366 3154 alii5
389 3126 511 3159 parum
535 3119 627 3150 enim
653 3118 696 3152 ad
722 3128 883 3153 nostrum
905 3120 1106 3153 institutum
1132 3129 1210 3162 per-

99 3161 188 3194 tinet
214 3161 382 3200 definire,
419 3173 461 3194 an
488 3163 601 3206 primo
625 3163 764 3198 hoeresis
790 3166 965 3199 Feliciana
993 3166 1026 3198 in
1053 3164 1210 3197 Concilio

102 3207 320 3241 Narbonensi
346 3206 510 3240 damnata
536 3208 667 3248 fuerit,
691 3221 733 3242 an
758 3223 840 3245 vero
866 3213 901 3245 in
926 3211 1085 3246 Concilio
1110 3210 1209 3242 Rati·

81 3253 261 3287 ,sbonensi
288 3266 377 3286 anno
404 3264 484 3297 792.
509 3260 548 3286 ut
575 3254 654 3286 aliis
678 3255 814 3298 placet.

155 3305 201 3340 (c)
230 3302 279 3333 lta
307 3302 376 3333 Leo
403 3302 459 3333 ΙΙΙ.
504 3300 538 3332 ἱιι
565 3300 728 3333 Concilio
750 3303 910 3338 Romano
942 3304 1116 3338 celebrato
1152 3312 1206 3335 au.

212 3345 446 3400 Gazzaniga
479 3345 611 3386 Theol.
641 3346 755 3387 Tom.
776 3347 824 3388 V.

1277 2235 1446 2274 scribens
1474 2233 1521 2271 ad
1552 2235 1745 2270 Arnonem
1767 2231 2110 2284 Archiepiscopuin
2127 2231 2392 2281 Salisburgeu—

1277 2302 1355 2327 sem
1373 2318 1383 2336 ‚
1412 2299 1529 2340 quem
1545 2286 1734 2336 Aquilam
1748 2298 1866 2322 suam
1891 2285 2141 2332 nominabat,
2169 2283 2279 2335 epist.
2305 2283 2393 2333 176.

1277 2340 1425 2379 Divina
1454 2339 1668 2377 clementia
1698 2342 1882 2376 visitante
1910 2350 1976 2376 cor
2005 2338 2133 2385 illius,
2181 2339 2392 2374 novissime

1265 2393 1389 2447 salsa
1417 2397 1602 2444 opinione
1630 2405 1672 2430 se
1700 2390 1904 2430 seductum
1925 2389 2132 2443 confessus
2161 2398 2246 2437 est,
2275 2389 2392 2440 &fi-

1278 2447 1368 2486 dem
1397 2445 1639 2486 catholicam
1668 2442 1902 2498 sejirmiter
1930 2454 2066 2484 tenere
2073 2441 2288 2497 fatebatur
2304 2468 2320 2501 .-
2345 2440 2392 2479 Et

2307 2506 2340 2530 ¹-

1280 2611 1361 2655 590-
1390 2609 1469 2642 Act.
1490 2607 1532 2640 Π.
1559 2612 1736 2639 testatur-e
1763 2625 1790 2645 ‚,
1814 2604 1887 2638 8011
1905 2610 2033 2636 sanctie
2058 2599 2231 2634 recordat.
2259 2596 2392 2642 praede·

1277 2679 1304 2697 ,‚
1328 2649 1461 2689 cessore
1489 2661 1605 2685 nostro
1629 2651 1784 2685 Adriano
1810 2651 1844 2682 l’.
1870 2649 2023 2682 directus
2049 2655 2099 2680 est
2126 2660 2145 2679 a
2171 2647 2214 2679 1).
2241 2645 2390 2696 Cardo,

1277 2725 1302 2744 ‚,
1327 2697 1534 2746 pra-fulgido
1559 2708 1686 2741 magno
1704 2698 1818 2740 Rege,
1846 2697 1918 2740 ipse
1945 2695 2164 2727 miserrimus
2183 2692 2389 2729 haereticus,

1277 2771 1302 2789 „
1328 2748 1449 2780 infelix
1477 2744 1694 2789 Episcopus,
1731 2743 1789 2786 qui
1817 2741 1939 2775 dectus
1966 2741 2010 2773 ab
2034 2738 2153 2772 eodem
2180 2738 2272 2771 almo
2298 2736 2389 2769 Prae-

1278 2816 1302 2835 „
1329 2794 1428 2832 sule,
1470 2791 1552 2823 fecit
1580 2790 1679 2821 illuni
1704 2787 1936 2821 orthodoxum
1966 2788 1998 2818 in
2026 2786 2175 2818 vinculis
2202 2783 2359 2816 libellum
2378 2803 2389 2822 ,

1280 2861 1304 2883 „
1329 2837 1628 2873 anathematizans
1644 2857 1654 2875 ,
1695 2838 1726 2866 ἃ
1752 2834 1959 2867 confirmans
1986 2833 2077 2864 inter
2102 2839 2243 2870 cetera,
2267 2841 2390 2872 nequa-

1278 2908 1303 2927 „
1330 2899 1423 2930 (suam
1439 2883 1562 2917 Filium
1581 2881 1647 2914 Dei
1673 2883 1863 2922 adoptiuum
1891 2892 1994 2917 esse,
2021 2879 2111 2910 sicut
2136 2875 2300 2914 dixerat5
2326 2875 2390 2907 sed

1276 2955 1301 2972 ‚,
1327 2936 1497 2974 proprium
1523 2934 1563 2960 (ν’
1590 2940 1697 2960 «rernm
1720 2927 1897 2958 Dur-nimum
1921 2933 2072 2957 nostrum
2087 2921 2202 2956 Iesum
2213 2922 2389 2954 Christum

1276 3000 1302 3019 ‚,
1328 2978 1451 3011 Filium
1480 2975 1546 3006 Dei
1572 2974 1763 3017 confiteor·
1814 2970 1912 3004 Umle
1940 2973 1972 3002 &c
2008 2970 2122 3014 ipsum
2155 2966 2389 3001 orthodoxum

1276 3046 1301 3064 „
1329 3024 1488 3056 libellum
1525 3032 1629 3064 super
1655 3026 1876 3051 sacrosancta
1903 3017 1965 3049 Dei
2004 3015 2176 3060 mysteri-s
2200 3015 2234 3046 in
2272 3021 2389 3064 nostro

1277 3091 1303 3110 ‚,
1330 3067 1546 3102 patriarchio
1570 3077 1698 3109 ponens
1715 3085 1726 3103 ,
1748 3064 1880 3107 juravit
1907 3064 1957 3095 sic
1983 3070 2124 3102 tenere,
2150 3063 2181 3092 ὃ(
2209 3059 2387 3111 confiteri.

1279 3137 1304 3155 „
1332 3115 1375 3147 Et
1403 3115 1527 3146 iterum
1565 3112 1598 3143 in
1625 3110 1850 3144 Conl'essione
1878 3119 1981 3153 super
2016 3118 2140 3151 corpus
2168 3107 2262 3138 Beati
2297 3105 2385 3136 Petri

1279 3183 1304 3201 „
1331 3160 1487 3204 Apostoli
1516 3159 1632 3201 ipsum
1655 3168 1784 3200 pomns
1809 3166 1912 3188 suurn
1937 3152 2170 3188 orthodoxum
2197 3151 2356 3184 libellum
2375 3168 2385 3185 ,

1279 3229 1303 3247 „
1329 3206 1492 3239 similiter
1518 3207 1549 3236 δι
1574 3204 1646 3235 illic
1672 3202 1829 3245 juravit,
1868 3211 2090 3245 nequaquam
2115 3211 2150 3231 se
2174 3196 2288 3229 dicere
2326 3205 2385 3245 au·

1279 3275 1303 3293 ‚,
1327 3252 1406 3284 (lere
1432 3253 1622 3293 adoptivum
1639 3265 1650 3287 ;
1693 3249 1755 3281 sed
1778 3251 1972 3291 proprium,
2009 3251 2050 3280 <7
2075 3247 2236 3279 dilectum
2262 3239 2386 3273 Filium

1278 3320 1303 3340 „
1328 3298 1399 3333 Dei
1425 3306 1548 3337 teneo,
1574 3299 1605 3329 ἀ
1630 3294 1860 3330 confiteor.“

1841 3352 1890 3391 ¹7
