2583 3685
888 85 968 130 DE
1005 85 1248 133 DUOBUS
1283 86 1517 131 GENIIS.

39 172 211 221 adstent,

42 228 210 282 loquitur

38 280 114 321 duo
138 284 229 317 sunt
254 279 361 330 genii
390 274 462 314 ἃς.
490 275 566 315 Sed
597 274 753 314 ulterius
783 284 916 314 notum
938 285 997 313 ‘est
1026 276 1153 313 erudi-

38 336 110 382 tis,
157 344 231 370 non
276 329 484 369 admodum
520 342 676 381 gravem
714 343 791 367 esse
833 329 944 369 Libri
975 328 1152 367 Pastoris

37 385 323 433 auctoritatem,
369 396 486 436 quem
516 383 694 422 Gelasius
723 382 824 436 Papa
867 384 962 421 inter
990 394 1152 434 apocry-

35 438 129 495 phos
156 437 316 490 rejecit3
358 437 461 476 unde
488 438 603 476 etiam
632 438 741 476 Joan.
773 438 879 490 Bapt.
900 434 1118 474 'cotelerius
1140 466 1150 483 ,

62 493 102 531 ui
130 491 304 545 alioquin
332 489 416 543 ejus
432 491 542 531 Libri
572 501 703 530 contra
724 491 871 544 aliquos
891 490 1041 528 criticos
1069 490 1152 527 vin-

31 507 153 586 :licias
174 547 281 599 egit,
327 544 425 585 hanc
457 546 612 584 Hermae
655 546 879 584 sententiam
916 555 993 582 non
1024 543 1152 595 magni

32 601 159 641 facere
187 599 364 649 videtur,
387 596 464 638 'hoc
494 613 570 639 uno
598 607 819 646 contentus,
848 597 950 650 quod
980 610 1064 635 eam
1085 596 1153 634 ‘di-

29 662 127 695 stare
155 662 294 694 asserat
321 653 372 692 ab
400 666 527 692 errore
569 653 723 692 alterins
753 651 908 690 Hermas
925 680 936 699 ,
983 650 1017 687 8(
1049 649 1149 688 Mes-

30 706 267 749 salinum-um
287 706 564 748 affirmantium
579 738 590 757 ,
621 705 832 758 unicuique
853 703 1057 742 hominum
1078 712 1152 742 sta-

32 763 105 802 tim
148 762 311 802 abortu
338 763 518 801 comitem
555 776 599 800 ac
629 758 796 799 incolam
837 758 966 797 adesse
993 757 1152 797 Daemo-

29 829 122 856 uem
140 845 152 864 ,
179 817 248 869 qui
278 815 326 854 ad
354 814 503 854 malum
533 823 640 867 cogat
670 812 733 865 (a)
751 839 762 851 .

86 869 178 910 502.
207 870 389 922 Origenes
416 880 532 917 vero,
562 867 596 904 ἃ
623 868 850 915 Cassianus,
880 867 950 920 qui
978 865 1027 905 ob
1056 864 1150 904 alios

30 933 173 963 errores
200 923 317 962 notati
346 922 528 970 fuerunt,
574 920 726 960 nullum
756 920 901 973 pondus
937 920 1151 959 auctoritati

30 977 189 1017 Hermas
217 974 356 1015 addere
383 982 564 1028 possunt,
597 976 678 1014 ‘nisi
707 974 742 1012 ἃ
771 975 845 1027 ipsi
874 973 947 1014 liae
975 976 1015 1013 in
1045 983 1151 1028 parte

31 1031 253 1084 graviorum
271 1028 512 1083 Scriptorum
532 1029 755 1069 auctoritate
787 1027 1019 1075 fulciantur;
1047 1028 1152 1082 quod

27 1084 171 1124 falsum
194 1096 278 1124 ‘esse
306 1084 483 1123 existimo
513 1081 571 1136 (b)
588 1109 600 1122 .
630 1084 815 1136 ldemque
844 1083 923 1121 fere
942 1083 1150 1121 dicendum

28 1138 76 1177 de
104 1137 192 1177 aliis
205 1135 429 1186 nonnullis,
458 1150 504 1177 ac
518 1138 717 1191 praecipue
745 1138 792 1175 de
822 1135 986 1176 Auctore
1008 1135 1150 1186 Operis

30 1188 191 1245 imperf.
233 1195 276 1231 in
304 1190 487 1241 March„
533 1191 637 1244 quod
676 1205 772 1243 opus
807 1203 1012 1243 perperam
1052 1190 1147 1229 olim

20 1245 99 1285 'fuit
126 1245 169 1285 S.
197 1245 256 1286 Jo.
301 1245 572 1298 chrysostomo
608 1244 825 1292 tributum,
873 1257 962 1282 cum
995 1252 1147 1297 propter

24 1299 166 1338 multos
194 1310 339 1338 errores
368 1306 462 1336 esset
498 1306 601 1336 tanto
629 1296 815 1335 Ecclesiae
847 1296 1011 1336 Doctore
1041 1311 1146 1350 pror-

19 1366 91 1393 ‘sus
118 1353 323 1404 indignum
340 1376 352 1390 .
390 1349 438 1389 Et
465 1352 496 1389 si
519 1351 563 1389 ei
591 1350 685 1389 fides
714 1349 1146 1404 adhibeatunoporte-

24 1403 85 1446 bit
113 1407 228 1445 etiam
256 1404 433 1451 credere,
473 1404 576 1455 quod
606 1403 796 1455 quamdiu
840 1413 897 1442 est
927 1408 1036 1441 circa.
1074 1417 1146 1443 nos

26 1458 202 1510 Angelus
216 1455 337 1494 bonus
353 1485 364 1504 ,
391 1464 602 1505 nunquam
621 1467 696 1493 nos
725 1459 1048 1494 intentationem
1077 1470 1143 1507 ρο-

23 1520 98 1549 test
126 1509 328 1561 impellere
356 1507 534 1561 Angelus
563 1509 697 1546 malus
714 1538 724 1556 ,
767 1510 875 1561 quasi
905 1509 1050 1547 scilicet
1079 1511 1144 1546 de-

20 1563 110 1604 beat
139 1561 307 1616 Angelus
342 1561 466 1601 bonus
493 1575 517 1600 a
545 1560 652 1600 nobis
693 1560 904 1614 aliquando
942 1562 1144 1610 recedere,

25 1627 66 1657 ut
95 1617 223 1656 locum
239 1629 306 1656 nos
321 1615 485 1654 tentandi
504 1615 648 1667 Angelo
669 1613 772 1654 malo
787 1613 1001 1668 relinquat.
1031 1614 1145 1664 Quod

16 1672 202 1726 'quamvis
216 1670 265 1709 de
287 1668 556 1724 peccatoribus
568 1681 707 1709 verum
737 1683 814 1708 esse
839 1670 986 1724 possit,
1015 1669 1062 1707 de
1082 1668 1145 1721 ju-

15 1727 85 1765 ·stis
112 1734 239 1764 tamen
262 1722 305 1762 'id
335 1723 522 1777 suspicari
550 1723 658 1763 nefas
677 1732 806 1763 esset.
852 1772 869 1776 ν

78 1779 172 1819 505.
201 1778 324 1818 Locus
351 1791 397 1816 ex
424 1774 621 1830 Epistola,
670 1788 758 1831 quae
789 1777 830 1817 S.
860 1777 1046 1818 Barnabae
1078 1779 1144 1817 tri-

19 1831 185 1882 buitur,
206 1841 333 1886 ,potest
360 1832 560 1872 commode
589 1831 776 1885 explicari
805 1832 852 1870 de
881 1833 1031 1872 insidiis
1052 1832 1144 1870 Dae-

21 1899 211 1935 monum,
287 1884 401 1926 uibus
440 1894 625 1924 conantur
667 1898 735 1925 nos
763 1900 785 1924 a
815 1895 917 1926 recta
953 1887 1050 1926 lucis
1080 1888 1144 1926 via

22 1941 208 1980 deducere
223 1970 235 1989 ,
256 1898 298 1977 {t
319 1934 540 1994 pertrahere
560 1941 600 1978 in
631 1941 737 1980 viam
752 1941 997 1979 tenebrarum
1014 1972 1025 1990 ‚
1054 1941 1141 1994 qui-

22 1994 96 2034 bus
123 1995 197 2048 ipsi
238 2002 431 2048 praesunt:
478 2007 602 2047 neque
632 1995 672 2032 in
713 1993 842 2033 allatis
870 1994 1000 2033 verbis
1029 1995 1142 2048 quid-

16 2062 142 2102 'quam
178 2063 199 2087 a
231 2057 364 2101 paret,
410 2059 489 2101 quo
515 2047 762 2097 denotetur‚'
789 2049 948 2101 genium
982 2049 1142 2088 rmalum

18 2101 183 2142 cuilibet
224 2103 360 2142 nomini
389 2115 467 2140 esse
494 2101 745 2155 deputatum.

75 2155 170 2204 504.
198 2155 313 2205 Quod
353 2158 384 2196 si
413 2155 595 2207 Origenes
625 2155 716 2195 Lib.
737 2157 806 2196 111.
851 2152 901 2196 cle
939 2160 1144 2209 principiis

16 2224 110 2264 cap.
131 2224 172 2251 α..
198 2209 284 2250 haec
306 2209 500 2250 'Barnabas
542 2210 661 2249 verba
697 2211 744 2249 ad
762 2225 881 2249 suam
923 2212 1143 2265 opinionem

20 2265 69 2305 de
98 2260 200 2306 malo
212 2265 325 2318 genio
352 2263 512 2304 cuilibet
528 2263 673 2303 homini
689 2266 878 2303 assistente
906 2265 1138 2305 confirman-

23 2318 112 2358 dam
139 2318 304 2372 allegat,
335 2319 373 2358 id
391 2318 482 2357 facit
511 2319 797 2371 interpretando
817 2333 970 2357 sensum
985 2318 1026 2359 S.
1049 2320 1139 2358 Bar·

16 2371 164 2423 nabae,
200 2373 241 2411 in
269 2382 346 2426 quo
373 2385 419 2411 ex
449 2385 528 2411 suae
546 2374 748 2425 opinionis
776 2373 1008 2426 praejudicio
1035 2374 1140 2412 deci-

22 2428 69 2479 pi
94 2427 247 2477 potuit--

80 2478 173 2517 305.
201 2478 286 2516 Non
316 2475 429 2515 facile
456 2480 571 2516 etiam
608 2481 857 2518 concesserim
876 2510 887 2528 ,
935 2477 1144 2520 Tertullia—

24 2543 119 2570 num
148 2531 190 2569 in
218 2529 338 2570 Libro
366 2527 414 2568 de
443 2530 597 2568 Anima.
625 2533 825 2569 contrariae
854 2536 1046 2571 sententiae
1076 2549 1144 2586 pa·-

24 2584 205 2624 troeinari
223 2609 234 2621 .
279 2583 382 2622 Nam
419 2584 459 2621 in
489 2584 606 2635 capit.
629 2583 694 2635 39.
724 2581 809 2621 baec
853 2583 967 2622 habet
997 2586 1144 2624 verba:

26 2667 52 2688 ‚,
79 2637 153 2676 Cui
181 2636 283 2675 enim
314 2635 514 2674 hominnm
543 2649 619 2675 non
649 2636 863 2675 adhaerebit
890 2639 1047 2690 spiritus
1075 2652 1142 2677 ne-

24 2721 52 2742 „
79 2703 198 2744 quam
215 2720 227 2739 ,
274 2689 324 2728 ab
353 2690 437 2742 ipsa
465 2690 580 2728 etiam
609 2689 729 2743 janua
757 2691 966 2730 nativitatis
995 2693 1142 2730 animas

19 2773 51 2798 „
77 2741 408 2800 aucupabundus,
435 2741 498 2791 vel
516 2756 596 2798 qna
623 2745 806 2785 invitatus
826 2753 901 2784 tota
928 2744 1001 2784 illa
1021 2758 1137 2799 puer-

268 165 428 208 ertinere
455 165 502 206 :td
524 165 640 206 fidem
657 191 668 205 ·
699 165 753 205 lta
781 166 881 206 enim
908 163 1073 219 Angelus
1101 162 1157 206 a'l-

236 183 446 262 llermam:
491 221 595 260 Audi
624 233 730 258 nunc
759 225 933 272 primum
963 220 1122 274 deside
1142 234 1156 259 :

74 2923 123 2960 (α)
147 2919 182 2954 Si
206 2917 249 2954 de
274 2919 483 2955 auctoritate
510 2918 608 2954 Libri
637 2917 794 2955 Pastoris
822 2921 961 2956 Hermae
995 2919 1077 2955 data
1102 2930 1142 2957 o-

18 2973 106 3010 pera
128 2964 245 3000 dicere
272 2968 470 3008 vellemus,
506 2967 542 3000 in
569 2968 675 3002 nimis
700 2969 851 3002 multam
879 2979 998 3002 rernm
1026 2969 1141 3003 farra-

20 3011 140 3054 ginem
165 3013 299 3058 ingredi
335 3022 532 3059 oporteret.
583 3013 648 3048 Sed
687 3023 816 3059 praeter
844 3015 1065 3056 Histoi-iem,
1108 3019 1141 3049 δε

28 3056 177 3092 Criticos
203 3059 383 3105 legendnm
408 3060 621 3096 consulimus
648 3060 932 3096 dissertationem
948 3061 1040 3096 Abb.
1066 3062 1142 3095 Dn-

24 3108 144 3181 ἲῐθῑ(
169 3105 280 3141 'Ibmo
306 3110 329 3142 Ι.
356 3106 430 3142 Des
457 3107 599 3153 Confer.
627 3107 768 3142 Eccles.
795 3115 831 3149 )‚
873 3109 934 3154 qui
960 3117 1141 3145 auctorem

56 3153 186 3203 ustor-is
209 3152 309 3196 putat
332 3152 511 3189 diversum
537 3166 611 3189 esse
630 3155 674 3190 ab
700 3156 761 3190 illo
775 3156 903 3190 Herma
919 3180 929 3200 ,
955 3156 1142 3201 cnjnsme—

23 3198 130 3230 rmnst
155 3197 191 3230 S.
218 3197 342 3233 Paulus
366 3200 409 3235 ad
436 3201 536 3236 Rom.
557 3203 656 3238 xvi.
688 3201 741 3245 ιζ.
769 3205 801 3236 &
825 3203 964 3238 nonnisi
991 3205 1076 3236 Saec.
1098 3204 1140 3236 ll.

19 3250 104 3294 ‘post
131 3251 251 3297 ustam
275 3243 571 3282 Montanistarum
596 3248 761 3283 haeresim
800 3249 981 3290 floruisse,
1017 3261 1056 3283 ac
1081 3248 1144 3283 de*

22 3295 133 3334 mque
161 3301 196 3343 in
223 3301 348 3341 magno
367 3295 484 3337 pretio
496 3293 697 3330 habendum
724 3309 790 3330 non
805 3309 878 3331 esse
893 3318 905 3338 ‚
929 3304 1148 3341 quamquam

24 3336 188 3371 nonnulli
200 3348 278 3384 eJns
304 3339 549 3376 auctorit-rem
563 3343 718 3378 nimium
731 3344 901 3382 extollere
913 3344 1031 3381 conati
1049 3344 1120 3380 sint
1131 3360 1146 3377 ι

2231 101 2285 154 39

1226 168 1382 220 „perii
1411 169 1705 220 superstitione?
1735 170 1789 209 lta
1817 183 1949 212 omnes
1977 171 2191 213 idololatria
2219 175 2336 215 obste-

1225 251 1252 270 „
1281 222 1375 259 trice
1393 230 1609 260 nascuntur
1626 252 1635 270 ‚
1683 224 1776 263 dum
1819 227 1892 278 ipsi
1921 224 2045 267 adhue
2066 230 2173 267 >uteri
2198 230 2340 269 ‘infulis

1225 304 1252 323 „
1282 274 1385 328 apud
1416 273 1515 313 idola
1536 276 1717 315 confectis
1747 279 1911 320 redimiti
1933 283 2129 334 genimina
2158 297 2225 322 sua
2247 284 2338 322 Dae-

1221 358 1247 376 „
1277 330 1496 367 moniorum
1525 329 1722 368 candidata
1752 333 2018 384 profitentur“
2036 364 2046 376 .
2104 335 2184 376 Ubi
2213 351 2340 379 caecus

1209 390 1300 430 est,
1329 383 1398 434 qui
1427 392 1502 420 non
1532 383 1683 431 videat,
1714 397 1785 423 non
1817 402 1926 439 agere
1946 385 2018 428 vliic
2049 389 2337 432 Tertullianum

1220 435 1265 473 de
1295 434 1398 474 malo
1426 437 1536 488 genio
1563 437 1725 489 singulis
1755 439 1976 482 hominibus
2005 446 2191 496 assignato
2212 474 2224 493 ,
2271 447 2338 487 sed.

1208 489 1266 526 ·de
1297 491 1406 528 vanis
1433 492 1762 543 superstitionibus
1780 524 1790 541 ,
1820 496 1988 547 quibus,
2019 507 2060 537 ut
2088 498 2130 537 S.
2160 497 2338 551 Augusti-

1210 556 1292 581 ·nus
1320 543 1462 592 refert,
1499 540 1595 582 Lib.
1618 543 1685 583 Vl.
1715 547 1762 584 tle
1791 553 1861 586 civ.
1892 548 1968 588 Dei
1997 565 2083 605 cap.
2105 562 2171 592 αι.
2201 553 2338 592 Genti-

1220 596 1273 635 les
1303 598 1534 636 innumeros·
1552 597 1673 647 Deos,
1704 599 1879 654 Deasque
1908 604 2045 644 mult-‘is
2067 607 2104 644 in
2134 610 2338 659 puerperio

1220 651 1483 698 advocabant3
1512 654 1734 706 utproinde
1754 657 1889 694 merito
1908 658 2008 696 dicat
2025 689 2036 708 ,
2066 661 2247 712 spiritum
2268 676 2335 699 ne-

1219 717 1339 758 quam
1370 705 1786 758 hissuperstitionibus
1809 711 2008 751 invitatum
2029 713 2078 752 ab
2108 715 2189 767 ipsa.
2217 713 2336 767 janua.

1219 760 1426 798 nativitatis
1456 761 1586 812 pueris
1614 761 1827 802 Gentilium
1857 764 2078 806 adhaerere.

1275 812 1367 866 506.
1398 813 1442 851 ln
1472 825 1559 867 cap.
1601 823 1729 854 autem
1762 818 1826 869 57·
1857 820 1981 871 primo
2018 822 2139 870 dicit,
2178 823 2339 860 'nullum

1217 879 1319 917 pene
1347 866 1549 906 hominem
1579 881 1720 908 carere
1750 870 1992 918 Daemonio,·
2030 888 2118 929 quae
2149 877 2340 928 particula

1215 933 1318 976 pene
1347 934 1423 959 non
1455 922 1554 961 favet
1583 926 1787 963 contrariae
1817 930 2008 966 sententiae
2040 931 2204 981 patronis
2222 956 2232 968 .
2263 929 2340 968 De-

1220 974 1309 1014 inde
1337 974 1393 1014 ibi
1423 976 1538 1014 etiam
1581 975 1750 1030 loquitur
1778 980 1824 1018 de
1853 983 2184 1034 superstitionibus
2222 983 2337 1022 idolo·

1218 1027 1389 1067 latricis:
1437 1032 1514 1081 agit
1543 1031 1648 1069 enim
1691 1033 1738 1071 de
1768 1036 1883 1074 variis
1925 1039 2062 1089 magice
2107 1037 2340 1090 speciebus,

1217 1083 1361 1137 quibus
1389 1082 1484 1122 ma'li
1516 1084 1654 1137 'Angeli
1682 1085 1864 1128 'homines
1899 1090 2169 1143 decipiebant5
2216 1091 2341 1131 homi-

1206 1147 1307 1186 ·nes,
1338 1138 1499 1190 inquam
1516 1168 1526 1187 ,
1558 1152 1634 1178 non
1650 1154 1912 1197 quoscumque
1930 1174 1940 1192 ,
1970 1145 2034 1183 sed
2054 1147 2226 1198 ipsorum
2254 1145 2337 1184 cul-

1216 1193 1272 1230 tui
1300 1191 1446 1230 deditos
1463 1219 1474 1231 .

1270 1245 1363 1298 307.
1393 1245 1635 1286 Lactantium
1677 1248 1855 1288 similiter
1899 1251 2093 1291 immerito
2134 1260 2340 1305 patronum

1207 1299 1362 1337 ‘faciunt
1390 1302 1586 1338 sententias
1616 1305 1719 1353 genii
1749 1304 1843 1343 mali
1872 1304 2037 1344 cuilibet
2074 1305 2220 1345 homini
2251 1309 2340 1345 assi-

1215 1353 1370 1396 stentis;
1403 1366 1505 1391 *nain
1538 1355 1575 1392 in
1605 1354 1688 1393 loco
1716 1356 1867 1408 objecto
1905 1358 2082 1399 subulam
2111 1360 2222 1400 illam
2253 1374 2338 1401 nar-

1208 1414 1299 1453 rat,
1328 1417 1417 1458 quae
1447 1406 1643 1446 nonnullis
1672 1418 1845 1451 veterum
1877 1411 2047 1463 placuit,
2085 1413 2232 1454 scilicet
2263 1416 2340 1452 An-

1213 1458 1315 1513 gelos
1357 1460 1538 1497 custodiae
1578 1460 1782 1502 hominum
1825 1480 1847 1503 a.
1879 1464 1961 1502 Deo
1988 1467 2190 1506 destinatos
2221 1468 2337 1506 fuisse

1213 1512 1424 1550 mulierum
1453 1513 1728 1566 congressibus
1757 1521 2011 1570 inquinatos,
2043 1520 2076 1556 8(
2107 1534 2152 1558 ex
2184 1520 2339 1573 Angelis

1213 1564 1287 1602 Dei
1319 1566 1435 1602 fuisse
1465 1567 1581 1605 factos
1612 1570 1823 1619 ministros,
1868 1586 1911 1609 ac
1941 1573 2119 1612 satellites
2150 1574 2336 1620 Diab01'1;

1214 1616 1301 1655 illos
1343 1625 1502 1666 autem,
1550 1622 1618 1671 qui
1649 1621 1698 1658 ab
1737 1624 1815 1662 istis
1846 1625 2001 1677 Angelis
2036 1630 2223 1679 procreati
2255 1629 2340 1666 fue-

1203 1679 1330 1718 runt,
1360 1682 1486 1722 neque
1519 1672 1692 1724 Angelos
1721 1687 1836 1724 esse,
1866 1690 1994 1728 neque
2024 1679 2199 1719 homines
2219 1712 2228 1729 ,
2267 1683 2337 1720 seit.

1203 1728 1379 1762 'tertiam
1409 1724 1637 1775 quamdam
1665 1737 1863 1767 naturam
1905 1743 2080 1783 gerere,
2129 1743 2241 1786 atque
2275 1735 2340 1773 lios

1212 1792 1291 1817 esse
1306 1777 1515 1817 Daeinones
1537 1787 1762 1834 terrestres,
1793 1783 1986 1823 malorum
2005 1787 2179 1825 omnium
2210 1797 2331 1826 aucto

1213 1844 1272 1872 res
1289 1864 1298 1883 ,
1329 1846 1496 1884 quorum
1517 1833 1624 1873 idem
1645 1833 1839 1876 Diabolus
1859 1848 1918 1876 est
1937 1844 2120 1892 princeps
2135 1856 2149 1886 ,-
2179 1842 2228 1882 (2)-
2244 1855 2336 1880 cum

1213 1892 1294 1927 sint
1321 1887 1540 1940 pet-<litores
1569 1888 1775 1928 hominum
1794 1923 1803 1940 ‚
1833 1893 2013 1932 custodes
2043 1903 2184 1933 tamen
2214 1909 2255 1933 sc
2285 1910 2337 1933 rz-

1213 1942 1298 1981 deri
1327 1943 1456 1981 volunt
1477 1973 1488 1992 ,
1518 1952 1559 1980 ut
1587 1947 1662 1995 ipsi
1690 1945 1901 1995 colantur,
1944 1948 1994 1988 ζ’)
2025 1947 2136 1987 Deus
2166 1962 2245 1987 non
2275 1964 2338 1988 co*

1210 1997 1344 2035 latur.
1393 1996 1449 2035 Ac
1479 1996 1637 2036 demum
1667 1999 1720 2038 ita
1761 2000 1982 2040 concludit:
2041 2033 2068 2051 „
2097 1998 2153 2041 Hi
2181 2005 2339 2056 spiritus

1206 2077 1238 2101 -,‚
1267 2052 1545 2101 contaminati,
1574 2066 1619 2091 ac
1650 2053 1787 2104 perditi
1818 2069 1887 2107 per
1913 2066 2070 2095 omnem
2100 2065 2240 2095 terram
2272 2072 2339 2096 va-

1214 2135 1241 2156 „
1272 2114 1434 2157 gantur,
1483 2105 1518 2142 &
1547 2105 1724 2145 solatium
1768 2109 1995 2162 perditionis
2023 2123 2102 2148 suae
2134 2111 2338 2163 perdendis

1214 2189 1241 2208 „
1273 2158 1495 2198 hominibus
1536 2169 1764 2212 operantur:
1813 2163 1941 2216 itaque
1978 2165 2115 2203 'omnia
2158 2165 2337 2214 insidiis,

1214 2243 1241 2262 „
1272 2213 1500 2260 fraudibus,
1532 2213 1650 2262 dolis,
1681 2215 1875 2256 erroribus
1889 2217 2107 2271 complent;
2137 2218 2338 2258 adhaerent

1208 2298 1235 2320 ‚,
1265 2269 1367 2306 enim
1396 2265 1557 2319 singulis
1585 2266 1834 2319 hominibus,
1865 2269 1899 2308 8:
1919 2284 2049 2311 omnes
2076 2273 2242 2311 ostiatim
2270 2273 2338 2311 do-

1209 2352 1237 2373 „
1266 2334 1349 2360 mos
1376 2330 1588 2374 occupant,
1637 2336 1682 2361 ac
1711 2323 1787 2364 sibi
1827 2326 2027 2378 geniorum
2071 2339 2206 2364 nomen
2234 2340 2340 2366 assu·

1214 2406 1242 2426 „
1271 2383 1382 2414 munt
1401 2378 1428 2397 “
1446 2401 1457 2413 .
1505 2375 1660 2424 Quibus
1695 2380 1898 2428 postremis
1935 2380 2063 2419 verbis
2091 2389 2339 2421 communem

1205 2438 1332 2469 sanct.
1363 2426 1520 2467 Patrum
1540 2429 1754 2470 doctrinam
1785 2434 1956 2486 sequitur
1976 2434 2021 2472 de
2042 2433 2188 2473 artibus
2210 2465 2219 2483 ,
2249 2436 2339 2487 qui-

1213 2483 1287 2522 bus
1317 2483 1521 2521 Daemones
1552 2483 1754 2524 hominum
1785 2486 1883 2525 bono
1912 2488 2170 2526 insidiantur.
2227 2484 2335 2526 Dicit

1212 2545 1341 2574 autem
1355 2567 1365 2584 ‚
1395 2550 1457 2576 eos
1473 2535 1682 2576 adhaerere
1696 2540 1860 2591 singulis
1876 2540 2097 2579 hominibus
2109 2571 2120 2590 ,
2151 2553 2223 2579 non
2239 2556 2334 2594 qua-

1211 2591 1242 2626 si
1274 2589 1414 2639 singuli
1444 2589 1664 2627 adbaereant
1691 2592 1872 2642 singulis,
1921 2595 1984 2630 sed
2012 2595 2105 2646 qnia
2134 2607 2248 2630 nemo
2279 2604 2331 2631 est

1210 2640 1261 2678 ab
1291 2652 1423 2678 eorum
1453 2641 1724 2678 tentationibus
1745 2644 1952 2682 immunis.
1983 2645 2084 2692 Quae
2113 2654 2241 2682 autem
2262 2646 2333 2684 La·

1208 2695 1372 2732 etantius
1413 2693 1460 2731 de
1490 2690 1725 2746 Angelorum
1761 2697 1995 2735 commercio
2037 2708 2127 2737 cum
2158 2698 2332 2738 mulieri-

1206 2745 1304 2796 bus,
1333 2758 1378 2785 ac
1407 2746 1455 2786 de
1476 2758 1616 2787 'eorum
1644 2748 1952 2800 generationibus
1981 2750 2199 2801 fabulatur,
2226 2754 2326 2793 inter

2232 2814 2279 2846 a-

1201 2915 1294 2956 'Vid.
1320 2921 1429 2957 etiam
1455 2920 1592 2956 Natalis
1612 2916 1810 2955 Alexander
1834 2925 1870 2956 in
1889 2922 1986 2958 Htse.
2007 2918 2222 2963 Ecclesiast.
2243 2928 2328 2962 ὅπερ.

1209 2970 1237 3003 1.
1265 2980 1340 3015 cap.
1367 2980 1419 3002 12.
1445 2977 1512 3014 art.
1533 2979 1567 3011 9.
1595 2967 1653 3001 nbi
1682 2967 1776 3001 land.
1801 2969 1884 3003 libri
1909 2969 2102 3009 ausu-ri„
2137 2983 2241 3020 atque
2268 2987 2330 3009 au-

1209 3018 1410 3050 ctoritatem
1436 3012 1590 3047 vindicat
1606 3036 1614 3044 .

1209 3105 1211 3107 Ι
1262 3064 1308 3102 (b)
1334 3062 1490 3095 Celebris
1520 3061 1639 3094 Petrus
1666 3060 1871 3096 Ciacconius
1899 3062 1933 3095 in
1971 3062 2042 3097 suis
2067 3058 2329 3102 observationi-

1208 3109 1269 3143 bus
1295 3113 1331 3142 in
1356 3108 1410 3142 Jo.
1438 3108 1640 3140 Cassianum
1663 3106 1753 3141 hanc
1778 3107 1820 3141 ‹le
1845 3106 1979 3143 dnobus
1994 3114 2102 3155 geniis
2124 3113 2328 3148 'doctrinam

1211 3169 1230 3189 a
1255 3157 1423 3190 Cassiano
1449 3151 1649 3197 adoptat-un
1675 3164 1742 3188 non
1768 3154 1946 3190 dubitavit
1962 3157 2099 3201 salsam
2125 3162 2327 3206 appellare,

1206 3207 1280 3236 'nisi
1298 3202 1400 3246 forte
1415 3201 1572 3244 figurate
1597 3203 1679 3234 mali
1708 3202 1839 3248 Angelz
1869 3208 2028 3246 nor't'tine‘,
2067 3211 2122 3253 qni
2148 3209 2246 3240 nobis
2272 3221 2329 3241 00-

1210 3250 1334 3289 lunt,
1352 3248 1469 3291 fomes
1495 3251 1569 3290 ipse
1585 3251 1949 3293 intelligatur-peccati
1970 3273 1981 3295 ,
2007 3257 2062 3298 qni
2087 3266 2130 3287 ex
2151 3257 2233 3288 mali
2254 3256 2326 3287 An-

1209 3299 1280 3341 geli
1322 3298 1542 3339 suggestione
1579 3300 1691 3329 traxit
1726 3301 1921 3344 origenem»
1971 3296 2052 3335 vid,
2077 3300 2114 3335 in
2146 3301 2216 3336 'fine
2241 3298 2324 3334 editi

1209 3345 1359 3379 Roman.
1386 3351 1477 3377 anno
1503 3341 1608 3381 1585.
1634 3343 1671 3376 in
1695 3341 1730 3379 8.
