2583 3685
265 202 292 228 ⁷2
944 178 1351 223 DISSERTATIO
1384 176 1421 220 Ι.
1469 176 1597 220 CAP.
1629 177 1686 221 Π.

208 265 552 304 immortalitatem
582 275 608 299 a
631 259 715 298 Deo
744 269 983 298 consecuta.
1014 260 1111 306 Quae
1142 258 1312 296 definitio

208 321 293 356 satis
322 320 524 371 perspicua
553 315 727 361 videtur,
758 322 796 349 nt
825 313 1078 365 explicatione
1107 324 1181 350 non
1212 312 1312 349 iudi-

207 382 317 423 geat,
359 372 430 409 nisi
462 371 552 406 forte
581 369 618 404 in
648 367 723 404 illis
753 367 906 413 verbis,
949 377 1104 415 semper
1133 363 1311 412 mobilis,

205 440 293 476 quae
324 427 373 462 ita
401 429 636 474 exponuntur
665 432 686 457 a
715 418 754 457 S.
785 419 934 456 Thomu
954 421 984 456 Ι.
1016 419 1056 456 I'.
1086 430 1124 468 q.
1149 418 1212 455 50.
1241 427 1312 455 art.

211 491 245 515 1.
274 478 320 514 ad
353 491 389 515 2.
406 507 417 525 ,
439 484 485 511 >uc
516 473 691 525 Angelus
719 472 876 510 dicatur
904 471 1127 509 sul-»stantia
1155 483 1312 520 semper

204 529 384 577 mobilis,
431 531 522 579 quia
550 539 707 576 semper
736 535 796 564 est
825 535 917 563 actu
947 525 1171 576 intelligens
1192 553 1202 571 ,
1231 537 1312 561 non

203 583 436 634 quandoque
447 589 559 628 actu,
580 579 815 630 qzuzwloque
830 582 1076 630 inpotentia,
1098 580 1196 614 sicut
1212 589 1308 615 nos.

257 637 296 681 4.
327 636 424 673 Addi
454 643 580 671 tamen
598 633 692 671 >huic
722 633 931 671 definitioni
952 632 1087 678 debet,
1119 629 1310 681 Angelum

196 704 278 727 *esse
308 688 551 726 substantiam
595 687 832 739 spiritualem
862 686 1108 733 completam
1126 714 1137 731 ,
1187 692 1225 720 ut
1253 683 1311 720 di-

202 745 409 794 stinguatur
437 741 485 779 ab
515 741 643 778 anima
664 741 858 786 humana,
889 752 976 790 quae
1008 746 1059 774 est
1090 738 1203 773 etiam
1220 735 1311 772 sub-

201 797 333 833 stantia
354 793 559 847 spititualis
576 823 586 842 ,
610 794 679 832 sed
708 792 948 842 incompleta
966 821 976 838 ,
1006 791 1098 842 quia
1117 790 1312 827 ordinatur

201 850 248 887 ad
277 863 437 900 corpus,
467 861 636 900 quocum
665 847 860 885 hominem
890 844 1111 896 componit.

593 951 815 993 CAPUT
860 950 911 991 ΙΙ.

406 1062 577 1113 Angelos
606 1064 777 1099 existere
808 1059 1104 1097 demonstratur

280 1129 332 1154 ex
361 1115 498 1154 Sacris
526 1114 688 1153 Litteris
718 1118 917 1165 utriusque
949 1111 1228 1151 Testamenti.

253 1224 287 1261 5.
308 1200 507 1275 Angelos
536 1232 664 1260 autem
694 1222 877 1269 existere,
925 1232 1000 1258 non
1042 1218 1163 1256 solum
1207 1230 1308 1255 verae

197 1275 404 1328 Religionis
424 1276 584 1314 cultores
600 1306 610 1324 ,
640 1276 702 1314 sed
734 1288 810 1313 non
829 1275 940 1327 pauci
963 1274 1076 1310 etiam
1108 1272 1205 1308 inter
1223 1270 1310 1307 Phi-

196 1331 367 1382 losophos
397 1330 567 1368 ethnicos
594 1329 755 1368 confessi
785 1336 895 1371 sunt,
925 1328 992 1377 qui
1021 1334 1149 1361 tamen
1181 1323 1309 1373 Augu-

193 1386 291 1422 stino
318 1384 539 1422 observante
566 1382 656 1421 Lib.
677 1381 747 1419 IX.
777 1379 825 1417 cle
854 1380 967 1416 Urit.
996 1377 1074 1414 Det
1103 1390 1187 1426 cap.
1216 1388 1275 1426 ις).
1296 1405 1308 1422 ,

195 1450 255 1475 eos
284 1438 556 1489 nuncupabant
583 1435 830 1473 Daemones.
873 1430 959 1470 Nos
988 1439 1126 1468 autem
1144 1459 1154 1476 ,
1179 1428 1310 1466 >subdit

194 1490 235 1528 S.
277 1490 412 1538 Pater,
460 1494 559 1526 sicut
601 1487 809 1537 Scriptura
851 1486 1043 1536 loquitur,
1091 1481 1308 1519 secundum

189 1557 316 1594 quum
350 1542 565 1581 Christiani
605 1555 771 1589 sumus,
819 1539 994 1591 Angelos
1031 1535 1188 1588 quidem
1217 1547 1310 1585 par-

196 1602 267 1634 tim
297 1596 416 1635 bonos
433 1627 443 1646 ,
472 1600 622 1649 partim
652 1595 782 1632 malos
799 1624 809 1642 ,
837 1603 1047 1641 nimquam
1077 1601 1163 1626 §fero
1192 1587 1310 1625 bonos

193 1650 414 1688 Daemones
441 1653 701 1688 nominamus
731 1646 794 1695 (a)
812 1670 823 1682 .

247 1703 286 1742 6.
317 1706 365 1741 At
394 1705 579 1753 quoniam
603 1698 776 1738 nihil-est
805 1697 899 1735 adeo
918 1705 1065 1734 certum
1083 1725 1094 1743 ,
1124 1694 1157 1730 8<
1179 1693 1309 1744 explo-

194 1767 320 1794 ratum
338 1786 349 1804 ,
396 1755 497 1807 quod
527 1754 576 1792 ab
602 1753 736 1805 ‘aliquo
765 1765 841 1790 non
873 1749 1094 1800 rejiciatur,
1143 1749 1194 1784 ita
1225 1746 1307 1783 haec

192 1811 332 1849 veritas
355 1822 443 1847 suos
471 1806 566 1846 olim
584 1816 691 1844 nacta
720 1813 773 1842 est
802 1803 1033 1843 adversarios
1051 1828 1060 1838 .
1091 1799 1191 1838 Nam
1211 1799 1307 1837 Sad-

193 1864 318 1904 ducaei
337 1893 347 1911 ,
377 1861 539 1900 celebris
568 1860 671 1913 apud
699 1858 853 1896 Judaeos
882 1865 1006 1903 sec-ta,
1038 1854 1201 1906 Angelos
1230 1867 1307 1891 esse

190 1916 404 1968 negabant,
434 1923 523 1953 teste
552 1913 594 1953 S.
624 1914 731 1952 Luca
759 1914 844 1950 Act.
864 1910 1013 1949 XXIII.
1043 1908 1082 1947 8.
1100 1939 1111 1956 ,
1141 1907 1242 1960 quod
1265 1920 1309 1945 eo

191 1969 411 2009 mirabilius
440 1978 517 2018 est,
564 1967 667 2021 quod
696 1966 786 2004 licet
814 1964 1018 2003 Sadducaei
1061 1976 1189 2000 omnes
1219 1960 1308 1999 Pro-

191 2024 393 2076 phetarum
424 2021 542 2061 libros
560 2029 808 2074 respuerent,
838 2015 1136 2057 pentateuchum
1157 2025 1307 2064 tamen,

191 2087 234 2115 ut
266 2078 348 2115 Deo
377 2077 584 2129 inspirante
628 2090 651 2112 a
680 2074 816 2127 Moyse
845 2073 1105 2124 conscriptum
1148 2070 1309 2122 recipie-

189 2131 285 2170 bant
303 2161 314 2181 ,
344 2130 672 2183 quemadmodum
692 2136 845 2169 testatur
859 2127 900 2166 S.
917 2126 1176 2178 Hieronymus
1194 2124 1308 2164 Com-

232 2314 287 2348 Δ(ιι)
312 2302 480 2353 vulgaris
506 2306 598 2354 apud
623 2308 814 2355 IEgyptios
841 2304 1000 2341 doctrina
1038 2305 1182 2351 spiritus
1207 2315 1312 2350 quos-

193 2352 274 2388 dam
300 2355 431 2389 medios
458 2357 572 2389 Deum
597 2356 709 2397 inter,
737 2359 768 2388 ἃ
793 2354 951 2389 homines
977 2352 1213 2393 admittebat,
1256 2365 1311 2385 re-

192 2401 260 2434 bus
286 2401 467 2435 hominnm
492 2401 722 2447 procurandis
748 2401 962 2435 destinatos:
989 2413 1066 2445 quas
1091 2408 1210 2444 postea
1234 2400 1312 2444 opi-

191 2447 250 2480 nio
274 2449 381 2482 etiam
418 2448 460 2482 ad
486 2451 625 2483 Graecos
649 2450 835 2493 pervenit3
878 2452 910 2480 δε
936 2455 1039 2480 notus
1070 2446 1232 2479 omnibus
1256 2455 1309 2480 est

191 2495 339 2527 celebris
366 2496 423 2528 ille
450 2496 602 2529 Socratis
621 2496 767 2540 genius,
791 2495 907 2539 quoin
928 2493 1084 2527 consiliis
1109 2491 1308 2536 capiendis,

190 2552 231 2573 ac
259 2541 388 2573 futuris
413 2540 646 2586 praevidendis
671 2554 754 2574 usus
774 2542 880 2574 fuisse
897 2539 1050 2573 dicitur.
1076 2539 1237 2581 Quaestio
1256 2539 1309 2572 in-

189 2587 315 2620 stituta
342 2588 407 2620 fuit
425 2610 435 2628 ‚
462 2588 562 2621 albus
588 2600 630 2620 ne
655 2588 760 2621 fuerit
778 2588 837 2621 ille
865 2587 1011 2632 genius,
1036 2598 1079 2618 an
1107 2586 1208 2617 nter?
1233 2586 1309 2618 Ali-

187 2634 249 2675 qui
276 2633 377 2666 illum
402 2635 576 2678 Angelum
602 2635 732 2667 honum
759 2635 864 2666 fuisse
889 2633 1165 2669 existimarunt,
1191 2640 1229 2663 nt.
1255 2633 1311 2664 vi-

190 2677 271 2710 dere
297 2688 347 2712 est
373 2679 464 2724 apud
489 2678 580 2713 And.
607 2679 811 2712 Dacierium
853 2680 888 2712 in
915 2679 1071 2711 versione
1097 2677 1224 2721 gallica
1249 2679 1303 2711 A-

184 2726 335 2768 ,pologiae
355 2726 514 2758 Socratis
539 2726 888 2769 aPlatonescriptae.
914 2724 1158 2756 Tertullianus
1186 2732 1304 2756 tamen

192 2773 228 2804 in
259 2770 364 2803 Libro
388 2772 431 2802 de
458 2773 583 2805 Anima
609 2783 685 2817 cap.
705 2785 734 2805 1.
760 2782 840 2804 eum
861 2770 1002 2814 genium
1027 2777 1128 2802 vocat
1154 2770 1304 2812 pedago-

194 2831 270 2862 gum
296 2820 499 2861 pessimum.
542 2820 607 2851 Cui
633 2817 813 2851 sententiae
840 2815 1066 2850 subscribunt
1094 2815 1126 2845 S.
1152 2815 1304 2858 Cypria-

190 2878 257 2898 nus
283 2866 327 2897 de
351 2862 440 2897 Idol.
467 2867 613 2897 vanitate
630 2886 640 2904 ,
677 2864 881 2898 Lactantius
907 2862 984 2895 Lib.
1006 2862 1047 2893 Il.
1076 2859 1158 2894 Dio.
1186 2860 1303 2894 Instit-

191 2924 267 2956 cap.
288 2910 345 2942 15.
362 2931 373 2949 ,
398 2912 430 2941 ὅ(
456 2910 490 2942 S.
517 2911 732 2953 Augustinus
760 2910 837 2944 Lib.
855 2910 949 2943 VIII.
976 2909 1018 2940 cle
1039 2908 1114 2940 Civ-
1143 2906 1213 2939 Dei
1227 2919 1304 2952 cap.

197 2959 250 3000 14.
277 2958 353 2991 Hac
377 2955 419 2988 de
445 2967 481 2988 re
506 2956 618 2988 multa
643 2955 775 2989 erudite
802 2951 1174 3000 collegitGottefridus
1199 2953 1304 2987 Olea-

189 3006 262 3038 rius
288 3005 322 3036 in
350 3002 519 3047 peculiari
532 3001 673 3035 dissert.
699 3004 741 3034 cle
758 3006 857 3046 genio
875 3003 1036 3036 Socratis
1052 3000 1183 3032 inserta
1199 3000 1304 3032 Stau-

190 3052 249 3084 leii
275 3050 441 3083 Historiae
469 3048 602 3083 Philas.
619 3048 656 3080 P.
677 3049 735 3080 Ill.
763 3061 836 3093 cap.
855 3049 888 3082 6.
919 3045 1098 3092 Legendus
1111 3046 1185 3080 Jac-
1213 3046 1301 3079 Bru-

186 3098 315 3132 'c'kerus
351 3101 387 3129 in
412 3095 511 3129 Hist.
538 3096 630 3128 Crit.
670 3094 764 3128 Phil.
792 3096 891 3128 Tom.
913 3097 938 3128 l.
970 3105 1050 3139 pag.
1074 3092 1151 3134 543.
1195 3104 1267 3137 seq.
1285 3114 1300 3133 ,

190 3145 253 3179 ubi
288 3151 474 3189 postquam
510 3153 630 3176 ornnes
655 3141 752 3181 fere,
792 3143 851 3184 qui
878 3140 917 3174 de
940 3141 1008 3174 hac
1034 3152 1070 3173 re
1106 3148 1303 3184 pertracta-

190 3201 275 3226 runt
289 3213 299 3231 ‚
324 3189 457 3222 erudite
475 3188 642 3222 indicavit
658 3210 668 3228 ,
695 3186 895 3226 concludit,
920 3186 1101 3231 prudentis
1118 3198 1194 3219 >esse
1208 3207 1219 3226 ,
1243 3185 1300 3229 ju-

191 3237 324 3272 dicium
361 3247 462 3268 omne
488 3234 698 3281 suspendere
720 3242 797 3267 ‘tam
829 3233 870 3265 de
895 3234 1042 3266 veritate
1078 3231 1183 3276 hujus
1210 3232 1300 3275 genii

189 3282 350 3326 napitas,
377 3281 537 3325 quamde
549 3280 706 3326 ejusdem
732 3281 823 3325 genii
847 3280 1002 3313 bonitate
1018 3300 1029 3319 ,
1054 3287 1113 3312 aut
1139 3279 1301 3318 malitia,

192 3328 220 3359 si
245 3327 360 3370 reipsa
372 3328 536 3371 spiritum
553 3327 740 3371 quemdam
766 3327 986 3360 assistentem
1005 3337 1084 3357 eum
1104 3326 1209 3358 fnisse
1227 3335 1302 3357 cre-

179 3371 340 3406 ¹dumus:
384 3375 491 3417 aliqui
513 3376 610 3406 venim
636 3374 724 3406 nihil
762 3372 856 3406 aliud
883 3373 989 3405 fuisse
1015 3372 1161 3404 credunt
1181 3394 1192 3412 ‚
1233 3370 1300 3403 nisi

194 3430 372 3453 summum
398 3420 506 3465 ipsius
533 3421 684 3456 Socratis
709 3420 837 3454 mentis
865 3429 1032 3453 acumen·
1059 3418 1179 3451 Simile
1205 3415 1308 3462 quid·

1379 266 1495 295 ment.
1524 258 1564 295 in
1594 270 1627 294 c.
1649 255 1779 295 XXII.
1807 255 1848 295 S.
1877 254 2084 305 Matthaei,
2114 256 2284 309 adeoque
2312 257 2488 310 {gnorare

1379 323 1455 349 non
1484 317 1654 362 poterant
1685 309 1915 362 Angelorum
1936 312 2171 348 mentionem
2203 325 2304 363 saepe
2333 326 2354 349 a
2375 312 2489 365 Moy-

1380 379 1417 401 se
1448 365 1586 402 factam
1617 363 1759 401 fuisse-
1789 363 1862 400 Sed
1892 365 1991 414 quod
2018 363 2191 401 ‘haeretici
2220 365 2388 402 solemne
2409 375 2489 414 est,

1379 416 1582 455 litteralem
1612 430 1765 454 sensum
1793 415 2040 466 abjicientes,
2072 416 2308 467 Angelorum
2337 420 2492 456 nomine

1381 470 1478 508 nihil
1508 470 1613 507 aliud
1643 468 1932 520 intelligebant,
1979 483 2096 521 quam
2127 471 2289 507 internas
2325 471 2491 510 illustra-

1381 525 1528 571 tiones,
1577 523 1717 576 quibus
1745 523 1852 561 Deus
1892 520 2065 561 homines
2090 525 2202 575 quasi
2232 536 2300 575 per
2335 526 2492 563 nuncios

1376 575 1589 629 alloquitur
1619 575 1674 628 (b)
1691 602 1704 614 .

1434 644 1472 681 7.
1503 629 1616 667 Hunc
1644 643 1812 667 errorem
1844 636 2022 666 vetustate
2050 626 2130 678 jam
2172 627 2359 668 abolitum
2390 630 2490 668 infe—

1378 682 1503 720 liciter
1533 685 1751 721 resuscitare
1778 684 1903 720 conati
1932 690 2016 719 sunt
2044 694 2134 719 saee.
2155 682 2263 721 XVI.
2293 683 2415 736 aliqui
2446 697 2492 721 ex

1378 737 1503 789 ¹impia.
1534 736 1870 789 Anabaptistarum
1912 744 2038 784 secta,
2084 734 2232 787 aliique
2273 749 2351 774 non
2381 737 2494 776 multi

1371 789 1607 827 obscurioris
1637 791 1799 828 nominis
1817 819 1827 837 ,
1856 791 1923 841 qui
1946 803 2015 828 nec
2038 789 2242 828 memorari
2272 799 2487 828 merentur.

1380 842 1643 891 Hobbesium,
1690 843 1925 894 Spiiioza21n,
1973 851 2189 894 ceterosque
2219 840 2490 881 Materialistas

1376 896 1513 944 mitto,
1546 909 1644 948 ‘quos
1670 898 1817 935 >mirum
1847 909 1923 934 non
1954 906 2005 934 est
2034 896 2106 933 hoc
2135 893 2329 946 religionis
2359 905 2492 934 nostrae

1372 950 1517 1001 'dogma
1543 963 1710 1002 negare,
1735 962 1830 988 cum
1860 949 2084 1001 religionem
2114 950 2236 1000 ipsam
2267 947 2398 986 tollere
2426 951 2487 988 ni-

1382 1012 1509 1040 tantur
1540 1005 1596 1055 (c)
1617 1030 1627 1041 .

1432 1057 1472 1094 8.
1503 1056 1755 1096 Facillimum
1784 1065 1835 1095 est
1864 1065 1989 1095 autem
2019 1056 2301 1104 demonstrare,
2331 1054 2494 1107 Angelos

1381 1111 1564 1159 existere,
1594 1110 1726 1149 saltem
1756 1120 1886 1149 contra
1915 1124 2004 1158 eos,
2034 1112 2101 1163 qui
2132 1124 2256 1149 sacras
2276 1109 2494 1161 Scripturas

1379 1165 1556 1200 venerari
1584 1178 1622 1201 se
1650 1164 1906 1215 profitentur.
1943 1164 1992 1201 Et
2021 1166 2146 1214 primo
2174 1163 2332 1215 quidem
2361 1171 2491 1201 contra

1379 1216 1610 1253 Sadducaeos
1634 1229 1684 1252 ex
1716 1219 1804 1266 ipsis
1834 1216 2015 1255 Mosaicis
2042 1216 2176 1265 libris,
2217 1228 2311 1268 quos
2339 1216 2434 1254 solos
2464 1217 2495 1253 i-

1376 1271 1438 1321 -psi
1467 1269 1662 1306 admisisse
1690 1268 1868 1305 dicuntur
1886 1294 1897 1305 .
1944 1271 1987 1305 In
2017 1270 2063 1306 iis
2091 1271 2194 1307 enim
2234 1270 2413 1321 frequens
2443 1277 2495 1308 est

1378 1321 1616 1371 Angelorum
1648 1319 1813 1365 menti03
1844 1327 1883 1356 nt
1913 1319 2046 1368 illius,
2082 1324 2150 1372 qui
2180 1323 2360 1374 apparuit
2391 1321 2493 1374 Agar

1377 1376 1416 1412 in
1447 1374 1590 1411 deserto
1620 1375 1635 1424 (
1660 1372 1862 1410 Geneseos
1877 1371 1987 1408 XVI.
2005 1402 2016 1418 ,
2047 1371 2080 1408 ἃ
2110 1372 2224 1411 XXI.
2254 1375 2300 1421 ),
2329 1376 2494 1413 alioruin

1376 1429 1541 1465 duorum
1558 1456 1569 1474 ‚
1598 1427 1668 1477 qui
1697 1427 1920 1477 eripuerunt
1940 1422 2037 1462 Loth
2064 1424 2115 1462 ab
2145 1426 2295 1463 excidio
2315 1426 2492 1465 Sodomae

1379 1484 1393 1531 (
1427 1480 1576 1518 Gentes,
1597 1476 1709 1516 XIX.
1741 1479 1778 1527 ),
1808 1476 1967 1515 alterius
1989 1479 2056 1530 qui
2079 1477 2279 1516 Abraham
2298 1479 2494 1529 cohibuit,

1376 1548 1425 1571 ne
1446 1533 1573 1571 filium
1594 1546 1706 1570 suum
1720 1532 1826 1585 Isaac
1848 1530 2064 1569 immolaret
2094 1534 2109 1582 (
2135 1531 2283 1570 Genes.
2304 1532 2435 1572 XXII.
2455 1534 2495 1581 );

1374 1587 1411 1623 -&
1441 1585 1618 1624 infinitus
1647 1599 1766 1623 essem
1784 1615 1795 1633 ‚
1842 1585 1874 1622 si
1900 1586 2032 1622 onmia
2061 1583 2306 1624 Pentateuchi
2342 1586 2427 1624 loca
2455 1589 2497 1626 in

1378 1640 1551 1677 inedium
1570 1638 1746 1676 afferrem
1765 1667 1776 1685 ,
1805 1638 1845 1674 in
1862 1637 2005 1688 quibus
2020 1637 2062 1674 fit
2079 1639 2313 1689 Angelorum
2329 1641 2498 1679 mentio.

1428 1705 1471 1743 9.
1500 1692 1580 1729 Nee
1611 1691 1740 1728 minus
1770 1699 1922 1741 aperte,
1967 1704 2040 1728 nec
2069 1693 2196 1729 minus
2224 1706 2327 1744 saepe
2357 1692 2496 1746 Angeli

1372 1752 1639 1783 memorantur
1668 1744 1709 1782 in
1738 1742 1823 1781 aliis
1852 1743 1991 1792 libris,
2034 1756 2125 1782 cum
2156 1744 2369 1794 historicis,
2412 1756 2495 1786 tum

1373 1798 1611 1851 propheticis
1636 1798 1775 1836 veteris
1806 1797 2066 1843 Testamenti3
2113 1812 2156 1836 ac
2185 1799 2342 1837 deinum
2374 1801 2412 1838 in
2440 1800 2494 1838 E-

1372 1852 1578 1905 vangelio,
1609 1859 1721 1904 atque
1750 1851 1791 1889 in
1821 1851 2000 1889 omnibus
2030 1851 2108 1889 fere
2135 1853 2283 1904 paginis
2302 1854 2392 1891 novi
2423 1854 2496 1892 foe-

1375 1907 1504 1954 deris3
1552 1919 1761 1958 eorumque
1789 1906 2071 1958 apparitiones,
2116 1915 2231 1958 ‘atque
2259 1908 2496 1959 operationes

1371 1961 1673 2008 =describuntur3
1694 1959 1894 1998 beneficia
1910 1959 2000 1997 item
2027 1973 2051 1995 a
2067 1959 2149 1996 Deo
2178 1959 2396 1999 hominibus
2418 1960 2496 1999 An-

1377 2015 1551 2068 gelorum
1580 2016 1793 2053 ministerio
1823 2013 1990 2061 collata,
2019 2011 2083 2051 vel
2111 2026 2242 2066 poenae
2273 2014 2496 2053 eorumdem

1376 2083 1491 2122 opera
1520 2070 1651 2121 impiis
1680 2067 1866 2106 inssictae:
1897 2076 2011 2120 atque
2031 2065 2115 2106 haec
2142 2068 2270 2105 onmia
2301 2070 2352 2105 ita
2380 2082 2494 2106 accu-

1375 2132 1457 2163 rate
1473 2153 1485 2172 ‚
1515 2123 1549 2161 δε
1569 2123 1741 2163 distincte
1768 2122 1989 2162 referuntur
2002 2152 2017 2172 ,
2045 2129 2088 2161 ut
2114 2120 2228 2174 plane
2247 2121 2414 2160 delirare
2434 2122 2491 2160 vi-

2373 2175 2439 2213 de-

1378 2301 1459 2340 dam
1484 2312 1650 2338 narratur
1675 2302 1715 2337 de
1742 2310 1941 2337 nostrorum
1967 2300 2159 2347 Epicorum
2186 2299 2370 2333 Poetarum
2397 2297 2494 2343 prin-

1378 2353 1454 2397 cipe
1481 2352 1663 2395 Torquato
1688 2351 1823 2390 Tamo,
1850 2358 1889 2382 ut
1915 2347 2026 2381 videri
2053 2354 2165 2392 potest
2194 2347 2229 2379 in
2255 2345 2495 2378 elaboratissi-

1377 2410 1435 2432 ma
1460 2397 1535 2442 ejus
1560 2398 1635 2431 vita
1661 2397 1792 2441 scripta
1817 2396 1862 2429 ab
1886 2393 2150 2434 eruditissimo,
2177 2401 2282 2438 atque
2307 2391 2495 2435 elegantis-

1376 2445 1466 2478 simo
1491 2445 1593 2477 Petro
1618 2444 1701 2478 Ant.
1730 2443 1911 2481 Sernssio,
1950 2443 1981 2473 δι
2008 2442 2127 2473 Romae
2154 2439 2246 2472 edita
2271 2449 2362 2470 anno
2391 2439 2494 2480 1785.

1377 2492 1455 2524 Lib·
1476 2492 1535 2524 III.
1560 2501 1640 2536 pag.
1658 2485 1739 2532 424.
1766 2490 1818 2522 De
1842 2488 2002 2533 opinione
2029 2495 2145 2520 autem
2173 2486 2358 2519 Poetarum
2374 2505 2384 2523 ‚
2413 2483 2492 2516 l’hi-

1375 2537 1599 2582 losophorum
1618 2558 1630 2577 ,
1655 2537 1873 2579 aliorumque
1891 2533 1932 2565 de
1952 2534 2088 2566 naturis
2105 2531 2228 2564 mediis
2247 2531 2340 2563 inter
2353 2531 2466 2563 Deum
2490 2550 2501 2569 ‚

1376 2587 1408 2617 &
1432 2584 1634 2623 hominem,
1660 2582 1794 2616 consul.
1820 2580 1981 2613 petavius
2010 2579 2087 2611 Lib.
2108 2580 2131 2609 1.
2159 2580 2203 2608 de
2230 2578 2380 2617 Angelis
2407 2588 2437 2607 c.
2461 2587 2492 2607 ι.

1424 2632 1469 2670 (b)
1497 2627 1678 2662 Sadducaei
1703 2627 1789 2659 dicti
1815 2634 1895 2657 sunt
1921 2636 1939 2655 a
1960 2622 2092 2655 Sadock
2110 2643 2121 2662 ‚
2147 2621 2206 2665 qni
2234 2620 2300 2653 suit
2325 2621 2493 2664 Antigoni

1378 2675 1511 2709 Sochaei
1538 2673 1700 2706 auditor.
1727 2671 1792 2704 Hic
1817 2682 1898 2703 cum
1924 2669 2050 2712 saepius
2078 2681 2096 2701 a
2120 2668 2290 2710 inigistro
2314 2679 2377 2699 suo
2402 2666 2494 2700 didi-

1369 2723 1473 2754 cisset
1489 2740 1501 2759 ‚
1527 2717 1748 2751 serviendum
1774 2728 1847 2749 esse
1865 2716 2018 2748 Domino
2043 2715 2140 2754 Deo,
2167 2726 2233 2746 non
2255 2713 2466 2746 faniulorum
2482 2735 2495 2754 ‚

1371 2775 1432 2800 ant
1456 2764 1755 2798 mercenariorum
1783 2774 1877 2796 more
1896 2770 2037 2806 propter
2063 2772 2158 2805 spem
2187 2758 2381 2799 mercedis,
2408 2772 2491 2792 con-

1373 2812 1477 2846 clusit
1493 2832 1504 2852 ,
1530 2811 1663 2844 nullam
1692 2822 1765 2843 esse
1790 2810 1825 2842 in
1851 2810 1961 2842 altera
1985 2808 2057 2841 vita
2075 2808 2272 2846 bonorum,
2300 2806 2352 2838 vel
2381 2806 2490 2839 malo-

1372 2871 1452 2892 rum
1471 2857 1738 2891 retributionem
1754 2878 1764 2896 ‚
1792 2868 1854 2888 nec
1879 2853 2023 2900 proinde
2047 2855 2202 2888 animam
2220 2865 2292 2886 esse
2320 2852 2489 2896 spiritua-

1372 2906 1441 2938 lem
1458 2927 1469 2946 ,
1506 2904 1712 2949 corporique
1739 2903 1990 2947 superstitemj,
2035 2899 2126 2934 unde
2153 2908 2270 2945 postea
2296 2899 2396 2931 facile
2423 2899 2489 2942 ipsi

1372 2952 1462 2992 suit,
1487 2952 1595 2984 etiam
1620 2951 1770 2994 Angelos
1797 2960 1948 2993 negare,
1985 2948 2144 2991 solasque
2171 2945 2386 2980 snbstantias
2413 2956 2489 2977 ina-

1372 2999 1512 3031 teriales
1539 2996 1723 3030 admittere
1743 3018 1751 3027 .
1777 2998 1942 3029 Ceterum
1968 3007 2035 3027 non
2062 3006 2180 3026 omnes
2206 2991 2429 3025 consentiunt
2450 2992 2485 3023 S.

1372 3045 1590 3088 Hieronymo
1624 3041 1783 3081 dicenti,
1826 3042 1963 3074 nonnisi
2002 3041 2109 3074 libros
2136 3040 2308 3072 Mosnicos
2335 3039 2440 3069 luisse
2467 3049 2486 3069 a

1371 3090 1570 3124 Sa.d‹1ucaeis
1607 3100 1670 3133 pro
1696 3088 1824 3121 (livinis
1863 3088 2031 3126 habitos3
2075 3098 2155 3118 nain
2181 3085 2293 3118 Rabbi
2323 3085 2486 3116 manasse

1369 3137 1563 3171 ben-lsrael
1592 3137 1668 3169 Lib.
1690 3136 1713 3167 I.
1745 3147 1819 3179 cap.
1838 3134 1870 3167 6.
1907 3133 1948 3166 de
1976 3132 2172 3165 Ssddncieis
2207 3132 2316 3163 dicit:
2370 3130 2488 3173 [Venire

1370 3193 1479 3217 tamen
1505 3184 1714 3226 derogabant
1729 3182 1842 3225 fidem
1867 3179 2075 3224 Prophetis,
2103 3180 2165 3211 sed
2192 3180 2268 3211 loca
2295 3176 2485 3221 Propheta-

1370 3244 1437 3263 rum
1464 3233 1499 3262 in
1524 3230 1627 3262 alium
1652 3231 1751 3272 longe
1779 3241 1911 3261 sensum
1936 3226 2268 3269 iuterpretubmitur.
2307 3224 2422 3256 Multa
2451 3221 2484 3253 in

1369 3276 1459 3310 hano
1484 3288 1559 3308 rem
1586 3275 1683 3307 affert
1711 3275 1865 3316 Scaliger
1890 3275 1924 3305 in
1945 3272 2101 3306 Elenclio
2127 3271 2356 3304 Trthaereseon
2372 3289 2381 3306 ,
2407 3279 2483 3311 cup.

1372 3323 1428 3367 76.
1455 3320 1634 3356 Videndus
1654 3322 1767 3354 etiam
1792 3319 1988 3353 bruckerus
2013 3320 2048 3351 in
2062 3318 2161 3351 Hisc.
2186 3318 2281 3350 Phil.
2308 3315 2419 3347 Tonio
2439 3315 2481 3347 ΙΙ.

1372 3381 1407 3415 p.
1430 3370 1510 3412 723.
1535 3380 1603 3412 seq.

1422 3422 1470 3458 ic)
1501 3416 1720 3450 Aecus-antur
1746 3415 1838 3448 iuter
1862 3413 1947 3448 alios
1975 3412 2145 3457 Georgius
2169 3406 2284 3445 David
2303 3429 2314 3448 ,
2340 3405 2401 3452 qui
2426 3417 2490 3451 pe-
