2583 3685
278 123 362 171 158

273 199 361 237 facit
388 195 433 231 de
461 203 536 229 non
566 186 789 229 filiofilium
807 186 1054 238 adoptivum3
1083 184 1145 222 sed
1167 183 1317 236 estqui-

234 234 243 251 ²
269 252 357 287 dam
373 246 527 284 effectus
543 242 738 281 filiationis
751 239 980 278 naturalisin
992 240 1120 276 anima
1130 236 1317 276 Christi‘².

233 282 242 301 ²
268 301 358 342 286.
387 298 489 337 Solet
526 298 643 335 etiam
671 294 792 345 objici
832 294 991 345 quidam
1033 291 1136 329 locus
1166 304 1212 328 ex
1242 289 1316 328 Da·-

212 358 437 408 sputatc‘one
465 359 605 389 contra
626 349 766 387 Arium
783 377 794 396 ‚
818 361 912 399 vquas
941 346 1034 384 olim
1051 345 1091 383 S,
1115 343 1320 382 Athanasio

211 406 453 449 tribuebatur
469 435 479 454 ,
510 404 577 442 ubi
598 417 707 441 num.
726 400 790 439 28.
819 402 869 438 ita
899 401 1057 438 dicitur:
1091 397 1217 436 Verus
1237 400 1320 448 qui-

212 462 305 501 dem
333 458 452 498 Filius
479 457 559 497 Dei
599 469 700 494 unus
729 463 807 501 est,
858 452 1027 491 Verbum
1046 484 1056 501 ,
1103 452 1152 491 (θ’
1182 451 1320 490 Deus.

212 233 229 253 3

215 284 226 303 9

215 515 293 555 Est
323 523 457 552 aurem
487 512 600 549 veluti
627 510 732 548 alius
761 507 880 545 lems
909 507 1122 556 adoptatus
1141 518 1210 555 per
1222 513 1321 542 tem-

212 570 321 621 plum
350 569 523 617 corporis
552 569 670 615 ipsius
690 562 857 600 Domini
885 564 1011 597 nostri
1038 559 1129 597 ιῙεςα
1152 558 1292 595 Christi
1310 584 1321 596 .

268 622 360 670 287.
390 620 465 657 Sed
495 618 609 671 hujus
638 615 865 669 supposititii
887 614 1023 664 Operis
1044 610 1153 650 nulla
1183 619 1233 648 est
1253 625 1323 649 au-

211 676 389 719 ctoritas3
425 672 461 709 &
489 681 675 725 quantum
706 669 752 705 ad
782 680 862 704 rem
888 674 1057 703 nostram
1076 693 1088 710 ‚
1129 677 1242 701 verus
1272 665 1322 701 A·

213 727 409 767 thanasius
438 727 478 764 in
510 726 598 764 Lib.
628 723 676 760 de
705 720 918 758 Incarnat.
945 731 1058 758 num.
1084 730 1117 754 ι.
1151 716 1323 770 Confite-

211 794 325 827 mur‚
366 781 443 826 ait,
494 778 639 816 Filium
667 774 747 812 Det
775 781 872 810 ante
901 772 1051 810 saecula
1081 770 1131 807 ab
1171 781 1324 807 aeterno

213 848 268 873 ex
288 833 410 871 Patre
436 835 615 882 genitum
632 859 642 878 ,
669 830 877 877 postremis
907 839 996 865 rero
1024 824 1175 863 soeculis
1194 822 1239 861 ob
1254 837 1324 862 no-

211 897 342 926 stram
374 885 546 923 saltuem
575 896 629 921 ex
646 881 791 919 [Πανία
816 878 978 932 Virgine
1006 889 1149 915 narum
1172 903 1212 915 ...
1242 890 1325 914 non

214 941 311 979 duos
340 939 480 985 Filios,
517 938 644 977 altum
675 935 753 974 Dei
782 932 946 980 Filium,
998 944 1131 970 verum
1160 930 1324 978 Deum,

211 995 262 1036 (ἲ)
291 992 546 1031 adorandum
565 1022 576 1040 ,
604 991 732 1028 alium
753 1000 806 1025 ex
828 986 973 1024 Maria
1005 984 1204 1022 hominem
1221 1014 1231 1031 ‚
1260 987 1326 1035 qui

215 1061 297 1086 non
328 1046 539 1094 adoretur,
569 1048 708 1095 quique
737 1054 805 1093 per
833 1040 992 1091 gratiam
1011 1067 1022 1084 ‚
1061 1047 1099 1075 ut
1129 1036 1325 1085 homines,

213 1101 340 1140 Filius
363 1100 433 1138 Dei
463 1102 510 1138 sit
540 1099 659 1137 factus
680 1095 750 1133 &c.
780 1093 935 1141 Quibus
964 1089 1063 1129 nihil
1091 1089 1325 1129 luculentius

206 1164 342 1194 contra
371 1152 551 1191 haeresim
583 1150 916 1202 Adoptianorum2

266 1207 359 1247 288.
383 1207 482 1258 Obj.
510 1206 619 1244 tertio
648 1216 692 1241 ex
720 1203 864 1240 ratione
881 1226 891 1238 .
921 1200 964 1238 In
980 1197 1130 1236 Christo
1150 1198 1221 1235 fuit
1240 1210 1324 1249 gra-

213 1266 265 1300 tia
295 1260 523 1306 habituali93
548 1258 615 1296 sed
638 1257 764 1308 :gratia
791 1252 999 1292 habitualis
1029 1252 1120 1290 facit
1149 1250 1325 1291 homines

216 1314 318 1353 fitios
348 1313 419 1352 Dei
449 1313 669 1364 adoptivos:
697 1320 786 1361 ergo
816 1307 885 1345 διο.
1173 1360 1180 1366 ·
1309 1358 1323 1365 Ὢ

269 1367 361 1418 289.
393 1367 504 1418 Hesp.
522 1394 534 1413 ,
563 1366 751 1403 minorem
782 1375 858 1400 esse
874 1372 1005 1401 veram
1037 1361 1076 1397 in
1093 1359 1227 1404 nobis,
1255 1372 1325 1410 qur.

216 1428 351 1458 natura
380 1432 457 1457 non
485 1431 613 1456 sumus
639 1415 717 1454 filii
746 1415 849 1462 Dei,
895 1427 969 1452 non
998 1422 1126 1450 autern
1170 1414 1208 1450 in
1237 1412 1326 1449 Jesu

209 1473 386 1520 Christo,
416 1472 484 1525 qui
513 1485 603 1509 cum
632 1472 678 1508 sit
694 1468 886 1508 *naturalis
902 1466 1005 1505 filius
1022 1466 1096 1504 Dei
1114 1496 1124 1515 ,
1155 1466 1326 1517 adoptio·

206 1528 270 1565 nis
299 1538 420 1576 capax
447 1538 522 1564 non
547 1533 628 1562 est:
658 1523 808 1575 adoptio
828 1523 933 1560 enim
949 1530 1001 1559 est
1017 1520 1327 1572 assumptio-per·

209 1592 310 1619 sonae
339 1588 526 1617 extraneae
556 1578 604 1616 ad
633 1577 830 1615 filiationis
859 1575 947 1627 jura
965 1601 975 1613 .

229 1648 233 1651 “
266 1645 360 1683 ⁴290.
390 1632 505 1670 Dices
522 1658 533 1670 .
559 1632 650 1669 Ideo
667 1630 839 1668 'Christus
867 1630 1011 1666 dicitur
1040 1628 1200 1679 incapax
1223 1624 1325 1663 filia-

208 1686 324 1723 tionis
353 1686 570 1735 adoptivae,
599 1685 692 1735 quia
716 1693 772 1721 ‘est
803 1681 927 1720 Filius
957 1681 1058 1728 Dei,
1100 1679 1324 1717 naturaliter

211 1737 263 1778 ab
292 1750 336 1774 eo
364 1739 542 1787 genitus,
571 1737 633 1773 sed
653 1734 826 1773 Christus
853 1748 930 1770 non
959 1743 1010 1770 est
1039 1736 1186 1783 genitus
1215 1747 1236 1769 a
1256 1731 1326 1770 Pa-

214 1800 299 1839 tre,
328 1799 513 1841 quatenus
539 1788 684 1832 *hom03
714 1801 805 1838 vergo
834 1795 1020 1838 quatenus
1049 1786 1164 1823 homo
1186 1787 1327 1837 poterit

211 1845 289 1882 dici
316 1842 444 1881 Filius
472 1842 547 1880 Dei
575 1842 801 1892 adoptivus.

230 1908 238 1922 ’
270 1908 362 1946 291.
393 1894 506 1946 Resp.
535 1895 620 1932 dist.
641 1894 767 1939 min.;
792 1891 870 1930 <hoc
901 1899 953 1930 est
983 1892 1063 1943 ipsa
1092 1899 1226 1929 natura
1253 1889 1326 1929 hn-

213 1958 432 1988 mananon
457 1957 512 1984 est
540 1948 666 1998 genita
693 1961 716 1983 a
745 1946 853 1992 Deo,
883 1957 1023 1988 conc.;
1066 1958 1225 1996 persona
1246 1975 1255 1993 ,
1285 1947 1326 1984 in

215 2016 291 2054 qua
319 2010 455 2039 natura
483 1999 655 2037 hnmana
683 1998 877 2044 subsistit,
907 2011 1010 2048 nego
1027 2023 1037 2034 .
1063 1997 1194 2036 *Unica
1215 2007 1266 2036 est
1287 1999 1327 2036 in

211 2055 361 2100 Christo
389 2066 547 2105 persona
565 2083 576 2100 ,
616 2065 741 2104 eaque
770 2051 900 2087 divina
929 2051 969 2086 in
1009 2050 1157 2087 duabus
1183 2053 1328 2089 naturis

213 2109 446 2155 subsistens,
475 2120 564 2159 quae
593 2107 721 2157 genita
751 2113 803 2141 est
830 2118 853 2140 a
883 2100 991 2139 Patre
1016 2103 1232 2139 secundum
1263 2117 1328 2140 na-

212 2171 339 2200 turam
361 2161 541 2198 *divinam
559 2189 570 2208 ,
618 2174 641 2196 a
669 2166 792 2197 matre
820 2165 947 2193 autem
977 2155 1188 2192 secundum
1219 2164 1329 2192 natu-

214 2228 299 2253 ram
328 2213 540 2252 humanam
558 2239 570 2250 .
618 2213 718 2250 Cum
747 2210 833 2249 haec
866 2222 1031 2261 >persona
1074 2210 1118 2245 sit
1146 2207 1331 2246 naturalis

213 2267 289 2308 Dei
319 2265 473 2313 Filius,
502 2279 579 2304 non
609 2265 776 2317 amplius
806 2271 924 2315 potest
955 2277 1030 2300 esse
1050 2261 1174 2299 Filius
1197 2261 1267 2298 Dei
1290 2277 1329 2299 a·

214 2321 419 2372 doptivus;
447 2318 668 2358 &Christus
698 2319 812 2356 etiam
843 2325 883 2353 ut
914 2315 1028 2353 homo
1049 2324 1100 2352 est
1116 2314 1240 2352 Filius
1257 2313 1328 2352 Dei

213 2372 430 2421 naturalis,
470 2385 551 2410 ‘non
579 2380 732 2424 propter
761 2378 938 2410 naturam
982 2369 1190 2406 humanam
1208 2398 1219 2415 ,
1267 2368 1331 2406 sed

214 2436 370 2481 propter
393 2439 622 2479 personam,
669 2425 733 2463 cui
763 2431 901 2461 natura
930 2422 1097 2460 humana
1127 2430 1179 2459 est
1209 2420 1331 2473 hypo-

216 2482 348 2520 statice
378 2481 481 2517 unita
498 2505 509 2517 .

272 2545 366 2585 992.
396 2532 512 2571 Dices
534 2531 706 2570 >secundo
723 2556 733 2569 .
772 2529 981 2575 Christus,
1013 2537 1052 2566 ut
1075 2527 1194 2566 homo
1211 2558 1221 2576 ,
1264 2542 1333 2580 ap-

214 2587 383 2639 pellatur
411 2594 560 2633 natus,
589 2597 758 2636 passus,
789 2582 1035 2635 crucifixus,
1065 2582 1098 2618 &
1130 2590 1334 2619 mortuus:

219 2654 288 2678 cur
319 2652 407 2692 ergo
431 2639 512 2677 dici
535 2639 647 2676 etiam
677 2650 750 2675 non
772 2645 888 2688 potest
904 2635 1007 2674 filius
1024 2636 1097 2674 Dei
1113 2634 1335 2687 adoptivus?

275 2694 369 2745 ¹²95·
399 2691 514 2744 Resp.
532 2721 543 2740 ,
566 2692 612 2729 -in
643 2690 714 2728 hoc
744 2704 822 2727 esse
851 2690 1087 2738 discrimen,
1114 2690 1217 2742 quod
1248 2689 1336 2726 ado-

221 2748 299 2797 ptio
328 2747 482 2797 proprie
512 2754 564 2783 est
593 2744 801 2795 assumptio
825 2756 1011 2793 personoe
1048 2751 1260 2780 extraneae
1288 2742 1336 2779 ad

225 2797 420 2837 filiationis
443 2798 558 2849 jura:
589 2811 678 2836 cum
709 2810 797 2848 ergo
826 2797 865 2833 in
886 2795 1035 2833 Christo
1063 2809 1138 2833 non
1165 2797 1235 2843 sit,
1263 2796 1335 2833 nisi

225 2863 383 2901 persona
408 2851 570 2901 divina,
607 2850 651 2887 «ἃ
679 2849 764 2889 haec
793 2848 1019 2888 filiationem
1049 2847 1186 2885 habeat
1226 2857 1335 2886 natu-

223 2902 366 2951 ralem,
395 2905 546 2957 adoptio
574 2903 730 2943 nullum
758 2901 900 2943 habere
931 2910 1050 2953 potest
1079 2900 1230 2939 locum.
1260 2901 1338 2940 Na·-

226 2956 279 2993 sci
308 2964 433 2994 autem
451 2987 461 3006 ,
490 2959 600 3010 pati,
630 2958 729 2996 mori
755 2957 990 2997 conveniunt
1014 2963 1164 2994 naturae
1193 2969 1338 2993 assum·

223 3017 302 3061 ptae
325 3033 335 3046 .

284 3060 375 3112 294.
406 3061 519 3101 Dices
547 3065 677 3103 tertio.
707 3065 748 3102 In
767 3062 1035 3102 Christo'duae
1060 3070 1152 3101 >sunt
1179 3075 1336 3114 genera-

225 3115 376 3161 tiones,
420 3127 492 3152 una
523 3127 663 3155 aeterna
693 3131 737 3155 ex
767 3116 896 3163 Patre,
942 3116 1061 3156 altera
1088 3118 1131 3156 in
1165 3125 1343 3168 tempore⁴

224 3179 274 3215 ex
303 3175 445 3212 matre3
476 3181 564 3218 ergo
591 3172 703 3208 etiam
732 3171 819 3208 duae
849 3171 1077 3210 filiationes.

282 3220 374 3273 295.
406 3218 518 3271 Resp.
550 3234 630 3272 neg.
659 3236 785 3270 cons.;
833 3238 924 3264 nam
954 3226 1153 3277 utriusque
1181 3236 1337 3275 genera-

227 3273 337 3310 tionis
365 3273 467 3311 idem
499 3281 550 3311 est
580 3277 787 3323 terminus,
835 3290 975 3328 nempe
1004 3278 1135 3316 divina
1177 3289 1338 3330 persona

229 3325 382 3375 Verbi,
414 3339 506 3377 quae
536 3326 707 3378 procedit
734 3341 757 3366 a
784 3327 892 3370 Patre
919 3330 1133 3370 secundum
1159 3339 1337 3370 naturam

785 108 867 154 DE
899 104 1149 149 INCARN.
1179 103 1403 147 DISS.11;
1433 101 1606 147 SECT.
1627 103 1707 147 111.
1740 106 1869 151 CAP.
1890 108 1924 149 Ι.

1385 182 1556 220 divinam
1584 195 1653 232 per
1682 192 1862 222 aeternam
1888 186 2168 235 generationem
2185 214 2196 234 ‚
2232 183 2491 238 procedit've'-

1385 248 1427 273 ro
1455 250 1476 272 a
1505 232 1631 272 Matre
1666 248 1734 287 per
1775 239 2052 286 generationem
2092 240 2218 276 carnis
2260 249 2489 291 assumptas:

1386 297 1547 340 utraque
1576 296 1701 325 autem
1731 291 1972 339 generatione
2000 303 2097 328 unus
2119 294 2236 331 extitit
2254 292 2377 331 Filius
2394 293 2507 330 Dei.-

1387 341 1434 380 Et
1465 341 1539 379 nisi
1570 339 1640 378 hoc
1667 341 1915 388 admittatur,
1961 343 2076 380 Beata
2103 344 2229 383 Maria
2257 345 2376 397 Virgo
2418 360 2489 385 non

1388 393 1555 445 amplius
1584 407 1734 432 summo
1763 393 1838 431 Dei
1866 395 2055 445 genitricis
2081 395 2219 434 honore
2247 400 2362 450 digna
2387 401 2461 437 -erit
2479 426 2492 438 .

1423 446 1582 486 'Coroll⁸
1613 447 1696 484 Nou
1725 446 1789 485 hic
1816 447 2095 499 disputabimus
2129 451 2312 490 adversus
2353 466 2493 506 paucos

1390 502 1574 554 quosdam
1605 499 1815 551 Theologos
1843 499 2070 548 catholicos,
2099 502 2168 553 qui
2189 504 2406 544 coufitentes
2428 520 2493 545 no-

1389 556 1540 594 biscum
1572 557 1751 593 unitatem
1782 567 1950 607 personae
1979 556 2019 594 in
2039 553 2125 593 Jesu
2140 554 2308 605 Christo,
2340 570 2491 598 conten-

1389 609 1510 658 dunt‚
1540 622 1645 659 posse
1674 623 1784 648 sensu
1813 608 2016 647 orthodoxo
2036 622 2123 648 eum
2145 607 2333 661 appellari
2348 611 2496 651 Filium

1391 661 1467 700 Dei
1495 663 1741 714 ιιλορεὶνιιηι,
1773 663 1898 700 addita
1928 662 1999 701 hac
2020 664 2251 700 restrictione
2279 665 2496 704 secundum

1391 713 1713 755 humanitatem.
1763 717 1815 753 lta
1844 717 1975 754 Scotus
1994 746 2003 764 ,
2031 716 2067 753 ἃ
2097 716 2323 765 Durandns,
2352 715 2497 770 aliique

1390 770 1506 820 pauci
1535 768 1780 817 scholastici,
1809 772 1875 822 qui
1899 771 2047 807 sortasse
2066 770 2184 821 tnagis
2199 770 2348 818 verbis,
2376 785 2497 823 quam

1393 821 1518 871 reipsa
1545 836 1568 859 a
1595 825 1789 861 communi
1806 823 2013 861 Catholicae
2030 823 2213 861 Ecclesiae
2235 824 2406 861 doctrina
2425 825 2501 862 dis-

1394 875 1584 912 sentiunt.
1631 876 1756 914 Satius
1785 886 1837 914 est
1866 887 1993 914 tamen
2023 877 2070 914 ab
2101 876 2322 927 hujusmodi
2350 877 2501 916 subtili-

1394 927 1534 965 tatibus
1575 940 1737 977 cavere,
1785 931 1926 982 qmbus
1969 932 2196 983 mysterium
2234 931 2502 970 incarnationis

1396 978 1713 1054 murmurari,
1741 983 1805 1019 sed
1832 984 1964 1036 aliqua
1993 987 2134 1023 ratione
2153 985 2276 1036 potius
2296 984 2503 1024 labefacta·

1393 1048 1427 1073 rt
1457 1043 1605 1075 Visetur
1624 1059 1635 1072 .

1825 1139 1998 1179 CAPUT
2026 1141 2076 1180 11.

1483 1244 1551 1286 De
1580 1245 1741 1286 Hoeresi
1770 1245 2064 1300 Eutychiana.
2096 1245 2198 1299 Ejus
2227 1251 2408 1300 initium,

1615 1314 1843 1354 progressus
1855 1331 1865 1351 ,
1895 1302 1944 1342 ΕΞ»
1974 1300 2283 1340 condemnatio..

1450 1407 1541 1461 296.
1556 1385 1664 1450 Vix
1692 1408 1872 1447 damnata
1901 1409 2024 1447 fuerat
2052 1408 2276 1447 Nestoriana
2305 1409 2507 1462 impietas,

1393 1475 1483 1500 cum
1513 1471 1700 1513 praetextu
1729 1461 1811 1513 ejus
1838 1460 2023 1515 reliquias
2051 1465 2199 1515 penitus
2216 1463 2430 1513 extirpandi
2451 1463 2508 1502 al-

1395 1525 1474 1553 tera
1498 1517 1642 1567 'prodiit
1672 1515 1853 1564 haeresis,
1883 1530 1958 1554 non
1989 1518 2115 1554 minus
2137 1518 2289 1568 puritati
2311 1516 2421 1555 Fidei
2436 1517 2508 1555 Ca-

1394 1569 1548 1607 tholicae
1578 1571 1778 1621 opposita,
1808 1584 1924 1622 quam
1953 1569 2201 1615 Nestoriana3
2249 1570 2405 1608 haeresis
2433 1571 2506 1609 sci-

1393 1621 1483 1660 licet
1512 1622 1779 1674 Eutychiana,
1806 1637 1894 1675 quae
1924 1625 2021 1662 sicut
2050 1636 2166 1661 unam
2197 1622 2424 1671 Personam,
2455 1625 2505 1663 ita

1395 1677 1509 1713 etiam
1540 1690 1657 1713 unam
1685 1677 1727 1714 in
1756 1677 1906 1715 Christo
1935 1686 2109 1715 naturam
2140 1677 2255 1714 fuisse
2292 1676 2507 1714 asserebat.

1387 1728 1489 1779 'Ejus
1518 1739 1646 1766 auctor
1689 1730 1762 1767 fuit
1791 1729 1986 1781 Eutyches
2029 1729 2255 1780 Presbyter,
2303 1729 2338 1764 ἃ
2368 1728 2508 1767 Archi-

1392 1783 1583 1820 mandrita
1613 1783 1656 1819 in
1695 1783 1837 1820 celebri
1868 1782 2100 1820 Monasterio
2127 1779 2508 1833 Constantinopolita-

1390 1849 1468 1884 no,
1511 1836 1580 1873 ubi
1611 1838 1785 1874 trecentis
1816 1833 2019 1874 Monachis
2061 1844 2254 1887 praeerat,
2301 1844 2412 1872 aetate
2443 1849 2509 1887 70.

1393 1902 1580 1927 annorum
1610 1888 1865 1937 venerabilis,
1892 1892 1984 1928 vitae
2000 1890 2116 1927 etiam
2132 1890 2383 1927 sanctimonia
2403 1902 2508 1927 com-

1393 1943 1619 1987 mendatris5
1644 1944 1711 1980 sed
1733 1943 1866 1981 litteris
1881 1942 2255 1989 niinime'exc'ultus3
2284 1943 2386 1980 unde
2407 1943 2506 1980 mul-

1395 2004 1480 2032 tum
1508 1994 1758 2045 imprudens,
1807 1995 1840 2031 &
1871 1997 1985 2033 nimis
2014 2000 2219 2044 imperitus
2261 2011 2283 2033 a
2311 1996 2351 2034 S.
2382 1997 2508 2034 Leone

1395 2047 1609 2100 appellatus
1639 2049 1709 2085 fuit
1740 2050 1779 2085 in
1809 2048 1934 2100 Epist.
1954 2049 2142 2086 XXVIII.
2171 2050 2217 2086 ad
2250 2049 2508 2094 Flavianum3

1396 2111 1438 2137 ut
1468 2103 1626 2151 proinde
1654 2102 1867 2139 timendum
1890 2103 2048 2140 minime
2065 2102 2214 2148 fuisset,
2243 2101 2409 2139 errorem
2432 2111 2508 2139 tam

1397 2153 1606 2189 absurdum
1632 2155 1834 2192 dilatatum
1864 2156 1940 2202 iri,
1970 2156 2043 2193 nisi
2073 2155 2318 2206 Imperatoris
2333 2153 2509 2192 'Theodo-

1397 2205 1442 2243 sii
1474 2206 1594 2242 nimia
1623 2205 1886 2256 indulgentia,
1916 2207 2142 2243 Aulicorum
2165 2207 2444 2257 quorumdam,
2475 2206 2509 2244 δε

1395 2259 1595 2310 praecipue
1622 2267 1751 2295 autem
1779 2258 2013 2309 Chrysap'hii
2041 2259 2249 2306 Eunuchi,
2280 2259 2314 2294 8(
2336 2259 2510 2299 Dioscori

1398 2311 1628 2350 Patriarchae
1645 2311 1891 2349 Alexandrini
1909 2310 2091 2349 violentia
2103 2342 2113 2360 ‚
2135 2310 2168 2347 8<
2186 2312 2397 2350 innumeris
2413 2321 2512 2364 post-

1388 2379 1442 2403 -ea
1470 2365 1671 2405 subtilium
1695 2363 2035 2418 Eutychianorum
2064 2366 2221 2417 argutiis
2251 2366 2350 2413 vires
2379 2366 2513 2418 acqui-

1396 2420 1570 2459 sivisset.

1455 2485 1546 2525 297„
1574 2471 1772 2526 Eutyches
1801 2473 1941 2525 igitur,
1988 2472 2192 2511 vehemens
2220 2470 2513 2512 Nestorianismi

1399 2527 1601 2564 insectator
1617 2557 1627 2575 ,
1651 2528 1711 2565 ita
1740 2540 1856 2564 unam
1877 2527 2089 2579 praedicare
2104 2528 2223 2579 coepit
2239 2528 2278 2564 in
2298 2525 2384 2565 Jesu
2401 2525 2515 2564 Chri-

1402 2589 1455 2617 sto
1485 2579 1714 2626 Personam,
1751 2589 1798 2617 ⁴ut
1827 2594 1888 2618 eos
1917 2579 2275 2627 anathematizaret,
2321 2582 2390 2633 qui
2419 2579 2514 2616 duas

1404 2635 1444 2671 in
1473 2634 1556 2685 ipso
1584 2633 1829 2672 admittebant
1853 2643 2035 2680 natura93
2064 2635 2173 2686 quasi
2203 2634 2241 2670 id
2272 2642 2362 2670 esset
2381 2631 2509 2670 Nesto·

1398 2687 1554 2724 *rianam
1571 2685 1744 2723 haeresim
1760 2688 1898 2724 iterum
1917 2688 2117 2726 suscitare,
2144 2686 2405 2723 'Theodoretus
2419 2696 2511 2721 cnm

1405 2740 1597 2777 nonnullis
1622 2739 1884 2777 Orientalibus
1899 2740 2100 2792 Episcopis
2113 2737 2365 2789 Eutychetem
2387 2738 2424 2774 in
2443 2749 2511 2787 op-

1405 2795 1570 2844 positum
1597 2803 1764 2828 errorem
1796 2803 1924 2845 apezrte
1953 2794 2146 2831 declinare
2174 2793 2212 2828 in
2233 2791 2347 2831 variis
2375 2791 2452 2828 suis
2472 2803 2512 2825 e-

1397 2846 1548 2898 ,pistolis
1576 2844 1773 2882 manifeste
1802 2847 2037 2890 ostenderat3
2066 2845 2128 2881 sed
2147 2844 2329 2895 quoniam
2360 2851 2514 2894 propter

1405 2900 1487 2949 ejus
1518 2898 1738 2936 inimicitias
1767 2912 1856 2936 cum
1884 2899 1925 2936 S.
1951 2896 2104 2950 ‘Cyrillo
2133 2897 2254 2935 fuerat
2274 2896 2511 2948 Nestorianae

1404 2951 1503 2990 labis
1532 2961 1752 3003 suspectus,
1795 2951 1877 3002 ejus
1905 2950 2090 2989 clamores
2118 2964 2193 2987 non
2232 2948 2513 2988 audiebantur.

1405 3005 1553 3042 Verum
1589 3013 1723 3055 postea
1765 3005 1941 3042 suecessit
1982 3005 2023 3041 in
2053 3005 2260 3042 certamine
2302 3016 2373 3055 pro
2401 3016 2518 3041 causa>

1399 3059 1477 3098 'Dei
1519 3057 1707 3096 Eusebius
1737 3056 1898 3095 Dorilaei
1941 3056 2174 3110 Episcopus,
2223 3057 2396 3096 amicitia
2434 3065 2512 3094 tam

1395 3126 1495 3151 'cnm
1523 3110 1696 3163 Cyrillo,
1733 3125 1855 3162 «quam
1886 3123 1975 3147 cum
2006 3110 2220 3164 Eutychete
2261 3109 2510 3161 conjunctus,

1405 3165 1439 3203 8<
1471 3179 1492 3203 a
1510 3164 1684 3203 Nestorio
1712 3165 1867 3201 omnino
1895 3163 2042 3202 alienus
2058 3195 2069 3212 ,
2098 3166 2165 3217 qui
2183 3164 2432 3218 Eutychetem
2454 3173 2512 3197 er-

1405 3219 1503 3257 roris
1531 3218 1589 3256 sui
1616 3219 1785 3256 “fraterno
1802 3217 1993 3255 charitatis
2022 3217 2102 3255 zelo
2119 3219 2274 3270 privatis
2290 3216 2422 3256 litteris
2441 3227 2512 3252 sae·

1404 3287 1452 3324 pe
1481 3271 1703 3317 admonuit3
1739 3272 1807 3308 -setl
1838 3286 1924 3308 cum
1956 3270 2054 3309 nihil
2086 3272 2312 3323 proficeret,
2355 3281 2444 3305 eum
2475 3268 2512 3306 in

1398 3325 1583 3378 Synndo,
1613 3339 1702 3379 quae
1732 3327 1896 3378 praeside
1924 3325 2063 3365 Sancto
2082 3324 2269 3370 Flaviano
2297 3319 2515 3414 Pargarcha

2402 3388 2466 3414 ou-
