2583 3685
290 149 370 197 ¹04

275 226 339 274 57.
369 220 460 270 Obj.
488 226 649 271 quarto.
688 218 848 258 Natura
874 219 1048 259 'humana
1074 220 1215 260 Christi
1250 235 1328 261 non

218 276 377 314 minoris
405 281 503 310 certe
531 271 721 324 diguitatis
750 282 833 320 est,
864 287 907 311 ac
936 283 1091 319 uostra3
1121 276 1225 327 atqui
1242 289 1326 327 per-

216 326 391 366 sonalitas
420 326 580 380 pertinet
598 327 645 364 ad
675 337 810 365 nostrae
832 337 976 366 naturae
997 329 1241 379 dignitatem:
1270 343 1328 366 er-

215 395 262 433 go
291 378 408 418 multo
438 380 555 430 magis
583 379 623 418 in
649 379 798 418 Christo
827 391 904 419 erat
947 395 1104 433 persona
1133 381 1327 428 hominis3

215 434 309 472 alias
338 433 421 485 ejus
449 441 581 471 natura
601 434 783 486 proprio,
811 434 845 471 δι
868 434 1002 474 ultimo
1030 437 1209 475 caruisset
1225 449 1326 475 com-

214 485 429 540 plemeutO.

271 541 335 580 58.
368 540 477 591 Resp.
507 539 546 578 S.
578 540 747 580 Thomas
775 551 911 596 quaest.
943 556 979 582 2.
1010 551 1079 581 art.
1112 556 1149 582 2.
1179 544 1226 582 ad
1257 557 1294 581 2.
1315 573 1325 592 ,

214 594 262 632 ad
292 593 475 643 majorem
505 602 652 633 naturae
683 594 861 634 humanae
899 597 1120 648 dignitatem
1162 597 1326 648 pertine-

215 661 276 693 re,
306 647 406 698 quod
436 646 567 685 existat
598 649 634 686 in
664 662 819 699 persona
847 651 1002 696 diviua,
1062 663 1150 686 uam
1180 650 1218 686 in
1238 661 1326 699 pro-

213 701 298 751 pria
329 713 514 752 persona.
544 700 600 739 Et
634 701 719 739 ideo
748 715 801 739 ex
830 702 898 738 hoc
931 706 1014 753 ipso
1032 664 1228 739 qhumana
1248 715 1323 739 na-

213 762 303 790 tura
332 753 487 806 dignior
505 764 563 792 est
592 758 633 792 in
653 755 824 802 Christo,
854 767 977 805 quam
998 757 1038 792 in
1052 753 1163 792 nobis
1179 769 1194 798 ,·
1223 755 1324 807 quod

213 808 255 843 in
285 805 415 854 nobis,
445 812 559 857 quasi
586 821 656 857 per
684 821 726 845 se
758 811 958 856 existens,
999 810 1202 859 propriam
1230 822 1321 860 per-

212 860 471 898 sonalitatem
501 859 615 899 habet
630 875 645 906 ,-
691 865 732 899 in
765 860 917 901 Christo
945 869 1083 900 autem
1119 864 1251 900 existit
1281 866 1323 900 in

212 925 385 965 persona
421 912 558 955 Verbi.

270 968 334 1019 59.
364 969 451 1005 lust.
488 967 529 1005 Si
560 967 774 1008 humanitas
802 967 941 1007 Christi
984 982 1053 1019 per
1094 969 1257 1021 seipsam
1286 970 1325 1007 in

212 1021 367 1072 propria
396 1034 552 1073 persona
582 1036 653 1060 non
683 1022 876 1071 subsistit,
919 1022 1119 1060 individua
1155 1022 1325 1061 substan·

210 1074 262 1111 tia
290 1087 364 1112 non
394 1083 474 1113 est:
521 1074 720 1114 definiente
762 1076 866 1113 enim
895 1075 1022 1112 Boetio
1051 1076 1091 1112 iu
1122 1074 1240 1113 Libro
1278 1075 1326 1116 de

212 1125 361 1164 duabus
390 1131 570 1177 naturis,
606 1128 655 1169 ὡ
684 1141 767 1166 υηα
795 1141 967 1179 persona
999 1126 1159 1176 Christi,
1190 1142 1211 1164 a
1240 1143 1323 1180 per·

211 1193 300 1219 sona
318 1181 359 1219 fit
375 1181 582 1220 substantia
597 1181 797 1220 individua
817 1197 830 1225 ‚·
858 1183 980 1234 inquit
996 1183 1124 1219 enim:
1152 1194 1324 1231 persona

212 1242 269 1272 est
285 1236 496 1274 rationalis
516 1245 678 1274 naturce
706 1234 906 1273 individua
933 1234 1180 1272 substantia:
1217 1238 1323 1287 atqui

212 1289 317 1326 nefas
331 1297 382 1327 est
410 1290 556 1337 dicere,
587 1288 862 1327 humanitatem
890 1288 1028 1327 Christi
1044 1302 1118 1326 non
1135 1302 1211 1326 esse
1235 1290 1323 1328 sub-

213 1343 386 1379 stantiam
404 1343 642 1381 individuam
660 1357 670 1387 ;
691 1352 770 1380 tum
786 1342 878 1395 quia
901 1351 940 1379 ut
957 1342 1217 1381 Damascenus
1232 1343 1324 1383 dicit

210 1392 283 1432 lib.
306 1395 343 1433 5.
373 1395 420 1432 de
435 1395 528 1446 fide
555 1394 704 1433 orthod.
734 1409 819 1447 cap.
854 1408 914 1433 ιι.
943 1404 1093 1433 natura
1123 1399 1321 1435 universa-

210 1446 257 1484 lis
286 1461 366 1485 non
396 1447 564 1485 subsistit
592 1448 810 1485 secundum
839 1461 902 1497 se,
932 1449 1001 1486 sed
1030 1453 1071 1486 in
1091 1449 1200 1487 nuda
1230 1463 1322 1487 con-

209 1501 467 1552 templatione
495 1501 770 1540 consideratur
785 1517 802 1547 ;
829 1511 911 1540 tum
933 1503 1046 1540 etiam
1062 1504 1154 1555 quia
1175 1504 1205 1541 si
1225 1503 1321 1541 Ver-

209 1553 303 1592 bum
333 1557 589 1608 assumpsisset
610 1564 786 1594 naturam
807 1554 1016 1594 humanam
1034 1556 1294 1595 universalem
1309 1588 1320 1606 ,

209 1617 428 1659 sequeretur
448 1639 459 1658 ,
497 1608 708 1662 quemlibet
736 1608 933 1650 hominem
964 1623 1041 1649 esse
1069 1610 1221 1649 Deum:
1262 1623 1322 1648 er-

208 1674 255 1713 go
283 1661 354 1701 &c-

264 1714 331 1753 60.
361 1715 473 1768 Resp.
502 1715 544 1755 S.
575 1716 745 1755 Thomas
773 1716 820 1755 ad
850 1730 909 1766 2.,
938 1715 1115 1755 Verbum
1144 1716 1323 1756 divinum

210 1776 310 1805 certe
339 1781 413 1807 non
440 1771 682 1821 assumpsisse
710 1778 885 1808 naturam
927 1768 1138 1810 humanam
1168 1774 1207 1808 in
1237 1775 1324 1809 uni-

211 1822 380 1868 versali,
410 1820 480 1859 sed
507 1824 547 1858 in
576 1831 733 1871 atomo,
763 1832 803 1861 ut
832 1823 1000 1875 loquitur
1029 1824 1069 1861 S.
1090 1825 1148 1862 J0.
1178 1825 1322 1863 Dama—

211 1887 342 1912 scenus
371 1874 454 1913 loco
473 1874 600 1913 laud..
630 1876 840 1914 Sciendum
861 1885 913 1914 est
941 1886 1066 1914 tamen
1086 1907 1096 1925 ,
1126 1877 1227 1927 quod
1241 1891 1324 1915 non

212 1926 402 1977 quodlibet
429 1927 670 1966 individuum
699 1933 740 1967 in
759 1942 906 1981 genere
935 1928 1167 1968 substantioe
1197 1935 1322 1968 etiam

209 1985 252 2018 in
281 1980 472 2017 rationali
498 1989 679 2030 natura,
721 1981 838 2020 habet
875 1987 1073 2021 rationem
1113 1996 1322 2034 personce,

211 2033 281 2073 sed
308 2034 436 2071 solum
464 2033 583 2081 illud,
613 2033 714 2084 quod
740 2048 810 2084 per
827 2048 871 2073 se
889 2039 1045 2084 existit,
1075 2049 1156 2074 non
1184 2047 1323 2075 autem

211 2086 314 2140 quod
340 2090 474 2125 existit
493 2090 535 2124 in
563 2087 644 2124 alio
662 2086 916 2138 perfectiori.
950 2087 1064 2126 Unde
1084 2102 1231 2128 manus
1252 2091 1322 2128 So-

209 2145 335 2180 cratis
355 2171 366 2191 ,
408 2144 587 2192 quamvis
615 2143 665 2178 sit
691 2139 893 2192 quoddam
930 2140 1168 2178 individuum
1185 2172 1197 2189 ,
1240 2157 1323 2180 non

210 2204 352 2233 tamen
381 2203 439 2233 est
465 2206 659 2245 persona,
688 2198 782 2244 quia
810 2207 893 2232 non
911 2207 980 2246 per
999 2208 1041 2232 se
1061 2198 1222 2243 existit,
1253 2196 1323 2233 sed

211 2252 253 2286 in
281 2247 453 2300 quodam
482 2247 732 2298 perfectiori,
762 2249 909 2286 scilicet
939 2252 980 2286 in
1008 2261 1077 2286 suo
1096 2256 1232 2287 toto...
1253 2248 1323 2286 Li-

210 2310 272 2339 cet
300 2315 395 2354 ergo
422 2300 506 2339 haec
536 2300 717 2338 humana
738 2310 888 2339 natura
916 2305 965 2339 sit
993 2301 1193 2352 quoddam
1222 2301 1330 2340 indi-v

210 2354 368 2395 viduum
396 2358 437 2391 in
463 2367 609 2407 genere
645 2353 904 2399 substantiae;
946 2358 1039 2406 quia
1073 2363 1213 2392 tamen
1243 2369 1323 2393 non

212 2421 282 2461 per
309 2422 352 2447 se
379 2411 599 2459 separatim
629 2412 760 2445 existit
777 2439 788 2457 ,
824 2408 893 2446 sed
920 2411 962 2445 in
989 2407 1164 2458 quodam
1193 2408 1324 2461 perfe-

212 2466 324 2501 ctiori
344 2492 354 2511 ,
383 2462 531 2499 scilicet
552 2465 593 2499 in
621 2472 793 2510 persona
809 2460 886 2500 Dei·
909 2459 1024 2499 Verbi
1039 2491 1050 2510 ,
1080 2474 1324 2513 consequens

212 2525 272 2555 est
287 2525 307 2563 ,'
327 2515 429 2567 quod
457 2529 537 2552 non
566 2514 679 2553 habet
708 2515 1036 2566 personalitatem
1063 2519 1295 2567 pnopriam.

266 2569 332 2608 61.
363 2569 412 2607 Et
440 2568 566 2607 adhuc
613 2567 754 2607 clarius
789 2570 829 2607 in
869 2577 940 2607 art.
969 2569 1009 2608 3.
1037 2568 1084 2606 ad
1116 2581 1153 2607 2.
1182 2567 1324 2622 Hypo-

210 2626 356 2672 stasis,
391 2626 541 2674 inquit,
582 2621 786 2675 significat
813 2621 1080 2661 substantiam
1109 2623 1325 2674 particula·

211 2690 326 2725 rem,
369 2689 450 2713 non
489 2688 731 2727 quocumque
760 2675 903 2724 modo,
945 2676 1014 2714 sed
1055 2686 1168 2726 prout
1196 2686 1256 2714 est
1283 2681 1326 2714 in

215 2743 283 2768 suo
311 2729 598 2781 complemento
618 2744 633 2774 ,-
661 2728 879 2767 secundum
907 2732 997 2767 vero
1024 2728 1125 2781 quod
1153 2733 1254 2768 venit
1283 2734 1325 2767 in

216 2788 400 2823 unionem
437 2784 607 2837 alicujus
648 2786 782 2836 magis
821 2783 1032 2834 completi,
1074 2795 1156 2822 non
1184 2782 1325 2822 dicitur

263 2955 462 2993 Notandum
485 2967 537 2993 est
571 2960 680 2994 etiam
697 2982 707 3001 ,
744 2960 820 2994 falli
846 2971 903 2994 eos
940 2957 1161 3004 Theologos,
1197 2960 1258 3005 qui
1285 2968 1325 2994 ut

220 3001 366 3046 probent
385 3025 395 3043 ‚
417 3004 874 3051 doctrinam'Chx-ysostomi
900 3018 973 3040 esse
998 3005 1162 3040 Nestorio
1186 3016 1327 3040 contra-

219 3048 309 3099 riam
325 3069 336 3087 ,
363 3049 506 3085 afferunt
530 3053 607 3097 ejus
632 3054 739 3087 verba
765 3054 799 3086 in
826 3053 955 3087 celebri
980 3053 1126 3098 epistola
1153 3052 1195 3086 ad
1210 3054 1326 3086 Caesa-

218 3105 312 3145 rium
339 3095 571 3131 Monachum.
599 3100 697 3132 Hanc
723 3100 906 3144 epistolam
933 3100 1041 3132 latine
1064 3110 1203 3132 versam
1217 3100 1252 3132 in
1269 3099 1326 3131 Bi-

220 3139 393 3191 bliotheca
419 3141 573 3177 Medicea
597 3145 718 3179 Petrus
744 3147 886 3191 Martyr
916 3146 1074 3185 invenit,
1110 3157 1178 3179 non
1210 3154 1327 3178 tamen

219 3186 351 3238 publici
376 3186 466 3230 Jnris
493 3189 594 3221 fecit·
633 3190 802 3225 Eamdem
828 3193 943 3237 primo
967 3193 1038 3225 suis
1066 3190 1187 3226 Variis
1214 3192 1329 3226 sacris'

220 3241 367 3264 inseruit
406 3233 598 3275 Stephanus
625 3237 670 3268 Le
695 3239 851 3282 Moyne,
884 3242 915 3271 δι
940 3246 1060 3283 postea
1095 3239 1171 3271 Jac.
1198 3239 1328 3272 Basna-

221 3277 296 3321 gius
321 3290 400 3310 ann.
432 3279 531 3321 1087.
559 3279 792 3316 Rotterodami
819 3284 951 3318 edidit:
989 3296 1069 3317 cnm
1094 3297 1164 3329 quo
1189 3293 1328 3329 propte-

219 3335 278 3356 rea
305 3324 562 3358 illustrissimus
588 3326 746 3360 Mai-chio
770 3330 934 3374 Maffejus
972 3342 1040 3363 non
1066 3330 1329 3364 levemahabuit·

220 3371 535 3405 concertationem.
572 3372 754 3407 Invenitur
786 3377 892 3410 etiam
916 3377 953 3409 in
977 3377 1144 3420 Operibus
1170 3376 1323 3410 Selectis

799 142 880 185 DE
915 132 1164 184 INCARN;
1196 140 1363 185 SEc'r.
1386 143 1443 186 11.
1475 143 1620 188 DISS.
1641 147 1718 190 111.
1739 142 1878 193 'CAR
1899 151 1934 193 Ι.

1395 221 1642 274 hypostasis,
1671 229 1770 262 sicut
1800 240 1973 276 manus,
2014 228 2073 266 vel
2099 224 2195 279 pes.
2238 227 2294 267 Et
2321 227 2520 269 similiter·

1395 274 1575 314 humana
1617 286 1766 315 natura
1809 282 1849 316 in
1882 278 2064 329 Christo,
2101 287 2279 334 quamvis
2321 287 2369 320 sit
2413 282 2503 320 sub-

1394 333 1547 367 stantia
1575 330 1849 381 particularis,
1897 336 1990 383 quia
2016 343 2158 372 tamen
2186 340 2287 374 venit
2316 340 2356 373 in
2391 339 2501 374 unio-

1395 396 1489 421 nem
1518 382 1732 436 cujusdam
1758 385 1968 436 completi,
2011 387 2157 426 scilicet
2184 394 2300 427 totius
2333 388 2499 438 Christi,

1395 446 1507 489 prout
1537 445 1595 475 est
1624 436 1734 475 Deus
1755 466 1767 485 ,
1795 436 1844 477 (θ’
1874 436 2014 486 homo,
2057 452 2137 477 non
2165 451 2290 490 potest
2321 443 2397 480 dici
2427 442 2502 495 hy-

1394 495 1589 541 postasis,
1619 490 1676 528 vel
1703 493 1943 541 suppositum
1959 506 1973 535 ‚·
2015 491 2086 528 sed
2113 492 2207 530 illud
2235 496 2502 543 complemen-

1395 553 1480 581 tum
1501 575 1511 592 ,
1555 543 1609 582 ad
1641 543 1741 595 quod
1770 548 1995 592 concurrit,
2040 543 2180 581 dicitur
2201 558 2287 583 esse
2316 545 2502 598 hyposta-

1394 602 1448 636 sis
1465 628 1476 646 ,
1502 598 1562 636 vel
1591 601 1831 648 suppositum
1850 621 1860 634 .

1446 651 1512 689 62.
1542 651 1720 699 Quaeres,
1756 664 1804 688 an
1833 649 2155 702 quemadmodum
2175 652 2223 689 :in
2250 651 2398 690 Christo
2427 663 2502 691 nou

1393 703 1602 743 admittitur
1630 706 1702 743 nisi
1733 718 1808 742 uua
1850 716 2033 756 persona,
2078 705 2129 742 ita
2157 718 2223 742 nec
2265 705 2411 743 admitti
2439 705 2505 742 de-

1391 756 1504 805 beat,
1532 759 1607 796 nisi
1638 771 1711 796 una
1740 756 1949 809 hypostasis
1971 787 1982 805 ,
2022 757 2056 792 8(
2086 771 2204 796 unum
2232 755 2503 810 suppositum?

1446 809 1512 849 65.
1544 810 1655 864 Resp.
1678 841 1689 860 ,
1727 811 1899 849 eamdem
1930 823 2082 862 prorsus
2111 825 2187 849 esse
2217 813 2401 849 rationem
2431 810 2504 863 hy-

1394 861 1577 914 postasis,
1607 863 1668 904 vel
1697 864 1907 917 suppositi,
1937 878 1980 902 ac
2010 877 2211 916 personam
2241 863 2275 901 ἃ
2303 873 2504 917 propterea

1392 929 1456 953 nos
1484 918 1698 968 promiscue
1735 918 1795 956 his
1831 917 1952 956 tribus
1994 918 2210 956 nominibus
2254 919 2311 956 usi
2341 931 2506 959 sumus·

1394 969 1564 1007 Advertit
1604 979 1730 1009 tamen
1759 971 1801 1010 S.
1830 970 1998 1009 Thomas
2045 969 2116 1009 hac
2159 985 2225 1023 qu.
2258 985 2294 1010 2.
2332 980 2401 1009 art.
2432 971 2470 1010 5.
2491 999 2505 1019 ,

1393 1022 1508 1060 fuisse
1535 1023 1718 1074 quosdam
1747 1024 1814 1075 qui
1850 1023 1939 1062 licet
1967 1025 2246 1073 concederent,
2289 1026 2328 1062 in
2357 1023 2506 1063 Christo

1394 1089 1511 1113 unam
1540 1076 1671 1112 solam
1700 1089 1776 1113 esse
1804 1090 2002 1125 personam
2019 1105 2030 1124 ‚
2077 1077 2266 1130 ponebant
2308 1086 2436 1116 tamen
2465 1092 2506 1116 a·

1393 1128 1486 1166 liam
1518 1128 1753 1180 hypostasim
1783 1128 1889 1176 Dei,
1918 1129 1952 1166 &
1981 1131 2098 1170 aliam
2126 1130 2293 1170 hominis
2313 1156 2324 1168 .
2356 1131 2404 1169 Et
2432 1140 2505 1170 art.

1393 1181 1432 1220 6.
1465 1181 1642 1233 Quidam
1673 1183 1688 1233 (
1719 1179 1894 1231 Magistri
1922 1182 1938 1230 )
1969 1183 2093 1234 inquit
2113 1213 2126 1231 ,
2152 1193 2432 1223 concesserunt
2460 1197 2504 1221 u-

1391 1248 1492 1274 nam
1525 1234 1667 1273 Christi
1694 1246 1910 1287 personam
1928 1263 1938 1282 ,
1967 1235 2038 1273 sed
2065 1247 2273 1285 posuerunt
2301 1237 2401 1276 duas
2430 1237 2504 1291 hy-

1390 1298 1570 1340 postases
1586 1319 1598 1338 ,
1626 1293 1704 1327 sire
1724 1287 1800 1326 duo
1819 1291 2020 1338 supposita
2037 1318 2048 1336 ,
2077 1288 2274 1338 dicentes,
2303 1289 2505 1330 hominem

1390 1343 1607 1395 quemdam
1636 1346 1896 1394 compositum
1926 1354 1979 1379 ex
2007 1354 2196 1394 corpore,
2224 1342 2274 1383 ζῇ·
2303 1347 2445 1381 anima
2474 1357 2505 1382 a

1389 1401 1577 1448 principio
1608 1411 1692 1436 suae
1708 1398 1970 1447 conceptionis
2000 1408 2087 1435 esse
2106 1404 2355 1449 assumptum
2375 1408 2403 1433 a
2418 1395 2507 1435 Deo

1393 1450 1519 1490 Verbo
1541 1477 1552 1489 .

1444 1504 1511 1551 64.
1541 1505 1649 1544 Hanc
1678 1514 1803 1544 autem
1833 1504 2087 1557 quorumdam
2108 1504 2331 1558 opinionem
2351 1516 2427 1542 esse
2447 1515 2507 1541 er-

1390 1572 1545 1597 roneam
1573 1558 1718 1611 triplici
1747 1571 1792 1597 ex
1812 1559 1935 1610 capite
1964 1559 2123 1596 ostendit
2142 1556 2345 1609 Angelicus
2373 1566 2444 1595 art.
2466 1556 2507 1596 5.

1390 1611 1520 1651 Primo
1547 1613 1641 1665 quia
1668 1625 1829 1665 persona
1857 1625 1934 1650 non
1963 1611 2066 1651 addit
2094 1624 2208 1663 super
2245 1610 2508 1663 hypostasim,

1389 1666 1463 1703 nisi
1492 1666 1778 1704 determinatam
1796 1675 1969 1704 natu-ram
1985 1695 1996 1713 ‚
2026 1663 2170 1704 scilicet
2189 1664 2440 1710 rationalem3
2470 1662 2507 1700 ἃ

1390 1719 1475 1757 ideo
1501 1720 1603 1757 idem
1633 1728 1685 1758 est
1712 1718 1918 1757 attribuere
1946 1719 2141 1772 propriam
2170 1717 2405 1770 hypostasim
2433 1716 2508 1754 hu·

1390 1786 1517 1810 manae
1548 1782 1693 1810 naturae
1723 1774 1762 1810 in
1790 1772 1965 1820 Christo,
1994 1786 2039 1809 ac
2068 1771 2276 1809 attribuere
2306 1770 2506 1821 propriam

1389 1838 1588 1878 personam
1602 1852 1611 1865 .
1634 1826 1834 1878 Propterea
1854 1824 1978 1862 Patres
1992 1824 2160 1862 Concilii
2176 1823 2224 1860 V.
2240 1821 2376 1860 Collat.
2399 1821 2505 1862 VIII.

1389 1893 1473 1916 can.
1506 1880 1542 1916 5.
1573 1887 1777 1931 utrumque
1806 1880 2107 1925 damnaverunt,
2135 1876 2323 1914 dicentes:
2353 1875 2505 1927 Siquis

1391 1931 1636 1970 introducere
1652 1943 1814 1970 conetur
1842 1935 1882 1968 in
1913 1935 2109 1984 mysterio
2132 1929 2274 1968 Christi
2294 1928 2395 1967 duas
2415 1927 2502 1967 sub-

1389 1988 1630 2036 sistentias(
1659 1983 1883 2028 umbramus·
1913 1983 1952 2033 )‚
1981 1998 2051 2024 seu
2079 1983 2180 2022 duas
2206 1995 2428 2035 personas,
2456 1995 2504 2022 a-

1390 2038 1588 2076 nathema
1616 2041 1692 2075 sit.
1904 2068 1906 2071 .

1445 2091 1511 2130 65.
1541 2090 1739 2137 Secundo,
1769 2091 1861 2142 quia
1889 2092 1920 2130 si
1949 2091 2058 2130 detur
2079 2121 2090 2139 ,
2120 2092 2220 2143 quod
2249 2104 2407 2143 persona
2434 2090 2509 2131 ali-

1390 2145 1484 2196 quid
1513 2145 1624 2183 addat
1651 2156 1766 2195 supra
1786 2143 2021 2197 hypostasim
2038 2174 2049 2193 ,
2079 2143 2149 2181 hoc
2178 2158 2249 2181 nou
2271 2146 2342 2182 etit
2368 2144 2503 2194 aliud,

1390 2210 1508 2248 quam
1536 2198 1700 2247 dignitas
1728 2198 1932 2248 quaedam:
1960 2199 1992 2235 si
2022 2209 2110 2249 ergo
2138 2198 2227 2235 unio
2254 2197 2417 2234 duarum
2439 2212 2506 2236 na-

1390 2258 1564 2287 turarum
1593 2250 1693 2287 facta
1720 2251 1766 2286 sit
1796 2252 1833 2288 iu
1863 2263 2045 2301 persona,
2090 2249 2123 2286 ἃ
2154 2262 2227 2287 non
2257 2249 2297 2287 in
2328 2247 2504 2301 hyposta-

1391 2304 1421 2340 si
1445 2332 1455 2351 ,
1485 2315 1717 2354 consequens
1747 2303 1838 2349 erit,
1867 2302 1969 2354 quod
1997 2316 2071 2340 non
2102 2303 2200 2339 facta
2227 2302 2273 2338 sit
2302 2303 2419 2349 unio,
2449 2303 2507 2341 ni-

1391 2356 1421 2393 si
1451 2356 1661 2394 secundum
1676 2356 1900 2406 dignitatem
1917 2356 2124 2407 quamdam
2141 2381 2152 2393 .
2182 2353 2265 2391 Hoc
2294 2362 2420 2392 autem
2439 2355 2507 2393 da-

1391 2418 1567 2447 mnatum
1597 2409 1668 2447 fuit
1696 2424 1720 2447 a
1748 2408 1790 2446 S.
1818 2408 1968 2460 cyrillo
1996 2407 2254 2446 Alexandrino
2280 2407 2322 2444 in
2351 2407 2509 2447 anathe-

1391 2463 1568 2501 matismo
1587 2464 1695 2501 tertio
1724 2460 1783 2500 his
1812 2461 1956 2500 verbis:
1994 2461 2037 2499 Si
2065 2465 2149 2514 quis
2177 2465 2218 2498 in
2248 2473 2324 2498 uno
2357 2459 2508 2501 Christo

1390 2515 1523 2554 dividit
1549 2514 1823 2554 subsistentias
1855 2525 1941 2567 post
1973 2514 2291 2562 adunationem,
2320 2515 2408 2552 sola
2441 2528 2506 2554 co-

1390 2570 1534 2621 pulans
1561 2583 1634 2608 eas
1662 2571 1965 2622 conjunctione,
2013 2582 2102 2621 quoe
2130 2567 2348 2607 secundum
2378 2567 2509 2622 digni.

1391 2631 1520 2661 tatem
1549 2623 1793 2674 quamdam,
1836 2624 1892 2661 vel
1920 2627 2201 2661 auctoritatem
2239 2631 2319 2670 est,
2362 2623 2418 2660 vel
2445 2636 2508 2660 se-

1391 2676 1567 2715 cundum
1594 2680 1815 2728 potentiam
1832 2706 1843 2724 ,
1872 2677 1923 2717 <9⁶
1951 2689 2031 2713 non
2047 2680 2180 2729 magis
2200 2687 2415 2721 concursu,
2444 2686 2505 2712 se-

1391 2730 1565 2770 cundum
1585 2729 1876 2768 adunationem
1894 2730 2126 2767 naturalem
2142 2759 2154 2778 ,
2183 2727 2406 2767 anathema
2434 2730 2508 2766 sit·

1445 2783 1509 2825 66.
1541 2782 1692 2833 Tertio,
1722 2784 1814 2835 quia
1841 2792 1986 2823 tantum
2016 2782 2223 2835 hypostasis
2253 2789 2331 2828 est,
2374 2781 2436 2818 cui
2464 2793 2506 2818 o-

2385 2847 2453 2885 Pe·

1393 2959 1429 2993 P.
1453 2958 1508 2993 Jo.
1535 2954 1705 2991 Harduini
1730 2956 1982 2992 Amsteiodami
2005 2966 2107 3000 ¹709·
2133 2956 2171 2989 In
2196 2953 2358 2988 omnibus
2384 2961 2506 2988 tamen

1391 3005 1487 3039 hisce
1509 3003 1724 3038 editionibus
1748 3006 1850 3049 plura
1877 3002 2001 3036 menda
2025 3010 2279 3042 occurrerunt,
2315 3013 2392 3045 quae
2419 3000 2506 3034 sub—

1394 3052 1466 3085 lata
1501 3052 1596 3083 fuere
1622 3051 1655 3083 in
1681 3049 1831 3083 editione
1857 3050 2041 3082 parisiensi
2066 3060 2146 3082 ann.
2176 3059 2277 3092 ¹7²¹·
2305 3046 2370 3080 Sed
2402 3044 2506 3080 modo

1395 3097 1520 3132 Critici
1546 3097 1615 3129 fer-e
1641 3097 1872 3136 conveniunt,
1897 3095 1986 3128 hanc
2011 3096 2194 3140 epistolam
2220 3106 2292 3127 esse
2318 3093 2508 3138 suppositi-

1397 3146 1482 3179 tiam
1501 3165 1511 3184 ‚
1551 3151 1589 3176 ut
1616 3141 1759 3187 proinde
1784 3155 1825 3175 ex
1851 3154 1890 3174 ea
1916 3151 2037 3175 contra
2062 3141 2265 3175 Nestorium
2303 3152 2370 3173 non
2395 3138 2506 3183 possit

1395 3192 1515 3224 efficax
1541 3188 1620 3222 duci
1646 3198 1917 3233 argnrnentum3
1953 3197 1991 3221 ut
2018 3189 2133 3233 reipsa
2170 3199 2210 3222 ea
2247 3187 2298 3221 usi
2326 3198 2394 3219 non
2420 3189 2501 3216 sunt

1396 3236 1577 3282 CyriHus,
1603 3235 1731 3279 aliique
1757 3235 1874 3268 Patres
1890 3256 1902 3275 ‚
1928 3235 1988 3278 qni
2015 3244 2136 3268 contra
2150 3234 2353 3267 Nestorium
2377 3240 2503 3275 pugna-

1395 3291 1496 3316 runt.
1522 3279 1602 3314 Vid.
1629 3281 1830 3326 Remigium
1856 3281 1998 3316 Ceillier
2022 3280 2124 3317 Hist·
2150 3279 2291 3316 Eccles·
2318 3278 2417 3312 Tom·
2438 3274 2502 3307 lXa

1393 3341 1472 3376 pag.
1497 3326 1554 3371 45.
