2583 3685
752 100 992 145 ANGELI
1028 100 1252 144 CREATI
1286 99 1351 143 IN
1384 98 1616 145 GRATJA
1638 131 1648 143 .
2231 113 2282 152 25

121 186 208 242 195·-
238 183 338 224 Hinc
377 183 490 223 etiam
519 180 738 221 Concilium
770 181 1039 220 Tridentinum
1069 181 1170 220 sess.

67 243 115 282 V.
143 243 236 279 Gan.
262 253 295 277 1·
324 238 371 276 de
402 237 582 284 homine,
612 244 721 288 prout
750 250 771 272 a
804 236 884 273 Deo
912 245 1057 273 creatus
1086 243 1136 273 est
1156 264 1169 283 ,

63 295 220 348 loquens
247 292 368 340 dicit,
412 303 500 328 eum
532 291 646 327 fuisse
674 293 715 327 in
743 294 987 335 sanctitate,
1029 290 1078 329 <J
1102 291 1169 379 {u-

61 342 168 391 th
187 349 458 392 constitutum,
478 343 667 382 abstinens
688 358 708 380 a
729 343 946 381 definienda
964 342 1031 379 illa
1050 341 1098 379 Sc
1118 356 1169 378 ›0-

62 400 279 439 leuticorum
309 399 589 443 controversia,
628 411 675 435 an
707 396 849 435 scilicet
879 396 990 433 suerit
1022 396 1057 432 in
1088 395 1167 447 ipsa

60 456 180 507 gratia
208 462 381 501 creatus,
411 467 459 490 an
490 465 578 488 vero
605 452 729 502 gratia
761 458 839 502 post
869 449 1097 486 creationem
1128 464 1163 485 e-

59 515 236 546 xornatus
258 533 267 544 .
311 506 455 546 Eadem
485 513 610 543 antem
643 505 790 542 videtur
819 503 936 552 rane,
979 510 1166 553 quantum

58 561 104 601 ad
126 559 206 599 ‘hoc
234 561 422 612 pertinet,
452 558 716 610 Angelorum,
745 557 778 592 ἃ
809 554 1003 593 hominis.

122 614 208 666 196.
238 613 350 652 Nunc
379 612 547 652 breviter
589 609 822 649 discutienda
851 617 933 646 sunt
962 622 1161 660 argumen-

56 677 122 717 ta,
164 666 306 720 quibus
334 666 490 720 probari
519 666 694 711 videtur,
738 675 808 700 non
848 660 972 700 solum
1005 662 1166 714 Angelos

56 735 129 760 non
156 722 276 760 *fuisse
305 722 343 758 in
371 721 491 772 gratia
521 716 776 757 sanctificante
805 725 974 764 creatos,
1013 717 1075 755 sed
1106 731 1165 756 eos

63 776 211 823 etiam,
253 774 320 826 qui
352 771 502 827 reprobi
547 773 725 818 suerunt,
763 769 809 807 ad
840 783 923 806 eam
966 784 1164 822 nunquam

56 829 300 881 pervenisse.
330 826 379 866 Et
410 827 534 879 primo
561 823 802 875 objiciuntur
832 823 949 861 verba
977 823 1064 862 Job.
1095 824 1164 863 IV.

61 881 123 922 18.
154 880 221 919 ubi
252 881 356 918 enim
385 879 560 930 vulgatus
589 886 707 916 noster
730 872 921 930 Interpres
951 876 1086 916 liabet:
1116 879 1165 919 <9¹

58 939 97 973 in
117 933 282 986 Angelis
310 936 390 971 suis
418 935 561 983 reperit
589 933 831 983 pravitatem
848 960 859 978 ‚
888 930 1010 984 aliqui
1032 931 1164 984 legun-

53 998 116 1027 tur
159 1000 204 1026 ex
232 985 412 1024 hebraico
442 985 565 1024 fonte:
608 985 658 1026 Φ
686 987 728 1022 in
757 983 920 1037 Angelis
962 989 1041 1024 suis
1085 999 1165 1023 non

56 1045 182 1090 posuit
211 1034 400 1089 lauelem''‚
429 1038 489 1078 vel
520 1039 681 1083 lncem5
712 1038 803 1076 idest
831 1040 1015 1090 gratiam,
1045 1053 1164 1092 qnam

53 1096 208 1134 nomine
237 1093 334 1132 lucis
362 1105 638 1146 nonnunquam
669 1092 708 1130 in
738 1092 853 1131 sacris
887 1091 1020 1131 litteris
1048 1094 1165 1144 signi-

54 1144 162 1187 ficari
192 1141 398 1194 novimus'3
430 1155 471 1185 ut
500 1146 597 1184 illud
618 1145 659 1184 S.
679 1144 790 1183 Pauli
820 1145 866 1183 de
894 1145 1004 1198 justis
1019 1147 1163 1184 dictum

58 1216 91 1241 ι..
123 1200 293 1240 Thessal.
326 1199 374 1238 V.
407 1199 444 1241 5.
489 1199 643 1239 Omnes
672 1212 737 1236 ros
766 1197 850 1251 filii
897 1200 994 1237 lucis
1041 1205 1159 1249 estis,

51 1254 195 1299 scilicet
251 1267 291 1293 er
319 1254 480 1306 gratiam
509 1253 612 1294 Dei.

111 1322 199 1362 ¹97.
224 1269 415 1345 greater-ea
434 1305 476 1343 S.
490 1305 723 1356 AugustInus
753 1305 791 1343 in
813 1305 901 1344 Lib.
924 1307 955 1344 I.
985 1306 1033 1345 <le
1057 1306 1160 1347 Gen.

50 1361 107 1401 ad
127 1363 199 1402 litt.
214 1361 354 1412 saepius
369 1359 496 1406 docet,
528 1358 690 1409 Angelos
711 1359 837 1410 primo
858 1360 1037 1399 informes
1058 1375 1163 1399 crea—

46 1423 134 1464 tos,
175 1422 290 1466 atque
318 1427 340 1448 a
367 1410 506 1462 Moyse
534 1412 748 1462 indigitatos
775 1411 848 1449 sub
886 1414 1042 1451 nomine
1076 1414 1162 1452 Coe-

60 1468 106 1514 li,
134 1474 217 1517 post
245 1472 371 1502 autem
403 1463 584 1500 formatos
604 1492 615 1510 ‚
655 1465 784 1514 ntique
812 1479 881 1516 per
907 1467 1068 1515 gratiam
1087 1497 1097 1514 ‚
1128 1468 1162 1504 8(

53 1533 76 1557 a
93 1516 231 1570 Moyse
258 1514 471 1569 appellatos
492 1514 671 1559 Lucem‚·
702 1516 802 1553 unde
830 1518 945 1555 etiam
964 1521 1136 1571 sequitur
1153 1549 1163 1567 ‚

48 1572 203 1625 quando
237 1570 379 1608 dicitnr
405 1568 513 1607 Deus
540 1569 714 1607 divisisse
756 1566 885 1608 lucem
914 1584 936 1607 a
966 1571 1129 1610 tenebris
1151 1603 1163 1620 ,

50 1623 295 1663 tenebrarum
315 1622 469 1662 nomine
490 1624 620 1661 venire
641 1621 801 1674 Angelos
818 1623 953 1671 malos,
971 1638 1014 1662 ac
1036 1626 1163 1677 proin·

47 1679 94 1719 de
123 1691 183 1716 eos
211 1677 258 1716 ad
287 1677 415 1716 lucem
442 1677 576 1729 gratiae
606 1690 801 1728 nunquam
831 1678 1047 1730 pervenisse
1068 1705 1079 1718 .

63 1762 66 1768 ,
110 1730 197 1784 198.
227 1731 384 1769 Accedit
414 1731 522 1768 tertio
563 1731 766 1767 auctoritas
795 1730 835 1768 S.
865 1731 1043 1782 Gregorii
1075 1732 1161 1771 Ma-

49 1786 142 1838 gni,
182 1784 253 1838 qui
278 1783 372 1824 Lib.
401 1781 572 1823 XXXII.
610 1780 824 1822 Moralium
853 1798 888 1822 c.
936 1784 995 1823 18.
1038 1785 1160 1835 (licit,

49 1869 77 1888 ‚‚
106 1839 279 1891 primum
295 1836 485 1890 Angelum
515 1850 698 1890 capacem
728 1836 922 1876 charitatis
945 1839 1059 1877 fuisse
1073 1853 1162 1879 con-

48 1921 75 1943 „
103 1891 248 1939 ditum,
277 1905 355 1945 qua
382 1892 562 1944 potuisset
592 1889 760 1943 repleri,
790 1892 820 1929 si
850 1892 1028 1931 voluisset
1049 1895 1075 1915 “
1095 1921 1106 1932 .

48 1946 65 1985 ’.
111 1957 199 1998 199.
228 1945 374 1993 Quarto
401 1943 443 1983 S.
471 1943 530 1982 J0.
561 1944 823 1983 Damascenus
853 1945 941 1984 Lib.
965 1947 1013 1985 Il.
1042 1946 1160 2000 defi-

49 1997 99 2038 <le
125 1997 277 2038 orthod.
305 2012 391 2051 cap.
412 1998 452 2039 5.
482 1997 568 2036 haec
598 1997 734 2037 habet:
765 2029 791 2047 ‚‚
812 1997 883 2037 Per
914 1999 1088 2039 Verbum
1119 2015 1158 2038 o-

48 2082 76 2105 „
105 2066 208 2091 mnes
237 2052 375 2104 Angeli
403 2053 518 2091 creati
547 2060 654 2101 sunt,
684 2052 718 2089 8t
747 2049 878 2091 sancto
897 2051 1044 2106 Spiritu
1073 2070 1159 2094 san-

49 2136 77 2156 „
107 2105 299 2144 ctificante
328 2107 697 2145 consummationem
728 2117 986 2159 acceperunt,
1020 2117 1058 2146 ut
1088 2121 1158 2161 pro

44 2189 72 2210 „
91 2173 168 2199 ¹sua
181 2160 344 2213 quisque
363 2160 545 2212 dignitate
566 2189 577 2209 ,
607 2159 640 2196 8t
661 2160 794 2198 ordine
815 2160 1024 2213 splendoris
1040 2192 1050 2211 ,
1071 2177 1157 2214 gra-

38 2240 42 2245 ·
100 2214 240 2266 tiaeque
297 2215 474 2267 articipes
503 2223 623 2253 essent
643 2217 670 2236 “
690 2240 701 2252 .
745 2217 762 2266 (
793 2214 848 2253 lta
878 2214 990 2254 habet
1033 2217 1155 2256 versio

33 2241 86 2306 ᾗ.
115 2266 240 2306 Micia.
270 2229 472 2316 {re—Quieti
501 2267 550 2317 -).

87 2333 190 2360 -2oo.
217 2319 394 2375 Denique
422 2321 586 2360 Joanues
602 2320 711 2361 XVI.
737 2319 913 2362 Pontifex
945 2323 1086 2376 Rom.(
1113 2339 1154 2363 a·

42 2374 124 2427 pud
151 2375 379 2414 Gratianum
421 2385 557 2428 quaest.
590 2388 628 2414 2.
656 2390 743 2429 cap.
777 2374 881 2414 Visis
911 2377 925 2425 )
955 2408 983 2427 ‚‚
1005 2377 1152 2428 Dolet,

37 2455 72 2475 -„
101 2430 251 2479 inquit,
294 2429 408 2477 satis,
450 2427 484 2465 &
514 2427 701 2468 erubescit
731 2430 944 2480 Diabolus,
988 2429 1155 2470 ebarita-

48 2507 75 2526 „
104 2488 178 2518 tem
196 2509 207 2527 ,
235 2493 352 2531 quam
384 2483 423 2519 in
452 2481 549 2518 caelo
572 2484 750 2532 nequivit
781 2482 921 2522 habere
938 2515 949 2532 ‚
977 2484 1154 2524 homines

46 2560 75 2580 ,.,
103 2540 310 2570 constantes
338 2545 383 2569 ex
413 2531 514 2569 lutea
542 2535 700 2570 materia
728 2542 854 2572 tenere
883 2538 921 2572 in
952 2545 1050 2574 terra
1070 2541 1125 2577 “-

101 2598 190 2623 201.
223 2583 334 2635 Resp.
365 2586 502 2636 primae
532 2585 776 2633 difficultati,
814 2594 956 2624 textum
986 2587 1073 2626 Jobi
1104 2591 1156 2627 ita

39 2635 119 2688 ‘legi
148 2635 315 2684 debere,
346 2646 455 2689 prout
484 2638 573 2689 legit
603 2637 644 2675 P.
660 2639 748 2676 Car.
771 2638 1015 2691 Honbigant:
1044 2642 1092 2680 Εἴ)
1114 2646 1155 2679 in

47 2690 213 2744 Angelis
240 2691 327 2743 ejus
348 2700 446 2729 orta
476 2699 534 2729 est
572 2689 818 2729 mutabilitas
828 2708 845 2737 ;
888 2695 1023 2745 probat
1054 2696 1157 2733 enim

43 2743 96 2783 ol.
126 2744 189 2784 hic
216 2752 349 2784 auctor
386 2757 518 2784 vocem
549 2751 686 2794 mann
721 2743 895 2783 Tolzolah
938 2760 981 2784 ex
1011 2748 1157 2799 signifi-

39 2807 130 2837 catu
173 2799 313 2851 partim
356 2797 544 2851 Syriam,
588 2799 728 2850 partim
774 2799 937 2838 Arabico
979 2801 1157 2840 denotare

32 2851 339 2893 ‘mutabilitatem
357 2880 368 2900 ,
398 2852 477 2891 sive
506 2851 791 2891 instabilitatem
810 2880 819 2892 .
869 2853 979 2901 Quod
1010 2856 1040 2893 si
1070 2857 1157 2908 quis

43 2906 203 2944 omniuo
230 2906 453 2955 contendat,
483 2904 551 2944 illa
573 2918 665 2944 voce
684 2905 844 2959 intelligi
876 2908 1032 2957 lucem,
1063 2910 1156 2948 idest

38 2960 202 3010 gratiam
220 2989 231 3008 ,
259 2957 375 2998 facile
403 2959 742 3012 oespondebiinus3
785 2962 946 2999 nomine
975 2962 1071 3000 lucis
1100 2963 1156 3001 ibi

44 3011 206 3064 intelligi
235 3014 398 3065 gratiam
426 3021 754 3062 consummatam,
783 3029 846 3051 seu
879 3015 1000 3067 ipsam
1032 3029 1156 3066 perse-

45 3067 258 3108 verantiam
285 3065 444 3105 finalem
466 3097 477 3116 ‚
506 3080 583 3120 qua
612 3066 710 3118 justo
738 3067 814 3106 Dei
842 3067 990 3120 judicio
1020 3069 1155 3121 Angeli

51 3115 145 3155 mali
171 3119 313 3169 privati
341 3129 426 3158 sunt
444 3147 454 3158 .
484 3120 719 3173 Quanquam
750 3121 837 3159 addi
868 3123 980 3160 etiam
1011 3122 1122 3160 debet
1144 3154 1156 3173 ‚

45 3168 166 3208 verba
206 3168 277 3209 illa
302 3185 376 3211 non
397 3188 481 3213 esse
508 3173 598 3213 Johi
621 3205 632 3223 ,
672 3175 747 3212 viri
776 3189 799 3212 a
819 3174 910 3215 Deo
951 3177 1156 3227 inspirati,

43 3223 110 3260 sed
141 3221 302 3274 Elipliez
323 3224 601 3277 'Riemann-ae,
649 3230 718 3281 qui
748 3237 788 3267 nt
817 3230 855 3267 in
885 3228 998 3277 aliis,
1040 3230 1092 3267 ita
1120 3230 1156 3266 δι

45 3277 90 3315 in
119 3275 191 3314 lioc
222 3289 348 3314 errare
368 3282 495 3329 ‚potuit
516 3307 528 3320 .

102 3341 199 3370 202.
230 3329 413 3368 Sanctum
441 3343 565 3373 autern
587 3335 866 3387 Augustinum,
896 3351 1013 3390 quem
1034 3345 1153 3377 totum

109 3422 113 3424 ,
143 3381 392 3437 Gazzaniga
423 3382 552 3426 leeol.
581 3389 694 3429 Tem.
714 3388 785 3428 lv.

1237 194 1313 217 esse
1344 189 1511 217 nostrum
1543 181 1711 218 dubitari
1743 194 1818 220 non
1849 189 1993 233 potest,
2025 186 2074 221 ita
2106 186 2269 237 explicat
2301 192 2344 228 fi-

1236 234 1413 271 dissimus
1442 232 1524 283 ejus
1546 235 1727 286 interpres
1748 234 1787 272 S.
1810 235 1977 275 Thomas
2007 237 2036 275 l.
2052 237 2093 276 P.
2123 252 2257 291 quaest.
2279 243 2346 283 62.

1237 295 1306 325 art.
1339 286 1377 324 3.
1407 287 1453 324 ad
1490 300 1520 323 ι.
1553 317 1578 334 ,,
1610 288 1825 327 lniormitas
1869 289 1935 327 illa
1967 292 2099 343 Angeli
2140 304 2255 345 potest
2286 299 2344 335 in·-

1238 370 1263 388 ,‚
1292 339 1411 392 telligi
1442 339 1498 378 vel
1532 354 1598 392 per
1642 346 1964 392 comparationem
2002 347 2047 383 ad
2081 347 2342 389 formationem.

1238 424 1263 442 ‚‚
1293 393 1426 445 gloriae
1445 423 1455 441 ,
1486 392 1519 429 8<
1540 396 1592 432 sic
1624 398 1814 446 praecessit
1845 406 2010 449 tempore
2043 401 2251 441 informitas
2269 405 2342 442 for-

1236 477 1260 495 „
1292 449 1522 485 mationem:
1554 446 1611 485 vel
1634 462 1699 500 per
1729 462 1860 500 compa
1872 453 2051 491 raris-nem
2083 455 2128 491 ad
2153 457 2345 495 soi-matio-

1237 531 1262 549 „
1293 515 1377 539 nem
1406 502 1564 552 gratian:
1608 500 1641 538 8<
1673 503 1726 539 sic
1755 516 1829 541 non
1861 508 2051 556 prfcressit
2091 508 2223 546 ordine
2253 520 2338 549 tem>

1236 585 1262 603 „
1292 556 1420 606 poris,
1448 555 1511 592 sed
1542 554 1674 592 ordine
1706 566 1847 593 naturae
1867 588 1876 604 ‚
1926 560 2018 596 sicut
2050 563 2163 600 etiarn
2194 563 2239 600 de
2271 565 2347 602 sor-

1236 638 1262 656 „
1294 608 1459 646 matione
1489 608 1678 662 corporali
1711 611 1939 661 Augustinus
1981 616 2071 651 ›onit
2092 619 2147 654 “.

1290 661 1380 699 205.
1411 662 1570 700 Sanetus
1613 676 1701 700 vero
1730 664 1935 715 Gregorius
1968 629 2066 718 l'api
2112 679 2228 721 potest
2268 686 2340 710 essiv

1232 717 1290 753 sui
1322 716 1439 767 ipsius
1470 717 1676 768 interpres5
1719 730 1807 755 cuin
1837 721 1938 756 onim
1980 721 2105 769 dicat,
2143 739 2219 774 qua
2255 725 2341 763 clia-

1235 770 1341 806 ritate
1373 771 1547 821 potuisset
1579 772 1747 819 repleri,
1779 773 1805 808 si
1839 772 2012 810 voluisset
2032 806 2040 819 ,
2072 777 2157 813 satis
2181 779 2339 817 indicat.

1235 837 1272 860 se
1320 822 1424 874 loqui
1456 823 1501 861 de
1532 822 1712 862 ctoritate
1752 826 1943 876 perlecta,
1989 828 2021 863 8(
2051 842 2340 871 comni-mnata-

1235 890 1373 928 nempe
1403 876 1537 915 Patriae
1562 909 1572 925 ‚
1601 892 1718 930 quani
1749 878 1836 916 honi
1871 880 1998 931 Angli
2032 881 2176 920 anxilio
2204 884 2343 925 divine

1235 927 1381 968 Gratiae
1414 933 1610 982 promeriti
1641 941 1749 980 sunt,
1794 932 1886 971 mali
1917 945 2044 974 autem
2075 950 2252 989 perversa
2281 955 2347 979 sua

1233 982 1424 1022 voluntate
1453 986 1577 1038 adepti
1609 1000 1683 1023 non
1714 995 1823 1024 sunt.

1291 1038 1381 1083 204.
1411 1038 1451 1077 S.
1481 1039 1639 1077 ,loannes
1683 1039 1942 1080 Damascenus
1984 1043 2030 1081 de
2071 1044 2158 1084 solis
2191 1046 2343 1099 Angelis

1232 1091 1343 1130 bonis
1372 1092 1478 1145 loqui
1503 1093 1652 1132 videtur
1670 1124 1680 1143 ‚
1704 1097 1776 1146 ¹qui
1808 1098 2232 1138 aeternre‘beatitudinis
2259 1117 2339 1154 gra-

1233 1146 1326 1183 tiam
1358 1160 1427 1198 pro
1455 1149 1710 1199 suis-quisque
1741 1150 1883 1187 meritis
1907 1161 2156 1201 receperunt5
2186 1168 2259 1192 non
2281 1171 2347 1194 au-

1232 1207 1307 1236 tem
1351 1198 1521 1252 loquitur
1551 1203 1597 1239 de
1627 1216 1669 1239 ea
1696 1204 1824 1253 gratia
1865 1204 2152 1254 sanictificante2
2203 1209 2241 1245 in
2272 1224 2343 1261 qua

1232 1265 1362 1292 omnes
1392 1255 1509 1292 creati
1542 1255 1722 1294 fuerunt.

1290 1307 1379 1344 205.
1409 1307 1540 1346 Verba
1565 1309 1900 1350 'demunt'Joannis
1918 1310 2029 1366 Papae
2049 1345 2058 1362 ,
2089 1325 2177 1367 qu'ae
2207 1326 2345 1368 postre

1233 1373 1296 1396 mo
1325 1359 1407 1398 loco
1435 1361 1586 1411 objecta
1615 1373 1701 1400 sunt
1721 1394 1732 1411 ,
1772 1365 1820 1402 ita
1851 1365 2114 1418 explicantur:
2160 1369 2346 1410 Diabolus

1236 1411 1361 1460 dolet,
1399 1415 1500 1466 quod
1529 1414 1752 1454 charitatem
1785 1430 1859 1455 non
1890 1420 2088 1469 habuerit,
2138 1423 2231 1462 idest
2259 1436 2343 1463 ret.-

1233 1470 1362 1504 nuerit
1379 1496 1389 1513 ,
1420 1481 1464 1505 ac
1493 1472 1800 1508 conservaverit.
1834 1471 1963 1523 Atque
1979 1472 2079 1512 liunc
2100 1489 2177 1512 esse
2198 1490 2347 1517 eorum-

1233 1517 1321 1554 dem
1351 1533 1498 1557 sensum
1520 1551 1529 1568 ,
1562 1532 1657 1572 patet
1690 1536 1735 1560 ex
1765 1523 1940 1563 antithesi
1973 1525 2174 1566 hominum
2198 1560 2207 1577 ‚
2252 1545 2347 1577 ‹1¹1er

1231 1570 1325 1608 dicit
1356 1573 1529 1610 eamdem
1560 1575 1783 1614 charitatem
1815 1588 2045 1618 constantes
2076 1592 2246 1622 retinere
2269 1613 2278 1624 .

1289 1624 1380 1663 206.
1409 1624 1503 1663 Sunt
1532 1628 1646 1664 etiam
1677 1631 1836 1666 rationes
1865 1634 2067 1682 quaedam,
2097 1650 2185 1687 quae
2217 1639 2326 1676 viden

1231 1684 1293 1714 tur
1320 1686 1459 1715 nostra:
1490 1682 1685 1718 sententiae
1728 1685 1905 1734 opponi.
1950 1684 2077 1723 Primo
2106 1700 2229 1728 rectus
2257 1695 2348 1731 orl,

1231 1730 1420 1782 postulare
1450 1733 1621 1783 videtur,
1669 1744 1708 1772 u't
1737 1736 2064 1788 quemadmodum
2093 1745 2211 1791 gratia
2244 1760 2341 1795 prae-

1231 1785 1329 1822 cedit
1344 1784 1528 1837 gloriam,
1552 1789 1601 1826 ita
1616 1790 1779 1840 gratiam
1801 1792 1989 1841 praecedat
2005 1801 2142 1833 natura
2158 1822 2168 1833 .
2199 1796 2341 1837 Securi<

1230 1838 1303 1886 dc,
1333 1842 1364 1877 si
1383 1840 1517 1892 Angeli
1535 1842 1749 1881 fuissentin
1765 1846 1888 1895 gratia
1918 1848 2033 1884 creati
2053 1877 2064 1895 ‚
2086 1859 2203 1899 posset
2228 1855 2348 1903 gratia

1230 1893 1323 1944 ipsis
1352 1893 1428 1931 ‹lici
1459 1895 1642 1933 naturalis
1661 1926 1672 1943 ,
1701 1910 1791 1935 cum
1813 1907 1937 1937 tamen
1954 1904 2148 1940 communi
2165 1907 2339 1944 omnium

1229 1959 1335 1984 sensu
1365 1949 1484 1998 gratia
1504 1949 1720 2001 appelletur
1734 1951 1878 1989 donum
1899 1956 2188 2005 supernaturale
2206 1986 2216 1995 .
2249 1959 2344 1998 Ter—

1228 2000 1281 2037 tio
1310 2001 1536 2040 incredibile
1567 2003 1738 2053 ridetur,
1768 2005 1973 2044 Daemones
1993 2023 2013 2045 a
2034 2011 2155 2059 gratia
2185 2015 2346 2053 excidis*

1226 2067 1293 2101 se,
1324 2056 1354 2093 si
1385 2056 1424 2093 in
1454 2069 1497 2094 ea
1527 2056 1684 2096 fuissent
1727 2060 1870 2105 creati;
1912 2063 2172 2112 cognovissent
2219 2069 2343 2116 enim,

1226 2107 1368 2198 Pnde,
1412 2107 1445 2145 &
1476 2119 1666 2162 quantum
1703 2113 1749 2150 sit
1793 2112 2014 2163 hujusmodi
2053 2116 2218 2166 donum,
2268 2134 2346 2173 quo

1247 2161 1314 2199 witi
1331 2160 1436 2210 Det,
1466 2166 1514 2204 (9⁴
1544 2162 1722 2203 lzoeretles
1752 2169 1841 2203 rlcae
1857 2176 2025 2206 oeternoe
2054 2169 2143 2208 facti
2168 2173 2342 2212 fuerant--

1281 2229 1372 2267 207.
1402 2216 1477 2254 Sed
1507 2219 1644 2269 primae
1675 2218 1890 2258 difficultati
1941 2223 2137 2273 respondet
2166 2225 2207 2263 S.
2240 2225 2344 2265 Tho-

1225 2283 1306 2307 mas
1335 2269 1383 2307 ad
1408 2270 1452 2308 ’5.
1481 2273 1642 2322 gratiam
1684 2272 1824 2312 debere
1855 2288 1929 2311 esse
1971 2275 2094 2326 gloria
2138 2280 2306 2331 priorem
2326 2311 2340 2330 ‚

1221 2324 1314 2375 quia
1337 2322 1465 2375 ‚gloria
1494 2325 1605 2363 datur
1635 2335 1673 2364 ut
1702 2326 1817 2378 finis,
1850 2327 1884 2365 &
1914 2336 1954 2366 ut
1986 2335 2192 2381 praemium
2224 2333 2336 2374 bonis

1220 2377 1401 2430 operibus
1430 2391 1475 2415 ex
1511 2380 1632 2431 gratia
1663 2381 1798 2427 factis;
1843 2383 1965 2434 gratia
2007 2393 2136 2423 autem
2184 2387 2340 2425 additur

1221 2440 1398 2479 naturae,
1441 2445 1513 2469 non
1543 2443 1583 2471 nt
1613 2434 1700 2472 snus
1735 2436 1989 2487 operationis,
2034 2439 2095 2476 sed
2128 2450 2165 2477 ut
2197 2443 2339 2492 princi-

1223 2486 1333 2537 pium
1364 2485 1461 2523 bene
1490 2489 1697 2538 operandi:
1730 2489 1827 2527 unde
1847 2486 1956 2527 nulla
1987 2492 2165 2542 prioritas
2195 2504 2342 2546 tempo-

1223 2540 1276 2575 ris
1306 2540 1402 2576 inter
1432 2549 1633 2593 utramque
1663 2542 1826 2593 exigitur
1847 2572 1858 2591 ,
1901 2543 1966 2583 sed
1995 2544 2135 2583 sufficit
2167 2549 2343 2597 prioritas

1223 2599 1372 2628 naturae
1397 2617 1406 2631 .

1283 2643 1374 2680 208.
1406 2642 1524 2682 'Alteri
1541 2644 1757 2682 difficultati
1775 2647 1970 2695 respondet
1988 2648 2117 2686 'listins
2139 2680 2149 2698 ‚
2179 2653 2341 2698 gratiam

1227 2694 1385 2747 Angelis
1415 2697 1453 2733 in
1484 2697 1674 2735 creatione
1703 2710 1915 2735 concessam
1948 2699 2078 2751 aliquo
2121 2700 2230 2741 sensu
2256 2715 2343 2744 'na-

1227 2750 1400 2786 turalem
1429 2749 1506 2787 dici
1538 2764 1670 2802 posse,
1701 2753 2076 2804 quatenusn.··.iurale
2107 2754 2203 2794 illud
2224 2772 2343 2799 omne

1225 2801 1302 2840 dici
1335 2812 1481 2854 potest,
1530 2816 1618 2841 cuin
1649 2819 1725 2856 quo
1773 2815 1936 2853 natum,
1984 2816 2047 2845 aut
2087 2819 2256 2849 creatum
2291 2824 2342 2852 est

1225 2856 1428 2908 quidpiam
1452 2887 1461 2905 ,
1505 2858 1650 2895 etiamsi
1683 2859 1909 2905 simpliciter
1939 2861 1982 2897 sit
2012 2871 2074 2898 aut
2105 2877 2245 2916 snpra,
2276 2879 2342 2907 aut

1226 2909 1340 2947 etiam
1371 2920 1689 2948 continuaturum
1709 2939 1718 2948 .
1757 2912 1821 2950 Sic
1861 2913 1962 2950 enim
1995 2913 2054 2951 vel
2095 2917 2220 2967 ipsum
2252 2935 2340 2972 pec-

1227 2972 1353 3002 catum
1378 2994 1388 3010 ‚
1432 2965 1531 3015 qnod
1563 2966 1697 3001 vitium
1730 2974 1808 3013 est,
1852 2963 1885 3001 &
1914 2969 2130 3019 corruptela
2160 2983 2303 3011 naturae
2328 3005 2339 3019 ,

1224 3016 1398 3057 naturale
1428 3027 1552 3054 tamen
1584 3016 1689 3054 nobis
1717 3019 1856 3056 dicitur
1879 3049 1888 3067 ‚
1919 3022 2113 3071 quiae-um
2145 3039 2187 3061 eo
2218 3019 2339 3066 msciss

1225 3083 1313 3108 mur
1333 3101 1343 3118 ‚
1387 3070 1484 3108 unde
1514 3068 1546 3104 8<
1576 3070 1818 3123 naturafilii
1847 3076 1914 3109 iroe
1944 3088 2127 3113 vor-:imur
2156 3078 2205 3116 ab
2241 3082 2338 3134 Αρο·

1227 3122 1320 3161 siolo
1335 3123 1480 3176 ‘Ephes-
1502 3122 1548 3159 ll.
1568 3119 1618 3160 3.
1647 3123 1885 3176 Simpliciter
1905 3137 2032 3166 antem
2054 3131 2175 3180 gratia
2204 3133 2337 3173 (licen-

1225 3178 1272 3214 da
1303 3186 1351 3214 est
1382 3175 1677 3228 supernaturalis
1695 3208 1706 3226 ,
1734 3181 1826 3231 quia
1848 3194 1915 3218 nec
1944 3184 2063 3234 seipsa
2081 3213 2091 3231 ,
2122 3198 2192 3223 nec
2214 3187 2252 3225 in
2271 3199 2335 3225 sizo

1226 3231 1370 3268 semine
1399 3239 1450 3266 est
1479 3230 1520 3266 in
1549 3231 1750 3283 principiis
1780 3243 1928 3271 riaturae
1947 3266 1956 3283 ‚
1995 3237 2057 3273 sed
2088 3238 2230 3278 donum
2261 3239 2334 3280 Dei

1225 3293 1275 3322 est
1303 3296 1458 3320 omnem
1488 3281 1706 3322 facultatem
1733 3296 1883 3324 >naturae
1914 3290 2099 3328 excedens·
2118 3318 2127 3329 .

1278 3349 1370 3387 209.
1397 3335 1589 3377 Postrema
1617 3337 1820 3379 difficultas
1851 3341 1999 3383 videtur
2041 3341 2206 3398 alicujus
2241 3355 2334 3395 pon-

1729 3392 1755 3441 4
2213 3397 2277 3435 cle-
