2583 3685
846 125 927 172 DE
962 127 1165 172 CAUSA
1202 127 1722 174 thARNA·r10N'ls-.
2322 144 2376 195 57

122 238 158 262 -„
187 209 294 251 nobis
318 206 460 254 debes,
488 203 604 244 homo
630 204 779 244 Christe
795 235 806 254 ,
835 208 927 259 qnia
950 217 1101 259 propter
1122 208 1239 246 nosin

130 292 156 316 ω
186 265 310 305 Deum
338 268 552 311 assumptus
568 273 604 297 es
621 285 631 296 .
661 257 775 297 Nam
805 263 881 297 nisi
896 259 1124 311 fuissemus
1145 273 1241 311 ‹pec-

130 349 158 370 „
188 324 366 361 catores,
396 325 524 350 causa
546 342 556 361 ,
586 324 656 350 cur
685 321 725 349 tu
755 317 909 351 assumi
939 317 980 349 ἱη
1011 313 1142 352 Deum
1172 313 1239 353 de-

128 398 156 422 „
182 367 291 407 heres
307 395 320 416 ,
347 365 460 404 nullu.
477 364 629 418 finisset
649 392 706 405 ....
727 364 816 404 Nisi
844 376 1079 416 peccassent
1108 370 1210 405 serui
1226 396 1237 415 ,

126 448 153 474 ,‚
179 431 255 459 nec
282 428 494 468 assumpta.
509 419 660 472 suisset
689 424 730 458 in
760 419 981 458 Dominum
1002 418 1134 458 Deum
1164 432 1239 456 na·

121 502 150 525 „
177 482 270 511 tura
298 473 472 512 servilis.
493 476 520 495 ‘⁴

181 541 269 566 100.
299 526 394 578 Obj.
421 534 550 565 sexto.
592 525 721 566 Sanct.
754 525 979 578 Augustinus
1009 524 1098 563 Lib.
1126 523 1236 563 XIII.

120 578 170 620 de
193 579 334 619 Trinit.
363 593 531 633 cap-17.
561 580 675 619 Tom.
699 579 811 627 VII.,
841 588 1040 631 postquam
1069 580 1237 630 superio·

121 647 164 673 re
192 635 319 686 eapite
341 647 542 672 summum
587 634 844 672 incarnatione
873 630 993 670 Verbi
1024 630 1130 669 nobis
1159 630 1238 668 col·-

120 685 242 726 latum
271 686 505 726 beneficium
532 692 889 732 commemorasset,
924 682 1069 722 scilicet
1099 683 1239 722 libera-

118 742 263 780 tionem
293 755 315 779 a
345 747 526 793 peccam,
556 741 607 778 ita
637 738 903 791 prosequitur:
945 736 1045 774 Sunt
1074 736 1123 777 (92
1152 738 1239 775 alm

120 795 251 833 multa
267 824 278 842 ,
307 805 397 846 quoe
416 796 458 830 in
480 791 622 831 Christi
651 793 932 829 t'ncarnatione
952 815 1008 828 ....
1028 788 1240 829 salubriter

120 847 325 896 ineunda,
354 855 472 897 atque
500 843 719 898 cogitanda
747 852 839 882 sunt
853 858 870 888 ‚·
907 856 996 896 qnae
1021 842 1172 882 ‘ibidem
1202 859 1241 882 e-

119 900 319 955 loquenter
356 907 573 939 enumerat:
614 910 690 935 nou
719 897 834 948 igitur
862 896 943 935 sola
971 896 1111 935 deletio
1153 910 1240 950 pec·-

119 955 195 993 cati
242 955 315 993 suit
359 965 473 991 causa
514 950 641 989 finalis
682 950 997 996 Incarnationi25
1043 958 1158 1002 atque
1198 967 1240 989 a·

110 1008 191 1046 -deo
224 1008 338 1046 etiam
369 1004 516 1043 Adamo
544 1016 619 1042 non
662 1013 840 1057 peccante
882 1002 972 1042 aliae
1016 1012 1238 1056 supererant

119 1072 268 1108 causae,
295 1066 344 1097 ·ut
370 1056 548 1096 Verbum
576 1057 652 1097 Dei
682 1057 891 1097 humanam
934 1070 1090 1096 carnem
1132 1072 1236 1098 assu·

121 1122 269 1152 mereto

183 1179 271 1205 101.
302 1163 514 1218 Respondet
540 1163 582 1203 S.
612 1162 782 1203 Thomas
801 1163 847 1203 ad
876 1177 956 1213 t.·„
975 1163 1078 1217 quod
1107 1178 1237 1203 omnes

119 1248 148 1269 „
176 1219 266 1258 aliae
296 1231 421 1257 causae
447 1221 467 1270 (
488 1232 510 1255 a
539 1216 580 1256 S.
611 1216 825 1269 Augustino
854 1217 1017 1266 allatae)
1049 1220 1237 1270 pertinent

119 1299 147 1322 „
174 1273 221 1312 ad
253 1271 466 1311 remedium
498 1270 642 1323 peccati
660 1297 670 1308 .
700 1270 741 1309 Si
771 1271 873 1309 enim
898 1269 1018 1308 homo
1046 1284 1119 1310 non
1150 1285 1238 1323 pec-

119 1353 146 1375 „
176 1334 319 1372 casset,
368 1323 542 1376 perfusus
572 1323 700 1361 fuisset
731 1323 878 1362 lumine
905 1323 1049 1363 divinae
1088 1327 1239 1377 sapien-

119 1406 148 1428 „
178 1379 270 1426 tiae,
314 1375 349 1413 ἃ
377 1376 532 1428 justitiae
564 1376 789 1415 rectitudine
819 1377 1009 1429 perfectus
1037 1392 1059 1415 a
1090 1377 1172 1416 Deo
1198 1391 1238 1415 o-

122 1458 150 1481 „
179 1432 285 1470 mnia
313 1431 524 1469 necessaria
551 1431 811 1482 cognoscenda
828 1460 839 1478 ,
888 1429 921 1465 8t
950 1431 1093 1482 agenda
1110 1457 1120 1468 .
1164 1431 1239 1469 Sed

119 1510 148 1533 „
176 1485 270 1535 quia
299 1481 440 1531 houm,
468 1483 613 1520 deserto
633 1483 744 1531 Deo,
773 1482 963 1535 collapsus
983 1493 1061 1522 erat
1091 1484 1136 1522 ad
1154 1498 1240 1522 ‘cor-

119 1565 147 1586 „
176 1536 350 1588 poralvia,
380 1535 610 1574 conveniens
631 1536 703 1572 fuit
719 1564 730 1582 ,
762 1545 800 1572 nt
816 1536 941 1584 Deus,
963 1551 1078 1574 car-ne
1094 1551 1241 1575 assum·

119 1617 148 1639 „
177 1597 271 1641 pta,
312 1588 429 1627 etiam
453 1601 527 1641 ¹per
550 1586 769 1640 corporalia
797 1590 831 1627 ei
861 1588 992 1628 saluti-s
1022 1590 1240 1628 remedium

119 1669 149 1693 ,‚
178 1641 374 1681 exhiberet
393 1644 420 1663 ‘⁶
451 1642 516 1693 (a)
533 1666 546 1680 .

174 1708 266 1735 102.
294 1693 388 1746 Obj.
417 1696 605 1748 septimo.
634 1694 910 1734 Incarnationis
938 1696 1166 1748 mysterium
1190 1693 1240 1733 A·

113 1747 235 1787 'danto
262 1747 472 1787 revelatum
503 1748 603 1796 fuit,
648 1757 692 1786 ut
721 1757 822 1800 patet
850 1761 895 1785 ex
926 1748 970 1786 iis
1001 1749 1128 1787 verbis
1158 1748 1240 1800 eju-

122 1801 228 1840 adem
262 1801 399 1840 Adami
427 1801 473 1838 de
502 1800 586 1839 Eva
613 1800 774 1840 dicentis
803 1805 817 1853 (
844 1801 991 1839 (irenes.
1014 1803 1060 1840 11.
1094 1802 1158 1841 25.
1190 1803 1203 1850 )
1226 1815 1240 1839 .·

124 1852 197 1892 hoc
226 1866 332 1892 nunc
360 1866 405 1892 os
425 1851 473 1892 de
500 1852 651 1893 ossibus
665 1858 792 1903 meis,
822 1867 911 1907 quae
928 1854 1127 1906 Apostolus
1143 1855 1239 1894 Pau-

116 1904 183 1945 ]us
211 1905 353 1959 Ephes.
376 1905 425 1945 V.
457 1919 522 1958 29.
551 1921 630 1960 seq.
673 1908 943 1959 interpretatur
979 1908 1025 1946 de
1048 1908 1206 1947 ‘Christo
1226 1938 1238 1956 ,

109 1959 154 1997 ἃ
183 1959 358 1999 Ecclesia
384 1959 614 1999 concludens
653 1973 751 2000 vers.
773 1960 866 2000 52„:
923 1960 1238 2000 Sacramentum

121 2011 194 2051 hoc
222 2026 292 2051 ma
353 2026 420 2051 um
448 2021 534 2061 est,
581 2025 654 2065 ego
682 2022 821 2052 autem
862 2012 951 2052 dico
979 2018 1020 2051 ἑη
1052 2014 1207 2053 Christo
1227 2046 1238 2064 ,

110 2066 170 2108 (9·
198 2069 240 2104 ἰη
310 2067 457 2105 eclesia
475 2091 486 2104 .
543 2066 598 2104 Ita
624 2067 738 2104 etiam
777 2067 884 2105 docet
912 2067 1039 2106 Sanct.
1071 2067 1240 2107 Thomas

120 2131 160 2158 2.
183 2133 219 2158 2.
247 2128 383 2172 quaest.
401 2133 438 2158 2.
467 2126 539 2157 art.
561 2133 599 2170 7.
630 2121 677 2157 At
707 2133 796 2158 vero
811 2134 881 2158 nec
902 2119 1017 2159 homo
1033 2151 1044 2170 ,
1073 2135 1144 2160 nec
1162 2122 1240 2160 An-

115 2171 224 2224 gelus
254 2174 373 2226 potuit
402 2187 479 2212 esse
537 2173 690 2211 raescius
720 2174 777 2211 sui
808 2175 982 2225 peccati,
1014 2183 1054 2212 ut
1086 2174 1128 2213 S.
1160 2176 1239 2212 Ᾱιι-

119 2227 289 2278 gustinus
316 2226 476 2265 ostendit
502 2187 593 2266 ἕίὸ.
614 2225 686 2264 XI.
733 2225 782 2264 de
808 2225 932 2264 Gent.
975 2226 1032 2264 ad
1061 2227 1239 2264 litteram

119 2292 156 2316 e.
178 2278 242 2317 18.
271 2292 361 2330 ergo
387 2279 520 2317 debuit
549 2279 622 2330 ipsi
644 2278 791 2317 homini
822 2278 891 2317 hoc
921 2282 1148 2330 mysterium
1182 2293 1239 2317 re-

120 2329 241 2369 vela-ri
259 2359 271 2377 ‚
314 2343 394 2369 non
423 2339 464 2369 ut
492 2331 707 2368 remedium
750 2332 895 2382 peccati
913 2360 923 2379 ,
969 2332 1033 2368 sed
1060 2331 1132 2370 sub
1161 2332 1239 2372 alia.

120 2383 293 2428 rationu
320 2383 491 2435 adeoque
520 2383 634 2421 etiam
655 2392 810 2435 peccato
838 2397 911 2421 non
930 2384 1107 2422 existente
1136 2385 1240 2425 futu-

119 2446 209 2474 tum
240 2435 397 2474 fuisset.

180 2487 270 2528 103.
300 2486 512 2541 Respondet
539 2486 670 2527 Sanct.
698 2487 869 2528 Thomas
897 2489 945 2527 ad
976 2489 1037 2538 5.‚
1082 2519 1109 2539 ,‚
1138 2492 1241 2544 quod

118 2570 150 2592 ,‚
177 2540 274 2580 nihil
318 2540 522 2593 prohibet,
569 2541 687 2580 alicui
718 2542 880 2581 revelari
923 2541 1127 2592 effectum,
1169 2546 1239 2583 ‹cu-i

122 2622 152 2644 ‚,
180 2607 255 2633 oon
283 2593 475 2633 melatur
495 2608 608 2633 causa
625 2621 635 2634 .
664 2594 789 2633 Potuit
819 2596 934 2647 igitur
964 2597 1087 2648 primo
1117 2596 1239 2636 homi-

116 2674 149 2697 „
176 2648 218 2687 ni
247 2647 410 2688 revelari
438 2649 709 2688 incarnationis
735 2649 989 2702 mysterium,
1025 2651 1121 2702 quin
1148 2658 1241 2690 esset

162 2833 217 2870 ’(α)
245 2829 369 2865 Cansae
409 2830 667 2868 incarnationis
702 2831 898 2868 Dominicae
933 2844 951 2868 a
977 2832 1013 2868 S.
1040 2835 1238 2881 Augustino

120 2882 332 2911 enumerate
357 2877 410 2912 hae
436 2888 538 2913 sunt.
568 2880 685 2914 Primo
698 2902 710 2921 ,
734 2889 773 2914 ut
792 2881 974 2914 Daemones
994 2904 1004 2922 ‚
1032 2883 1166 2926 superbi
1191 2883 1239 2916 t'l-

123 2920 152 2953 lt’
179 2924 344 2964 cpio-iens,
369 2936 434 2958 non
459 2928 540 2960 ideo
567 2938 604 2960 se
629 2928 780 2960 audeant
805 2927 995 2961 hominibus
1013 2939 1238 2973 praeponere,

121 2968 176 3041 gui
200 2978 265 3001 non
289 2968 411 3005 habent
429 2983 593 3012 earnem;
619 2975 651 3005 ἃ
666 2974 818 3007 rna-xime
843 2975 925 3019 qui-1
952 2977 984 3007 ἃ
1009 2977 1096 3008 mori
1126 2976 1159 3008 in
1181 2986 1238 3008 ea-

146 3021 200 3042 em
225 3023 326 3046 cerne
349 3013 513 3060 dignatus
536 3028 588 3052 est
625 3019 735 3053 Filius
761 3020 849 3053 Dei.-
889 3033 930 3053 ne
955 3019 1032 3055 ideo
1069 3022 1120 3054 illi
1142 3027 1240 3054 'tam-

121 3066 231 3108 fl¹¹³m
255 3057 344 3092 Deos
368 3072 403 3094 se
440 3065 505 3096 coli
538 3065 770 3109 persuadeant
790 3088 801 3107 ‚
841 3067 924 3111 qnia
961 3067 1127 3101 videntur
1162 3079 1235 3100 esse

121 3103 360 3137 immortales.
396 3107 579 3150 Secundo,
612 3121 649 3146 nt
674 3113 787 3157 gratia
810 3113 876 3146 Dei
912 3111 1011 3147 nobis
1037 3115 1111 3147 sine
1152 3114 1235 3146 ullis

117 3145 398 3191 praecedemshus
423 3155 558 3187 meritis
584 3157 619 3189 in
643 3156 786 3192 homine
812 3158 956 3193 Christo
975 3158 1236 3193 commendare-

118 3202 205 3234 ΨΥ)
230 3199 284 3239 (Ῐυῖ
313 3208 373 3230 '²²⁰
398 3201 495 3241 ‘'P-⁶2>
532 3209 567 3233 ut
592 3210 686 3237 tanea
710 3209 841 3239 unitate
866 3204 943 3240 Deo
971 3208 1171 3253 conjunctus
1198 3218 1235 3238 n-

116 3251 165 3272 nu
189 3252 261 3273 cum
287 3244 351 3276 illa
373 3256 519 3286 persona
545 3243 657 3281 Filias
683 3246 753 3283 Dei
776 3252 912 3295 fieret,
948 3255 1033 3288 ullis
1059 3261 1114 3285 est
1151 3264 1235 3295 prie-

121 3287 321 3321 cedentibus
346 3294 480 3323 meritis
506 3303 683 3327 assecutus
701 3316 711 3326 ·
747 3296 892 3338 Tertio,
923 3307 966 3334 ‘ut
992 3300 1148 3344 snperbia
1175 3299 1236 3330 ho-

113 3336 224 3367 mainis
252 3345 311 3375 per
338 3344 471 3370 tantam
506 3337 740 3373 humilitatem
766 3345 927 3390 redargui
951 3354 1099 3391 posset,
1129 3353 1236 3391 ’atque

225 3377 467 3437 Gazzauiga
499 3382 631 3425 ff7zeol.
661 3386 774 3429 Tom.
794 3387 845 3430 V·

1310 235 1335 256 „
1366 211 1548 268 pr-aescius
1576 212 1635 249 sui
1656 222 1786 249 casus:
1817 224 1892 249 non
1909 214 2010 251 enim
2032 214 2269 269 quicumque
2298 229 2432 271 cogno-'-

1309 289 1335 308 ,‚
1364 270 1433 298 scit
1449 261 1648 311 eflectum,
1666 266 1864 315 cognoscit
1881 265 1914 302 8<
1932 271 2143 306 causam“.
2175 269 2223 307 Et
2239 281 2339 310 certe
2355 287 2433 314 non

1306 313 1525 366 oportebat,
1557 317 1702 354 Adamo
1732 318 1890 355 revelari
1910 333 2062 359 causam
2095 322 2232 361 sutura:
2257 327 2427 365 iucarna-

1306 367 1441 415 tionis,
1471 382 1519 406 ne
1541 369 1726 420 inciperet
1755 372 1996 420 contristari,
2025 374 2059 410 ἃ
2092 377 2205 414 miser
2235 392 2312 417 esse
2342 390 2428 420 ante

1307 417 1479 471 lapsum.
1513 420 1620 459 Unde
1637 421 1737 460 idem
1758 423 1959 473 Augu—licus
1977 429 2016 464 in
2038 427 2140 466 Iand-
2165 429 2244 467 loco
2266 445 2310 469 ex
2333 446 2369 471 2.
2388 447 2429 473 α.

1306 481 1431 524 art.7.
1463 475 1612 525 inquit:
1642 502 1669 522 ,‚
1702 478 1797 512 Ante
1811 485 1945 516 statum
1977 483 2123 530 peccati
2146 481 2258 520 liomo
2290 484 2426 526 habuit

1306 555 1333 574 „
1364 527 1586 577 explicitam
1617 527 1732 566 fidem
1762 529 1808 566 de
1823 529 1962 568 Christi
1982 535 2264 583 incarnatione,
2294 551 2429 577 secun-

1307 608 1333 628 „
1363 580 1456 617 dum
1486 581 1587 632 quod
1606 580 1855 619 ordinabatur
1884 584 1930 621 ad
1960 590 2322 628 consummationem
2342 592 2425 643 glo-

1308 661 1334 681 „
1364 634 1461 680 πίω,
1492 646 1564 672 non
1593 644 1720 673 autem
1736 636 1942 673 secundum
1972 641 2072 689 quod
2101 642 2348 682 ordinabatur
2379 646 2426 684 ad

1307 714 1334 734 ,‚
1365 685 1633 726 liberationem
1677 703 1699 726 a
1728 697 1882 740 peccato
1912 703 1978 741 per
2009 695 2220 742 passionem
2242 726 2253 744 ,
2302 697 2335 734 8<
2366 711 2426 736 re-

1308 766 1334 787 „
1365 742 1665 789 surrectionem,
1696 754 1788 794 quta
1804 741 1917 781 homo
1946 746 2109 784 nonfuit
2139 751 2426 803 presciuspec-

1310 818 1337 841 ‚,
1367 794 1439 830 cati
1472 793 1662 832 futuri-“2

1369 845 1456 892 104.
1487 847 1573 885 Inst.
1602 847 1731 886 Sanct.
1763 847 1930 887 Thomas
1962 852 1997 888 in
2029 851 2088 890 his
2129 856 2255 893 verbis
2286 867 2427 908 postre-

1308 898 1380 936 mis
1409 909 1536 951 aperte
1579 901 1777 953 distinguit
1823 903 2019 954 duplicem
2051 906 2167 945 {inem
2200 909 2427 949 lucarnatio-

1306 953 1392 1000 uis,
1423 952 1567 991 scilicet
1596 954 1650 992 cni
1680 962 2070 996 consummationem
2098 962 2234 1012 gloriae
2255 992 2265 1009 ,
2295 963 2343 1003 <J
2373 964 2428 1002 ad

1305 1005 1580 1044 liberationem
1609 1022 1636 1045 a
1667 1018 1859 1059 peccato:
1902 1024 1988 1061 ergo
2019 1013 2134 1051 etiam
2164 1013 2234 1052 hoc
2263 1018 2430 1054 secundo

1302 1059 1384 1097 fine
1413 1069 1577 1098 cessante
1595 1091 1605 1108 ,
1650 1062 1869 1101 remanebat
1899 1066 2046 1115 primus
2069 1096 2078 1114 ,
2128 1077 2282 1120 propter
2310 1083 2428 1121 quem

1304 1113 1518 1151 incarnatio
1549 1114 1646 1151 facta
1678 1116 1832 1154 fuisset.

1367 1167 1454 1205 105.
1487 1166 1675 1219 Respond.
1693 1198 1703 1215 ‚
1733 1169 1905 1220 primum
1924 1169 2038 1208 finem
2058 1202 2068 1220 ‚
2099 1187 2236 1226 nempe
2266 1175 2430 1226 gloriam

1308 1219 1412 1267 Dei,
1443 1222 1481 1258 in
1509 1220 1657 1258 decreto
1680 1221 1954 1260 Incarnationis
1975 1225 2090 1262 fuisse
2118 1228 2158 1264 in
2189 1229 2354 1266 secundo
2374 1231 2432 1267 in-

1308 1272 1488 1322 clusum,
1518 1273 1552 1309 8t
1583 1273 2029 1326 comprehensumynec
2059 1286 2184 1317 tamen
2214 1294 2362 1319 necesse
2392 1296 2430 1320 e-

1307 1335 1390 1374 rat.‚
1441 1335 1478 1364 ut
1511 1327 1658 1364 Adamo
1687 1329 1876 1366 innocenti
1908 1336 2066 1382 uterque
2095 1331 2184 1370 finis
2215 1334 2428 1373 manifesta-

1308 1389 1436 1417 retur.
1461 1379 1636 1418 Profecto
1660 1380 1863 1432 Angelicus
1891 1383 2020 1420 doctor
2050 1385 2166 1423 nimis
2195 1397 2322 1438 aperte.
2353 1389 2427 1427 sibi

1300 1433 1608 1482 contradiceret,
1638 1434 1670 1471 si
1701 1443 1890 1485 putasset,
1923 1444 2128 1488 utrumque
2150 1437 2267 1477 finem
2299 1441 2427 1480 Incar-

1309 1487 1471 1523 nationis
1515 1500 1591 1524 esse
1635 1496 1873 1538 separatum:
1923 1497 1962 1525 ut
1993 1502 2065 1526 uno
2103 1490 2305 1531 deficiente
2334 1493 2430 1533 alter

1309 1538 1434 1576 adhuc
1464 1549 1699 1591 superesset,
1731 1550 1883 1593 propter
1911 1555 2027 1593 quem
2050 1542 2223 1583 Verbum
2252 1548 2427 1586 incarna-

1309 1592 1340 1626 r.i
1371 1591 1583 1629 debuisset.

1370 1641 1459 1681 106.
1489 1644 1621 1694 Objic.
1651 1655 1811 1685 octavo.
1843 1646 1970 1686 Etiam
2002 1650 2039 1687 in
2069 1657 2165 1687 statu
2196 1652 2427 1692 innocentia>

1311 1694 1439 1732 fuisset
1469 1695 1641 1735 Ecclesia
1672 1698 1770 1736 Dei:
1809 1713 1896 1750 ergo
1925 1701 2054 1739 fuisset
2085 1704 2199 1740 etiam
2227 1705 2396 1744 Christus
2416 1738 2429 1755 ,

1309 1748 1414 1786 Deus
1445 1747 1478 1785 ἃ
1508 1747 1621 1788 homo
1639 1780 1649 1798 ,
1679 1753 1774 1802 qui,
1807 1761 1845 1788 ut
1872 1752 2012 1790 dicitur
2041 1755 2088 1792 ad
2114 1754 2309 1796 Coloss.1.
2345 1758 2429 1808 18„

1314 1810 1373 1841 est
1401 1811 1521 1853 caput
1550 1808 1724 1853 corporis
1752 1801 1951 1843 Ecclesiae
1969 1832 1980 1844 .

1369 1869 1456 1906 ι-ο7.
1489 1855 1600 1907 Resp.
1619 1886 1630 1904 ,
1661 1858 1792 1909 utique
1825 1859 1861 1896 in
1876 1868 1971 1896 statu
2003 1860 2228 1900 innocentiae
2258 1863 2428 1904 futuram

1309 1908 1424 1947 fuisse
1453 1908 1667 1948 Ecclesiam
1698 1910 1802 1959 Dei,
1825 1911 1977 1950 scilicet
2005 1915 2222 1954 societatem
2251 1916 2430 1957 fidelium

1308 1961 1512 2002 colentium
1544 1962 1699 2010 Deum-3
1729 1965 1792 2004 sed
1822 1964 1936 2016 hujus
1967 1966 2151 2006 Ecclesiae
2181 1978 2297 2020 caput
2327 1972 2430 2010 futu·-

1308 2029 1394 2054 rum
1425 2017 1552 2068 ipsum
1581 2016 1711 2055 Deum
1735 2018 1975 2057 invisibilem
1992 2049 2003 2068 ‚
2045 2033 2117 2059 non
2145 2021 2339 2061 Christum
2368 2026 2430 2064 vi-

1308 2068 1461 2108 sibilem
1479 2100 1490 2118 ‚
1520 2070 1588 2121 qui
1617 2072 1658 2109 in
1688 2083 1732 2108 eo
1761 2079 1857 2109 statu
1877 2084 1960 2109 non
1989 2074 2194 2112 extitisset.
2219 2121 2223 2123 Α
2251 2075 2355 2125 Seu,
2388 2087 2429 2118 ut

1307 2123 1477 2174 quuitur
1496 2121 1658 2161 Sanctus
1678 2123 1847 2162 Thomas
1869 2133 2003 2175 quaest.
2028 2139 2091 2178 29.
2120 2127 2170 2166 de
2196 2121 2323 2167 Vera.
2353 2140 2428 2171 art-

1307 2174 1346 2220 4.
1377 2176 1424 2212 ad
1456 2175 1494 2213 3.
1543 2204 1570 2222 „
1599 2174 1770 2214 Christus
1799 2187 1882 2215 ante
1927 2189 2124 2229 peceatum
2156 2181 2285 2220 fuisset
2313 2194 2428 2236 caput

1310 2256 1337 2275 ,‚
1367 2226 1554 2266 Ecclesiae
1585 2228 1805 2267 secundum
1833 2230 2012 2269 <livinum
2041 2241 2236 2272 naturam
2262 2237 2394 2274 solum
2412 2248 2429 2275 ’.·

1307 2309 1334 2329 „
1364 2281 1426 2318 sed
1459 2289 1539 2332 post
1569 2291 1768 2333 peccatum
1796 2294 1968 2336 oportet,
2008 2294 2047 2324 ut
2066 2288 2122 2325 sit
2143 2287 2336 2326 *Ecciesiae
2366 2304 2431 2329 ca—

1308 2363 1335 2382 „
1365 2342 1454 2385 put,
1475 2335 1590 2372 etiam
1606 2335 1825 2374 secundum
1843 2347 2037 2377 naturam
2052 2339 2304 2381 humanam.
2323 2337 2427 2382 Nem

1310 2416 1336 2435 „
1368 2399 1434 2438 per
1465 2397 1662 2439 peccatum
1686 2399 1828 2429 *natura
1856 2391 2026 2431 hnmana
2055 2393 2252 2433 vulnerata
2278 2405 2356 2444 est,
2394 2396 2428 2434 8ε

1309 2469 1336 2489 ,‚
1367 2440 1414 2478 ad
1442 2440 1637 2481 sensibilia
1664 2442 1864 2490 demersa3
1894 2452 1934 2484 ut
1962 2447 2009 2485 ad
2038 2447 2277 2487 invisibilem
2308 2445 2431 2489 Vetibi

1310 2522 1336 2541 „
1365 2492 1682 2544 gubernationem
1711 2509 1787 2535 non
1815 2500 1859 2537 sit
1889 2498 2124 2539 sufficienter
2153 2500 2354 2540 idonea.'“

1359 2545 1456 2584 «108.
1485 2546 1579 2597 Obj.
1611 2547 1774 2586 ultimo.
1816 2547 1925 2589 Dens
1969 2550 2117 2590 homini
2159 2554 2348 2592 innocenti
2391 2568 2431 2594 se

1308 2600 1623 2636 communicasset
1652 2602 1932 2650 perfectissimo
1961 2604 2099 2648 modo;
2131 2606 2199 2641 *sed
2230 2606 2358 2644 nullus·
2377 2622 2428 2646 *a-

1308 2648 1385 2689 lius
1412 2658 1465 2689 est
1494 2651 1626 2690 modus
1662 2666 1706 2690 >se
1734 2652 1956 2693 hominibus
1997 2658 2311 2697 communicandi
2334 2668 2428 2711 per—

2316 2712 2372 2752 te·

1307 2839 1427 2870 sanari
1442 2859 1451 2868 .
1470 2831 1616 2879 'Quat-'to
1635 2856 1645 2876 ‚
1672 2844 1710 2869 nt
1729 2828 1841 2871 ¹homo
1865 2834 2040 2878 disceret,
2066 2845 2159 2883 quarn
2185 2835 2287 2884 longe
2306 2846 2422 2875 recesu-

1308 2887 1395 2916 serit
1421 2896 1441 2916 α
1467 2882 1566 2922 Deo,
1594 2888 1635 2916 θ’
1664 2885 1746 2927 quid
1772 2886 1829 2918 illi
1858 2885 1967 2918 valeat
1995 2886 2040 2919 ad
2061 2887 2298 2919 medicinalem
2324 2888 2424 2921 dolo·-

1306 2939 1401 2970 rem‚
1439 2931 1569 2973 quando
1602 2942 1663 2973 per
1689 2932 1788 2963 talem
1815 2929 2189 2975 Medianum—redit,
2222 2933 2281 2977 qni
2309 2932 2424 2967 homi-

1307 2976 1410 3010 nibus
1438 2978 1469 3008 ἀ
1495 2977 1587 3008 Dens
1615 2974 1800 3008 divinitate
1828 2976 1990 3010 subvenit
2013 2999 2025 3018 ,
2050 2981 2081 3011 ἀ
2106 2977 2210 3023 homo
2234 2978 2424 3013 infirmita-

1307 3031 1339 3054 te
1366 3022 1553 3055 convenit.
1591 3021 1750 3063 Quinto,
1790 3029 1827 3054 ut
1853 3023 2056 3056 obedientiae
2082 3024 2181 3059 nobis
2207 3016 2426 3070 praebere'tnx·

1307 3069 1509 3112 exemplum
1528 3090 1539 3107 ‚
1565 3071 1620 3110 qui
1647 3079 1707 3110 per
1732 3068 2001 3114 inobedientiam
2049 3075 2259 3105 erici-amus.
2293 3072 2423 3113 Sexto,

1304 3123 1340 3146 ut
1369 3115 1553 3158 praemimn
1578 3111 1785 3146 obedienuae
1812 3115 1911 3149 nobis
1923 3082 2167 3151 ostenderetur·
2194 3119 2228 3151 ih
2248 3129 2351 3151 carne
2370 3117 2424 3151 di·

1304 3160 1375 3192 vini
1402 3156 1608 3192 Metliatoris
1626 3181 1635 3199 ‚
1676 3168 1754 3203 qum
1782 3159 1823 3192 ad
1855 3161 1962 3195 vitarit
1997 3165 2196 3197 ‘resurrexit
2222 3171 2391 3197 aeterntnn
2412 3185 2421 3195 .

1304 3207 1459 3250 Septimo
1475 3227 1484 3244 ‚
1520 3214 1553 3238 nt
1580 3217 1642 3249 per
1667 3207 1812 3240 εαηιιίεηι
1839 3210 2040 3243 rationalem
2056 3216 2257 3245 'crentur-am
2284 3220 2424 3254 snpera-

1303 3260 1396 3285 r'etur
1421 3253 1578 3285 diabolus
1599 3273 1609 3291 ‚
1634 3259 1728 3296 quam
1755 3264 1792 3286 se
1819 3259 1999 3298 superasse
2022 3258 2217 3300 gaudebat·
2256 3256 2306 3289 En
2334 3264 2421 3298 (1¹10-

1304 3296 1407 3332 ruodo
1432 3307 1524 3331 recte
1549 3296 1643 3331 dicat
1669 3299 1856 3343 Angelicus
1875 3322 1886 3341 ,
1919 3305 2041 3337 omnes
2062 3302 2129 3339 >has
2162 3311 2283 3338 causas
2306 3299 2419 3344 perti-

1305 3354 1387 3378 nere
1413 3343 1457 3379 ad
1482 3343 1678 3380 remedium
1703 3346 1864 3390 peccati.

1888 3390 1919 3433 θ
