2583 3685
871 181 998 228 APP.
1030 181 1111 228 DE
1144 181 1400 227 NATURA
1436 181 1622 227 PURA.

96 268 172 318 da,
199 262 349 319 negavit
363 259 582 317 possibilem
613 273 689 300 esse
716 267 855 301 statum
887 273 1031 302 naturae
1063 277 1172 317 pnrae
1192 294 1204 313 ,

96 323 252 362 omnino
279 316 504 356 contendens
521 346 532 365 ,
569 328 642 354 non
671 315 794 354 solum
824 315 1010 368 justitiam
1038 318 1205 368 origina-

97 375 200 421 lem,
233 370 297 409 sed
326 370 440 408 etiam
468 370 591 422 ipsam
648 371 779 408 ratiam
809 371 1111 410 sanctificantem
1140 369 1206 407 lio-

97 426 193 468 mini
218 422 388 462 debitam
416 437 521 471 esse,
551 431 592 460 ut
660 437 722 461 eus
751 423 855 462 salva
883 438 951 463 sua
978 422 1142 476 justitia,
1171 422 1207 458 St

95 477 259 520 bonitate
287 477 369 516 sine
398 475 476 515 illis
507 476 701 515 bominem
730 491 858 515 creare
887 491 960 516 non
990 477 1180 530 potnerit.

148 528 242 571 558.
271 529 356 568 Nou
385 529 486 569 leves
514 528 600 568 haec
641 530 811 568 doctrina
840 532 880 569 in
909 530 1040 582 Belgio
1068 531 1209 567 excita-

91 581 147 623 vit
174 582 359 622 tumultus
388 584 478 636 (a),
525 583 572 621 ad
602 596 694 635 quos
722 584 920 635 sopiendos
954 584 1210 622 sanctissimus

96 636 269 677 Pontifex
298 635 387 675 Pius
418 635 466 674 V.
496 635 704 675 soleinnem
733 636 849 674 edidit
877 637 1178 674 constitutionem
1196 665 1208 683 ‚

93 703 185 744 quae
215 691 349 743 incipit
377 688 449 727 Ex
475 688 680 737 omnibus,
728 688 762 724 8t
790 690 829 726 in
856 702 934 740 qua
962 688 1207 742 plures-pro-

93 745 298 797 positiones
325 743 375 782 ιὰ
402 742 499 782 lianc
521 743 720 782 materiam
748 747 953 794 spectantes
983 743 1207 794 proscriptae

95 797 279 844 fuerunt5
307 810 447 849 nempe

151 850 284 889 xxii.
313 847 525 888 Humana·
542 857 704 888 naturae
731 845 983 897 sublimatio,
1013 849 1063 890 (9⁶
1093 849 1206 887 exal-

96 907 195 942 ιηιὶο
223 908 265 943 in
283 907 524 943 consortium
553 902 691 940 divinoe
711 910 870 938 natnrae
899 901 1029 940 debita.
1046 901 1207 954 juitin-

98 960 436 1010 tegritatiprimae
460 954 694 994 conditionis
710 985 720 1003 ‚
749 954 978 1005 &proinde
1006 958 1207 995 naturalis

95 1010 268 1050 dicenda
296 1018 380 1056 est,
408 1009 458 1049 <9-
486 1021 568 1045 non
596 1008 935 1059 supernaturalis.

146 1062 313 1103 xxvii.
342 1061 562 1114 Integritas
588 1066 733 1112 primoe
779 1066 993 1100 creationis
1023 1063 1208 1116 nonfuit

93 1115 267 1156 indebita
295 1114 488 1153 humanae
514 1123 676 1154 naturae
718 1115 943 1164 exaltatio,
991 1116 1062 1154 sed
1091 1126 1208 1155 natu-

97 1170 195 1219 ralis
216 1170 309 1219 ,e'us
337 1167 506 1208 conditio
527 1195 539 1207 .

147 1221 225 1262 XX
272 1221 338 1261 IV.
366 1220 582 1261 Distincti'o
610 1221 681 1260 illa
723 1220 886 1272 duplicis
915 1227 1067 1262 amoris
1083 1254 1094 1273 ,
1138 1237 1214 1262 na-

94 1271 236 1317 turalis
264 1275 438 1315 videlicet
455 1305 467 1324 ,
509 1288 584 1325 quo
613 1274 725 1325 Deus
765 1284 956 1324 amatur,
1003 1286 1045 1313 ut
1072 1287 1215 1316 auctor

93 1339 278 1378 naturas,
305 1329 355 1370 (9⁶
383 1332 577 1381 gratuiti,
606 1341 680 1379 quo
695 1326 807 1366 Deus
827 1339 1020 1378 amatur,
1051 1340 1090 1367 ut
1120 1331 1212 1370 bea·

93 1379 296 1435 tificator',
326 1394 436 1420 raim
464 1389 549 1430 est,
577 1381 628 1421 <9-
657 1386 933 1420 commentitia
951 1412 962 1431 ,
1004 1383 1054 1422 (J
1083 1383 1138 1422 ad
1167 1385 1213 1422 il-

97 1434 310 1474 ludendum
339 1438 467 1474 sacris
495 1431 660 1484 litteris,
689 1435 930 1486 &plurimis
959 1445 1131 1475 veterum
1159 1448 1215 1478 te-

96 1493 293 1534 stimoniis
322 1492 555 1541 excogitata
571 1513 582 1527 .

150 1536 340 1580 XXXVI.
372 1543 496 1580 Amor
524 1543 724 1580 naturalis
742 1573 754 1590 ‚
795 1546 860 1593 qui
889 1556 942 1580 ex
972 1543 1111 1582 vitibus
1139 1558 1214 1582 na-

97 1607 198 1635 turae
224 1598 402 1634 exoritur
421 1622 433 1642 ,
480 1607 533 1633 ex
561 1595 649 1632 sola
679 1593 926 1646 Philosophia
967 1609 1038 1645 per
1075 1597 1217 1635 elatio-

98 1662 193 1688 nem
220 1649 538 1701 praesumptionis
565 1647 788 1697 humanoe,
825 1661 917 1686 cum
945 1650 1094 1701 injuri'u
1126 1662 1216 1688 cru-

100 1706 156 1742 cis
188 1702 331 1741 Christi
358 1700 583 1755 defen-ditur
610 1715 638 1740 a
667 1701 867 1740 nonnullis
896 1700 1132 1740 Doctoribus
1148 1729 1159 1740 .

153 1755 237 1796 LV.
266 1754 376 1795 Deus
403 1769 486 1794 non
513 1759 698 1808 potuisset
726 1754 778 1793 ab
807 1758 916 1793 initio
945 1756 1071 1794 talem
1099 1769 1214 1794 crea-

99 1823 143 1849 re
172 1809 370 1848 hominem
388 1840 400 1859 ‚
429 1810 558 1860 qualis
587 1821 692 1847 nunc
721 1812 901 1846 nascitur
931 1808 989 1860 (b)
1007 1835 1018 1847 .

153 1862 372 1902 LXXVIII.
402 1862 695 1901 Immortalitas
721 1865 839 1911 primi
867 1861 1038 1900 hominis
1067 1875 1148 1900 non
1177 1876 1217 1901 e-

104 1924 169 1955 rat
229 1919 345 1954 ratioe
373 1915 607 1970 beneficium
624 1946 634 1964 ,
664 1914 735 1954 sed
762 1916 962 1953 naturalis
991 1915 1188 1955 conditio.

157 1930 343 2008 LXXIX.
373 1967 497 2008 Falsa
540 1979 598 2007 est
627 1968 848 2007 Doctorum
877 1973 1097 2019 sententia,
1140 1974 1217 2022 pri·

103 2036 214 2061 mum
243 2022 442 2061 hominem
469 2026 639 2072 potuisse
667 2035 695 2060 a.
724 2020 812 2061 Deo
842 2027 1001 2071 creari,
1030 2023 1080 2064 (θ’
1109 2026 1219 2063 insti-

102 2081 156 2114 tui
183 2079 270 2114 sine
307 2078 450 2114 'ustitia
478 2075 692 2128 originali.

156 2129 249 2182 559.
277 2089 475 2178 duantum
518 2143 609 2167 vero
637 2137 778 2182 spectat
819 2130 866 2167 ad
897 2138 1034 2168 statum
1073 2139 1218 2169 naturae

103 2196 211 2236 purae
230 2213 241 2231 ‚
270 2182 355 2235 Baji
384 2183 608 2222 sententiam
640 2183 962 2235 adoptavitCorn.
992 2184 1218 2234 Jausenirss,

103 2237 353 2289 eamdemque
381 2236 502 2276 tribus
531 2237 688 2288 integris
704 2236 814 2275 libris
835 2236 1056 2285 illustrare,
1087 2239 1216 2276 ac'de-

101 2290 255 2328 fendere
283 2297 438 2328 conatus
467 2299 522 2328 est
551 2291 590 2328 in
633 2303 701 2328 sno
730 2290 951 2342 Augustino
981 2290 1030 2328 ab
1061 2290 1223 2329 Urbano

106 2339 212 2390 Vlll.
241 2342 444 2381 damnato.

159 2395 251 2434 560.
281 2394 449 2433 Demum
479 2396 574 2433 inter
603 2403 778 2443 centnm,
828 2393 859 2431 8<
891 2410 1005 2435 unam
1050 2399 1221 2450 proposi-

104 2448 224 2485 tiones
252 2445 444 2485 Pascliasii
472 2446 673 2494 Qnesnelli
703 2449 743 2484 in
771 2448 915 2486 celebri
946 2450 1057 2488 Bulla
1077 2450 1222 2503 Unige-

107 2504 212 2537 nitus
240 2514 262 2536 a
288 2497 482 2537 Clemente
511 2498 581 2536 XI.
610 2512 708 2537 anno
744 2500 856 2549 1715.
888 2503 1113 2554 proscriptas
1131 2503 1224 2550 ,liaee

112 2553 225 2590 etiam
248 2560 300 2590 est
330 2565 434 2589 num.
456 2550 627 2589 XXXV.
660 2551 809 2588 Gratia
827 2551 974 2590 Adanu·
1003 2563 1060 2590 est
1089 2568 1224 2604 seque-

111 2605 154 2644 la
183 2607 423 2656 creationis,
451 2607 500 2646 <9
531 2614 618 2644 erat
649 2602 779 2643 debita
808 2614 967 2645 naturae
995 2619 1138 2657 sance,
1174 2608 1223 2648 (9-

161 2776 210 2811 (ιι)
240 2772 419 2807 Nonnulla
442 2768 610 2808 docti-ime
636 2772 777 2820 Bajanae
814 2776 929 2822 capita
958 2777 1096 2811 fuerant
1122 2786 1224 2812 antea

111 2827 132 2851 α
156 2830 254 2852 sacra
269 2819 435 2853 facultate
449 2820 633 2855 Parisiensi
654 2823 849 2868 proscripta
864 2846 871 2855 ·
901 2823 1098 2857 Cardinalis
1117 2826 1224 2859 etiam

112 2864 391 2900 Comme-udonus
410 2867 560 2901 multam
583 2875 724 2913 operam
741 2868 957 2914 impenderat
974 2892 985 2910 ‚
1011 2879 1047 2903 nt
1068 2881 1224 2912 eri-ores,

112 2910 174 2953 qui
207 2923 226 2944 a
252 2912 337 2956 Bajo
362 2913 397 2946 in
422 2913 541 2959 Belgio
575 2913 919 2955 disseminabantur,
962 2918 996 2950 in
1034 2918 1108 2961 ipso
1142 2927 1225 2951 ortu

113 2957 385 3007 priefoearentnr
398 2981 410 3000 ‚
434 2958 494 2993 sed
513 2962 644 2996 frustra
659 2985 667 2993 .
695 2961 800 3006 Bajus
814 2971 932 3007 postea
959 2976 1027 2997 nna
1043 2976 1121 2996 curn
1139 2965 1224 2997 Hes-

117 3000 202 3035 selio
227 3002 322 3037 falsis
346 3004 502 3048 ejusdem
527 3007 695 3042 docti-ime
715 3009 898 3053 principiis
926 3010 1060 3043 imbuto
1076 3030 1086 3050 ‚
1114 3011 1224 3043 nonii-

113 3057 157 3079 ιιι
184 3048 285 3091 Regis
309 3050 482 3086 Catholici
509 3054 669 3088 interfuit
687 3056 846 3090 Concilio
861 3056 1093 3089 Tridentino.
1120 3058 1159 3090 In
1185 3069 1226 3090 eo

116 3101 232 3126 tamen
257 3095 414 3130 coneilio
439 3091 525 3132 niliil
550 3097 592 3133 de
616 3101 671 3135 liis
709 3103 956 3136 controversiis
983 3112 1100 3136 actnin
1127 3105 1192 3136 fuit
1214 3125 1224 3143 ,

115 3149 156 3170 ea
193 3137 401 3191 prudentia,
440 3152 478 3176 nt
505 3145 618 3190 inquit
662 3148 766 3182 Car-il.
797 3148 1028 3183 pallavicinus
1066 3149 1225 3194 ejusdem

117 3185 264 3238 Conci-lii
291 3185 589 3234 historiographus
617 3194 694 3227 Lib.
724 3195 803 3228 XV.
831 3207 906 3241 cap.
928 3208 984 3239 7.,
1017 3205 1085 3240 qna
1113 3197 1224 3229 solent

115 3229 294 3276 Principes
319 3235 524 3277 urgentibus
550 3241 703 3272 externis
729 3240 914 3282 hostibus,
932 3278 938 3285 »
956 3241 1147 3275 discordias
1173 3242 1225 3274 ci—

112 3276 211 3310 vium
237 3279 391 3312 internas
403 3282 540 3325 sopire,
566 3292 626 3316 ant
651 3283 869 3321 dissimulare
886 3308 894 3319 ι
924 3287 1092 3323 Absolute
1106 3296 1224 3321 autem

116 3323 277 3357 Concilio
302 3337 382 3359 cnm
407 3327 538 3361 rnaluin
564 3339 771 3373 angeretur,
812 3334 848 3366 S.
875 3334 954 3368 Pius
982 3335 1023 3367 V.
1061 3334 1220 3378 diligenti

114 3370 297 3414 praeinisso
319 3374 479 3406 examine
506 3373 584 3407 Kal.
610 3376 773 3410 Octobris
798 3390 888 3412 :inno
915 3381 1016 3415 1568.
1045 3381 1224 3414 Pontificio

63 3450 66 3454 ,
113 3417 256 3451 oraculo
282 3428 338 3461 70.
366 3419 440 3463 Baji
467 3421 718 3464 propositiones
742 3421 921 3460 damnavit
957 3431 993 3461 in
1017 3428 1115 3473 globo
1133 3448 1143 3466 ,
1184 3436 1223 3460 ut

221 3461 461 3519 Gazzaniga
493 3465 625 3507 Theol.
655 3467 770 3508 Toni.
799 3468 867 3510 IV.

2246 201 2331 240 217

1274 266 1466 315 integrae.
1500 263 1548 300 Ut
1577 272 1705 300 autem
1735 263 1913 315 opinatur
1941 262 2056 304 Card.
2085 264 2293 318 Gregorius
2313 267 2396 306 Sel·

1273 315 1346 354 leti
1373 316 1468 353 Ord.
1499 315 1621 353 l'raed.
1670 315 1784 354 Toin.
1809 317 1875 356 Vl.
1905 321 1961 356 sui
2003 321 2128 371 operis
2172 333 2241 371 pro
2269 320 2398 359 desen-

1273 370 1375 408 sione
1404 367 1528 406 Bullae
1564 368 1825 421 (migetium,
1866 371 1978 421 liujus
2007 374 2194 411 darnuatae
2227 374 2399 426 proposi-

1275 423 1389 465 ssonis
1418 451 1444 470 „
1474 423 1582 460 radix
1614 424 1654 460 in
1685 436 1727 459 eo
1755 425 1874 471 sistit,
1917 427 2018 476 quod
2051 426 2195 464 Autlior
2225 426 2396 465 absolute

1280 505 1306 525 ‚‚
1335 483 1463 527 negat,
1493 475 1714 528 possibilem
1744 491 1821 514 esse
1842 486 1977 516 statum
1999 489 2145 517 naturae
2177 493 2315 531 purae3
2346 482 2396 518 ita

1279 558 1305 578 ‚,
1334 528 1437 581 quod
1468 543 1535 580 per
1564 529 1692 580 ipsum
1709 529 1812 567 Deus
1840 544 1914 569 non
1947 534 2123 583 potuisset
2137 533 2300 572 condere
2323 533 2394 571 litl-

1279 611 1305 630 „
1335 595 1489 619 iiianani
1521 591 1694 620 naturam
1724 596 1813 620 cuin
1835 586 2130 624 connaturaliter
2160 595 2305 624 tantum
2333 587 2406 624 de·

1278 666 1304 684 ‚‚
1333 635 1424 673 bitis
1442 664 1452 682 ‚
1483 635 1677 687 &absque
1708 634 1786 673 ullo
1808 638 1999 686 indebito,
2031 640 2063 675 &
2093 639 2141 678 ab
2172 640 2304 678 eadem
2326 653 2402 677 uon

1277 719 1303 738 ,‚
1333 688 1548 741 postulato.
1579 689 1736 737 Quoties
1765 692 1867 728 euim
1886 691 1966 728 Deo
1996 693 2263 743 possibilenon
2292 702 2399 741 erat,

1277 773 1304 792 ‚‚
1336 751 1512 781 naturam
1543 742 1754 781 humanam
1785 744 1993 796 producere
2023 749 2102 784 siue
2130 748 2279 797 gratia,
2318 761 2402 785 ma-

1279 825 1306 844 „
1335 795 1469 834 niteste
1499 797 1698 849 sequitur,
1727 800 1859 847 ipsam
1881 811 1965 835 esse
1996 801 2199 850 sequelam
2229 804 2399 838 creatio-

1280 879 1306 898 „
1335 853 1425 898 nis,
1453 850 1566 888 sicuti
1595 860 1804 901 sequuntur
1825 854 2094 903 proprietates:
2126 852 2158 889 8:
2182 867 2257 891 esse
2287 863 2397 892 natu·

1277 929 1305 952 „
1334 915 1388 940 rae
1418 904 1491 955 ipsi
1507 903 1806 942 connaturaliter
1836 905 2004 943 debitam
2023 938 2033 954 ,
2064 909 2172 945 sicuti
2204 909 2239 945 ei
2268 906 2398 944 debitat

1277 986 1304 1005 ,‚
1332 965 1416 994 sunt
1445 965 1580 995 cuncta
1609 957 1898 997 connaturalia.
1946 959 2217 999 Substitueudo
2248 959 2403 999 Anthou

1279 1039 1304 1058 ‚,
1335 1008 1554 1061 hujusmodi
1585 1024 1788 1049 erroneum
1810 1013 2044 1064 principium
2075 1022 2225 1051 secutus
2253 1022 2308 1051 est
2328 1013 2401 1050 Ba-

1279 1092 1305 1112 „
1334 1062 1417 1114 jum
1436 1093 1446 1112 ,
1477 1063 1509 1100 8t
1538 1063 1757 1102 Jansenium
1775 1095 1785 1113 ‚
1829 1066 1998 1104 absolute
2027 1067 2252 1105 detestantes
2282 1066 2398 1118 possi-

1281 1146 1308 1165 „
1336 1115 1527 1154 bilitatein
1545 1126 1656 1155 status
1687 1127 1831 1156 naturae
1849 1121 1887 1157 in
1918 1122 1994 1158 suis
2024 1124 2130 1171 puris
2160 1118 2399 1159 naturalibus

1282 1199 1308 1217 ,‚
1337 1170 1409 1208 ἃς.
1430 1173 1456 1191 “
1506 1170 1696 1210 Hactenus
1726 1171 1986 1221 amplissimus
2030 1173 2091 1212 liic
2121 1173 2334 1211 Cardinalis
2364 1173 2404 1211 in

1282 1224 1409 1275 Opere
1429 1254 1439 1272 ‚
1477 1226 1540 1262 cui
1572 1224 1725 1262 titulus:
1769 1224 2059 1275 Propositiones
2091 1240 2118 1264 a
2147 1229 2406 1263 sanctissimo

1282 1276 1459 1315 Domino
1475 1276 1557 1329 fel.
1587 1277 1740 1317 record.
1775 1278 1978 1316 Clemente
2007 1278 2082 1317 XI.
2120 1278 2334 1316 damnatae
2363 1282 2418 1315 in„

1284 1330 1400 1368 Bulla
1433 1329 1669 1382 Unigenitus
1697 1331 1818 1370 Filius
1849 1331 1927 1370 Det
1968 1332 2056 1373 (9¹0.
2103 1331 2234 1371 Romae
2269 1332 2403 1383 1718.-

1289 1396 1404 1435 1727.
1436 1380 1523 1422 Vol.
1547 1385 1653 1422 VIII.
1684 1386 1723 1423 in
1753 1386 1791 1431 l„

1339 1437 1430 1476 561.
1460 1437 1544 1475 Non
1573 1437 1805 1478 obstantibus
1835 1447 1962 1478 tamen
1992 1439 2051 1477 liis
2081 1438 2292 1479 Pontificiis
2320 1453 2418 1481 ora«.

1283 1489 1381 1531 culis
1410 1489 1534 1543 aliqui
1564 1495 1771 1544 insigniter
1800 1491 1903 1530 <locri
1933 1492 2120 1545 Tlieologi
2153 1491 2210 1543 (c)
2245 1492 2404 1531 omnino

1283 1544 1543 1591 contendunt,
1586 1553 1725 1583 statum
1755 1556 1901 1584 natura:
1935 1560 2041 1598 pura:
2085 1560 2162 1584 esse
2193 1545 2408 1597 impossibi-

1285 1595 1388 1641 lem;
1418 1609 1586 1648 quorum
1615 1601 1798 1636 sententia
1828 1599 1911 1636 liaec
1942 1609 2021 1637 est.
2053 1598 2182 1637 Primo
2210 1599 2409 1637 homiuem

1285 1663 1306 1686 a
1336 1647 1420 1685 Deo
1449 1658 1619 1687 creatum
1649 1652 1697 1688 ad
1727 1653 1934 1703 imaginem
1964 1666 2100 1700 suain,
2148 1654 2300 1691 rationis
2320 1683 2330 1700 ‚
2374 1653 2409 1689 ἀ

1284 1700 1473 1739 libertatis
1503 1712 1715 1754 compotem
1735 1734 1745 1751 ,
1785 1717 1860 1741 non
1890 1706 2054 1756 potuisse
2081 1705 2253 1744 ordinari
2283 1706 2330 1743 ad
2363 1705 2408 1743 fi·

1282 1768 1372 1793 ueni
1401 1755 1664 1794 tantummodo
1693 1756 1903 1794 naturalem
1922 1787 1932 1804 ‚
1964 1758 2001 1794 in
2030 1770 2108 1807 quo
2137 1760 2333 1809 perfecta,
2363 1772 2409 1797 ac

1284 1807 1399 1861 plena
1421 1808 1614 1846 beatitudo
1642 1810 1842 1848 consistere
1871 1810 2030 1862 nequit5
2060 1810 2123 1848 sed
2140 1811 2309 1850 ordinari
2341 1825 2410 1849 ne-

1287 1863 1449 1900 cessario
1477 1862 1651 1901 debuisse
1680 1863 1728 1901 ad
1757 1863 1876 1902 finem
1907 1863 2237 1915 supernaturalem
2255 1895 2266 1912 ‚
2309 1864 2414 1903 scili-

1288 1925 1344 1954 cet
1363 1915 1422 1954 ‘ad
1451 1916 1578 1954 Deum
1610 1925 1649 1954 ut
1677 1927 1871 1956 auctorem
1900 1918 2034 1969 gratia:
2054 1948 2065 1966 ,
2108 1917 2143 1954 ἃ
2171 1914 2330 1969 gloriae;
2378 1918 2413 1955 ἃ

1287 1970 1472 2022 quoniam
1503 1970 1678 2008 innatum
1708 1972 1744 2009 ei
1774 1970 1960 2016 tributum
1999 1981 2051 2009 est
2083 1973 2262 2023 perfecta:
2291 1970 2411 2011 beati-

1288 2023 1428 2061 tudinis
1456 2023 1715 2072 desiderium,
1764 2025 1811 2063 ad
1840 2025 2011 2063 divinam
2059 2024 2266 2063 bonitatem
2297 2027 2413 2076 perti-

1287 2077 1440 2125 nuisse,
1473 2086 1512 2114 ut
1541 2079 1655 2115 etiam
1685 2077 1754 2115 illa
1784 2078 1909 2116 media
1938 2077 2241 2129 supernaturalis
2268 2079 2421 2118 ordinis

1289 2131 1323 2168 ei
1361 2130 1715 2182 suppeditarentur,
1764 2131 1906 2182 quibus
1953 2130 2054 2169 liunc
2098 2130 2216 2170 finem
2260 2135 2413 2185 assequi.

1288 2191 1434 2235 posset,
1464 2191 1604 2221 attenta
1633 2184 1819 2222 nimirum
1849 2183 2025 2222 benefica
2047 2184 2121 2224 Dei
2151 2185 2412 2238 providentia,

1289 2250 1378 2288 quae
1427 2236 1525 2274 nulli
1556 2246 1742 2276 creaturas
1789 2237 1946 2290 denegat
1975 2238 2103 2277 inedia
2144 2239 2194 2276 ad
2236 2238 2325 2277 finis
2354 2241 2414 2279 sui

1289 2300 1598 2328 consecutionem
1628 2303 1836 2330 necessaria
1852 2317 1862 2329 .

1346 2343 1437 2382 362.
1467 2343 1643 2383 Secundo
1672 2354 1838 2395 negant,
1870 2344 2035 2397 potuisse
2066 2342 2260 2385 bominem
2290 2349 2413 2386 creari

1290 2411 1312 2434 a
1334 2395 1415 2434 Deo
1444 2411 1532 2435 cuin
1565 2398 1753 2450 perduelli
1775 2400 2107 2451 concupiscentia,
2137 2399 2293 2453 qualem
2309 2414 2414 2439 nunc

1292 2451 1513 2501 experimur
1531 2480 1542 2499 ,
1573 2452 1606 2488 8<
1634 2466 1724 2504 quae
1746 2461 1847 2490 certo
1875 2454 2013 2493 certius
2043 2463 2094 2492 est
2125 2455 2295 2492 funestus
2323 2468 2412 2506 pec-

1292 2505 1364 2541 cati
1395 2504 1591 2555 originalis
1621 2505 1801 2551 effectus;
1840 2520 1976 2558 nempe
2006 2516 2046 2544 iit
2075 2507 2295 2545 Concilium
2327 2507 2415 2544 Tri-

1291 2555 1484 2593 dentinnin
1506 2557 1682 2595 desinivit
1711 2559 1809 2596 Sess.
1833 2558 1881 2595 V.
1912 2572 1964 2595 ex
1979 2568 2144 2608 peccato
2175 2570 2259 2608 esc,
2289 2559 2410 2600 (Pal

1289 2617 1499 2658 peccatum
1529 2610 1728 2649 inclinat:
1770 2623 1848 2659 qua
1875 2610 1922 2646 de
1952 2624 1990 2648 re
2019 2611 2139 2649 inulta
2171 2611 2283 2650 liabet
2312 2613 2408 2651 eini—

2268 2678 2360 2703 neu-

1293 2779 1448 2820 ‹lit-itur,
1475 2777 1562 2811 idest
1589 2786 1657 2810 non
1676 2775 1831 2821 apposita
1859 2775 2314 2820 singulispropositionibus
2328 2785 2409 2819 pro·

1293 2826 1368 2870 pria
1395 2836 1540 2857 censura
1565 2824 1621 2856 vel
1645 2823 1902 2868 qualificatione
1921 2838 1933 2860 ;
1975 2822 2076 2866 cujus
2113 2821 2350 2855 damnationis
2375 2826 2411 2854 i'n

1277 2872 1393 2915 -gloho
1418 2871 1618 2915 exemplum
1644 2879 1746 2902 antea
1771 2869 1939 2902 dederunt
1967 2872 1998 2901 &
2026 2869 2096 2902 Leo
2124 2869 2169 2902 Χ.
2197 2877 2317 2901 contra
2342 2869 2413 2902 Ln-

1294 2917 1433 2951 tliernm
1450 2938 1460 2957 ‚
1486 2919 1517 2949 8<
1543 2916 1741 2951 Concilium
1767 2915 2036 2950 Constantienso
2061 2924 2182 2949 contra
2201 2915 2256 2948 Jo.
2282 2915 2415 2949 *Vicle-

1294 2966 1393 2997 funi.
1421 2962 1552 2997 Eadem
1580 2963 1683 2996 Piana
1710 2961 1925 2995 Constitutio
1950 2962 2015 2994 fnit
2043 2970 2162 3006 postea
2199 2974 2217 2994 a
2244 2961 2420 3005 Gregorio

1294 3011 1392 3045 Xiii.
1419 3016 1509 3043 :inno
1538 3010 1641 3052 ¹579·
1668 3009 1871 3042 solemniter
1898 3008 2144 3052 promulgata,
2171 3011 2203 3039 ἀ
2229 3007 2272 3042 ab
2300 3008 2416 3042 Urba-

1294 3069 1338 3090 no
1365 3057 1458 3090 viii.
1487 3068 1577 3089 :inno
1597 3055 1697 3096 1641.
1725 3054 1931 3087 confirmata
1947 3075 1957 3093 ,
1983 3067 2022 3087 ac
2044 3063 2116 3088 toto
2129 3054 2335 3088 Christiano
2357 3066 2416 3088 or-

1294 3103 1336 3137 be
1377 3110 1540 3146 recepta,
1580 3109 1616 3133 nt
1645 3101 1842 3134 nullatenus
1882 3098 2044 3133 audiendi
2085 3102 2187 3141 sint,
2230 3102 2290 3145 qui
2320 3101 2414 3134 illins

1293 3149 1402 3181 Bullae
1431 3145 1679 3180 auctori-..neni
1703 3148 1737 3179 in
1763 3146 1912 3181 dubium
1939 3158 2101 3181 revocare
2128 3147 2256 3181 audent
2273 3170 2281 3178 .

1339 3196 1389 3233 (b)
1414 3194 1495 3226 Haeo
1522 3193 1713 3237 propositio
1738 3205 1819 3226 vera
1844 3202 1922 3234 est,
1950 3194 1977 3226 si
1992 3194 2216 3240 intelligatur
2241 3194 2282 3227 de
2302 3193 2418 3229 liomi'ff

1294 3254 1359 3279 ne,
1386 3240 1502 3284 qualis
1529 3250 1619 3272 nnnc
1648 3240 1805 3273 nascitur
1830 3253 1902 3273 cum
1925 3249 2068 3284 peccato
2102 3243 2299 3285 originali.
2350 3238 2415 3272 Sed

1294 3288 1398 3330 Baius
1423 3284 1592 3325 docebat,
1631 3298 1696 3319 non
1724 3287 1878 3330 potuisse
1906 3287 2084 3320 bominem
2110 3289 2223 3320 creari
2252 3299 2330 3320 cnm
2356 3297 2413 3317 ca—

1293 3334 1404 3366 rentia
1433 3331 1577 3376 gratiae,
1603 3343 1662 3365 seu
1681 3333 1754 3366 sine
1778 3332 1915 3376 justitia
1933 3334 2123 3378 originali3
2152 3343 2254 3377 prout
2281 3331 2410 3364 clarius

1291 3388 1443 3413 mentem
1470 3389 1570 3410 suam
1596 3380 1731 3423 aperuit
1760 3380 1793 3412 in
1821 3380 1989 3424 proposit.
2018 3380 2188 3413 Lxxix.

1344 3432 1391 3467 gc)
1422 3428 1472 3459 Ita
1509 3437 1565 3459 eos
1590 3434 1691 3460 vocat
1718 3425 1822 3460 Card-
1861 3426 2097 3461 Bellarmiiiiis
2123 3425 2200 3458 Lib.
2227 3423 2331 3457 unico
2354 3423 2399 3456 da

1769 3467 1819 3511 28
