2583 3685
267 124 353 164 216

214 194 667 251 eruendamnecessariam
699 205 775 230 esse
792 193 952 231 confessi
982 202 1066 231 sunt
1096 197 1110 245 (
1141 196 1239 247 quod
1261 207 1326 232 suo

212 252 296 288 loco
316 248 559 286 ostendemus
589 247 633 294 ).
691 245 776 282 Non
822 247 870 282 ita
897 255 1026 283 tamen
1065 257 1325 295 recesserunt,

210 305 304 353 quin
349 299 542 337 hominem
574 313 647 336 una
671 297 792 335 simul
821 299 860 336 in
910 307 1006 336 statu
1036 311 1179 338 naturae
1212 313 1319 353 purae

209 352 517 396 considerarent3
563 352 736 389 docentes
766 351 940 399 scilicet,
984 366 1071 390 euni
1104 355 1217 391 etiam
1247 356 1325 391 siue

209 407 327 458 gratia
358 418 462 457 posse
492 404 633 442 bonum
654 406 824 456 operari,
855 404 982 442 Deum
1010 406 1199 457 diligere,
1229 407 1324 445 &ad

209 457 422 496 naturalem
452 458 947 510 quamdambeatitudiuem
978 462 1204 509 pervenite.
1235 459 1324 498 Vid.

209 526 296 563 sup.
325 525 432 550 num.
457 511 547 549 251.
578 511 639 549 llli
661 514 813 562 insuper
830 513 947 548 errori
970 514 1218 563 pervicaciter
1247 512 1326 550 bae-

211 573 359 604 serunt.
390 566 562 602 miserias
592 565 708 616 liujus
738 567 849 612 vitae,
887 578 931 602 ac
962 573 1120 602 mortem
1152 579 1222 603 non
1251 580 1326 604 esse

209 618 353 669 peccati
381 617 578 667 originalis
599 632 731 670 poenas
749 648 759 664 ‚
789 618 853 655 sed
868 625 1014 655 naturae
1036 617 1218 655 liumanoe
1240 632 1326 656 con-

210 671 365 709 sectaria
397 673 482 721 (a);
512 685 588 722 qua
619 672 663 708 de
683 685 824 718 causa,
857 680 895 708 tit
924 683 1039 722 supra
1067 679 1253 708 ostensum
1276 679 1328 710 est

209 735 315 762 num.
344 723 429 774 ¹59·
459 723 508 761 ab
539 724 714 762 Ecclesia
742 724 985 762 condemnari
1016 733 1259 762 meruerunt.

265 777 356 815 555.
387 775 505 815 Nulla
536 778 679 829 igitur,
723 785 764 814 ut
808 777 986 829 equidem
1019 787 1134 830 pum,
1181 786 1330 816 contro-

211 831 334 867 versia
363 844 439 866 esse
468 839 585 881 potest
614 832 709 868 inter
728 829 970 878 catholicos,
999 845 1046 868 an
1075 839 1188 869 status
1218 839 1328 869 natu-

209 897 263 921 rae
295 897 402 936 purte
436 897 605 935 unquam
628 884 815 922 extiterit.
847 883 1036 931 Quamvis
1065 885 1167 921 enim
1187 914 1198 932 ,
1230 893 1268 922 ut
1288 899 1328 922 a-

209 935 280 975 lias
311 937 529 974 monuimus
548 938 648 975 Sect.
670 938 699 974 Ι.
730 950 836 975 num.
857 951 923 987 7¹.
940 968 950 985 ,
982 937 1058 975 fide
1086 946 1231 974 certum
1254 950 1326 975 non

208 992 280 1039 sit,
329 990 518 1028 Adamum
551 991 666 1028 fnisse
710 991 748 1028 iu
777 992 897 1042 gratia
934 990 1197 1028 sanctificante
1224 1004 1327 1028 crea-

209 1053 291 1081 tum
310 1073 320 1090 ,
350 1043 520 1081 dubitari
551 1053 677 1082 tamen
707 1056 776 1080 non
807 1051 953 1095 potest,
998 1043 1124 1095 ipsum
1155 1052 1325 1081 creatum

209 1097 324 1135 fuisse
355 1097 391 1134 iu
422 1097 565 1146 justitia
590 1096 767 1148 originali
789 1121 799 1134 .
829 1097 870 1133 ld
900 1097 999 1134 enim
1032 1095 1246 1134 luculenter
1261 1097 1326 1135 do—

209 1159 266 1188 cet
295 1150 337 1188 S.
357 1150 527 1188 Thomas
557 1149 646 1188 Lib.
668 1150 734 1188 lV.
768 1149 900 1187 Contr.
921 1149 1039 1187 Gent.
1068 1163 1155 1201 cap.
1175 1150 1240 1187 52.
1271 1151 1326 1187 in-

206 1205 368 1256 quiens:
418 1233 443 1251 „
475 1201 702 1241 Secundum
719 1202 825 1256 fidei
853 1202 1080 1241 doctrinam
1111 1206 1294 1254 ponimus
1315 1231 1326 1251 ,

210 1286 237 1305 s»
268 1256 462 1294 hominem
504 1271 527 1294 a
558 1257 752 1309 principio
798 1256 921 1294 taliter
964 1271 1041 1294 esse
1079 1257 1292 1294 institutum
1314 1283 1327 1303 ,

210 1342 235 1358 ‚‚
267 1309 368 1361 quod
397 1310 565 1361 quandiu
594 1311 690 1346 ratio
711 1309 875 1347 hominis
897 1310 979 1346 Deo
1007 1318 1098 1346 esset
1127 1308 1328 1359 subjecta,

209 1391 235 1410 ‚‚
266 1363 460 1400 inferiores
491 1364 587 1400 vires
618 1363 650 1399 ei
665 1363 746 1399 sine
774 1363 1048 1414 impedimento
1071 1361 1328 1410 deservirent,

207 1444 235 1463 ,ἶ
266 1414 301 1450 &
331 1427 466 1466 corpus
495 1414 544 1452 ab
566 1413 647 1464 ejus
668 1415 905 1466 subjectione
927 1415 1108 1467 impediri
1139 1429 1214 1454 non
1245 1428 1328 1467 pos-

209 1494 235 1516 ..
267 1474 317 1505 set
347 1481 414 1519 per
443 1467 597 1521 aliquod
629 1469 948 1521 impedimentum
969 1468 1192 1520 corporale,
1225 1468 1328 1517 Deo,

208 1551 234 1568 „
266 1521 315 1561 Θ*
343 1534 418 1558 sua
446 1524 583 1573 gratia
614 1521 843 1574 supplente,
887 1523 987 1574 quod
1035 1522 1082 1559 ad
1112 1521 1183 1560 hoc
1214 1522 1330 1572 perfi-

209 1604 234 1622 „
263 1575 443 1612 ciendum
474 1584 610 1612 natura
637 1576 766 1613 minus
795 1574 1028 1613 habebat“.
1066 1574 1145 1612 Ubi
1176 1575 1329 1624 sapien-

205 1636 262 1665 ter
291 1636 419 1666 monet
446 1626 616 1665 Thomas
644 1628 843 1666 Lemosius
864 1657 875 1674 ,
924 1627 1021 1664 illud
1059 1639 1132 1663 sua
1162 1629 1299 1677 gratia
1316 1655 1328 1674 ,

209 1693 284 1717 non
301 1680 521 1731 significare
541 1681 702 1730 gratiam
719 1679 988 1730 justificantem
1008 1708 1018 1726 ‚
1049 1678 1112 1715 secl
1141 1677 1328 1728 justitiam

211 1732 467 1783 originalem,
516 1745 604 1785 quae
652 1732 725 1770 fuit
760 1732 900 1770 donum
942 1735 1161 1784 gratuitum
1202 1733 1331 1784 primo

211 1786 360 1837 parenti
390 1784 570 1823 collatum
588 1811 598 1824 .

267 1838 358 1884 554.
390 1837 505 1876 Addit
534 1840 690 1889 insuper
709 1837 815 1877 laud.
845 1838 1044 1877 Lemosius
1065 1838 1246 1877 Tract.1.
1276 1838 1326 1877 de

210 1891 371 1929 laesione
401 1889 506 1929 libert
535 1890 686 1929 arbitrii
712 1905 799 1942 cap.
823 1892 860 1932 5.
878 1923 889 1941 ‚
919 1905 994 1930 non
1025 1905 1102 1930 esse
1121 1893 1324 1932 assentien-

210 1944 302 1982 dum
332 1944 522 1994 aliquibus
549 1944 732 1997 gravibus
748 1943 1011 1993 Doctoribus,
1040 1947 1108 1997 qui
1139 1944 1237 1983 hanc
1259 1959 1323 1984 ve-

206 1998 355 2034 ritatem
386 1996 517 2035 nolunt
549 1998 734 2047 pertinere
761 1998 810 2036 ad
839 1998 983 2044 fidem3
1025 1999 1089 2036 sed
1120 2000 1240 2051 magis
1268 2013 1326 2037 as-

209 2050 443 2088 sentiendum
474 2050 515 2088 S.
546 2049 707 2088 Thomae
726 2080 737 2099 ,
785 2052 854 2102 qui
882 2064 1057 2104 expresse
1099 2051 1238 2100 docet,
1285 2051 1326 2090 td

207 2106 402 2154 pertinere
430 2103 486 2141 ad
502 2102 610 2156 fidei
639 2103 893 2143 doctrinam.
951 2104 999 2142 Et
1028 2118 1117 2143 sane
1153 2106 1325 2143 doctrina.

207 2157 299 2196 fidei
324 2166 407 2205 est,
437 2156 629 2195 hominem
658 2171 859 2210 nunquam
889 2159 1147 2207 moriturum,
1190 2159 1220 2196 si
1250 2171 1324 2196 non

211 2219 398 2262 peccasset
428 2211 548 2261 (vide
567 2224 681 2262 supra
711 2225 748 2248 n.
777 2211 864 2264 159.
894 2211 928 2248 δι
956 2225 1062 2263 sequ.
1093 2211 1133 2260 ):
1165 2212 1326 2249 immor-

210 2263 336 2301 talitas
363 2273 488 2301 autem
518 2273 598 2301 erat
627 2264 767 2302 donum
788 2266 995 2316 gratuitum
1026 2263 1182 2315 justitiae
1211 2265 1328 2316 origi-

211 2316 334 2362 natis3
362 2331 480 2368 quam
508 2315 645 2368 procul
674 2316 793 2354 dubio
822 2316 935 2355 homo
964 2330 1036 2355 non
1066 2317 1257 2355 habuisset
1287 2320 1327 2358 in

211 2372 319 2422 puris
334 2369 573 2408 naturalibus
588 2371 831 2408 constitutus:
858 2380 1127 2423 consequenter
1155 2384 1242 2422 ergo
1270 2384 1331 2408 se-

212 2423 387 2461 cundum
406 2422 512 2476 fidei
540 2422 766 2460 doctrinam
804 2422 918 2461 homo
946 2437 1020 2462 non
1051 2424 1121 2461 fuit
1152 2425 1190 2462 in
1221 2425 1328 2476 puris

210 2475 448 2515 naturalibus
469 2484 615 2514 creatus
632 2506 642 2524 ,
672 2477 735 2514 sed
766 2475 899 2514 saltem
931 2476 1130 2528 injustitia
1158 2478 1325 2528 origina-

215 2528 270 2569 li.
312 2530 410 2568 Dico
438 2530 615 2574 saltem,·
645 2537 789 2569 certum
821 2531 924 2568 enim
954 2539 1073 2581 puto,
1102 2544 1325 2582 quanquam

255 2698 303 2732 (a)
333 2714 358 2734 ‚,
383 2690 585 2738 Pelagiani,
628 2693 742 2738 inquit
768 2693 872 2729 Card.
901 2696 991 2730 Rob.
1019 2691 1251 2730 Beilarminus
1293 2695 1327 2730 in

214 2757 239 2778 3,
266 2739 344 2773 Lib.
369 2741 473 2774 unico
495 2742 538 2774 de
568 2741 693 2774 Gratia
718 2745 821 2784 primi
858 2742 1008 2776 hominis
1034 2755 1110 2787 cap.
1144 2752 1204 2783 1.,
1247 2755 1328 2776 cum

218 2804 241 2822 :a
265 2786 299 2817 in
325 2787 439 2831 primo
462 2786 604 2820 homine
630 2787 767 2832 nullum
794 2789 1061 2833 supernaturale
1087 2788 1216 2821 donum
1233 2809 1245 2828 ,
1270 2786 1330 2820 sed

220 2849 244 2867 ‚2
270 2833 444 2866 naturales
481 2841 618 2866 tantum
646 2833 832 2867 facultates
872 2843 1125 2877 agnoscerent,
1167 2833 1199 2866 &
1223 2834 1331 2866 simul

217 2894 243 2913 υ
269 2873 511 2919 adverterent,
536 2878 625 2913 nihil
653 2880 688 2912 in
714 2878 854 2913 homine
880 2892 973 2913 nunc
998 2875 1213 2919 desiderari,
1238 2878 1331 2923 quod

218 2939 244 2958 ς,
270 2918 311 2951 ad
338 2932 495 2957 naturam
516 2925 707 2959 humanam
734 2925 1014 2959 constituendam
1042 2926 1265 2970 requiratur,
1293 2926 1327 2958 in

218 2986 244 3005 5,
271 2971 577 3017 eam-sententiam
604 2981 800 3013 venerunt,
832 2980 870 3005 tit
897 2972 1168 3012 existimarent,
1194 2982 1254 3015 per
1280 2972 1328 3005 Α-

217 3031 244 3051 „
269 3009 361 3042 d-uni
398 3025 575 3056 peccatum
613 3018 702 3051 nihil
737 3019 881 3052 omnino
917 3017 1072 3051 homines
1109 3016 1328 3062 perdidisse,

217 3077 244 3097 ,‚
269 3058 524 3101 talemqnemsnc
547 3076 670 3108 quoque
696 3078 774 3098 esse
799 3066 970 3097 humanam
995 3072 1148 3097 naturam
1167 3086 1178 3104 ‚
1201 3066 1330 3108 qualem

218 3122 245 3144 „
270 3105 373 3135 initio
398 3107 520 3145 primus
548 3109 639 3141 homo
665 3113 707 3144 de
732 3125 827 3145 mann
854 3112 1046 3144 conditoris
1072 3118 1254 3154 acceperat
1273 3114 1299 3134 (ί
1319 3133 1328 3143 .

269 3149 316 3200 (b)
342 3149 457 3182 Verba
473 3152 676 3188 S-Ductoris
690 3156 784 3190 laud.
799 3166 867 3190 art.
885 3168 917 3188 2.
945 3157 1018 3190 liaec
1032 3166 1136 3190 sunt.-
1165 3178 1191 3197 ‚,
1219 3157 1330 3190 Homo

219 3210 246 3234 9,
272 3207 306 3227 in
332 3202 425 3227 statu
451 3204 583 3230 naturae
609 3203 744 3245 integrae
770 3212 906 3247 poterat
930 3204 1065 3247 operari
1100 3203 1230 3236 virtute
1258 3215 1328 3236 suae

219 3257 246 3279 2,
271 3251 404 3293 nau-trs?
431 3240 585 3281 bonum,
620 3246 711 3287 quod
737 3257 788 3282 est
814 3249 881 3282 sibi
910 3250 1160 3290 connaturale,
1197 3249 1327 3293 absque

219 3302 247 3325 2,
273 3285 446 3338 additione
472 3292 615 3330 gratuiti
651 3293 730 3324 doni
758 3299 768 3331 (
793 3305 914 3337 nempe
952 3295 1072 3338 gratiae
1107 3295 1329 3328 sanctifican-

197 3348 247 3380 ὐ
273 3339 317 3365 tis
342 3338 384 3374 ),
409 3332 490 3367 hcet
517 3345 586 3369 non
610 3335 740 3381 absque
766 3340 899 3374 auxilio
924 3340 989 3374 Dei
1016 3341 1211 3375 moventis.
1238 3339 1330 3375 Dili-

779 113 1183 157 DISSERTATI‘O
1206 114 1284 158 III.
1339 112 1507 156 SEC'T.
1540 113 1617 156 III.
1651 113 1778 158 CAP.
1802 115 1924 159 VIII.

1394 205 1473 230 ηοη
1503 192 1550 229 <le
1566 192 1658 244 fide
1679 221 1691 241 ,
1729 194 1856 244 ipsum
1886 196 2001 234 fuisse
2030 194 2218 246 ingratia
2245 195 2503 237 sanctificante

1394 255 1562 284 creatum
1580 270 1590 281 .

1447 299 1538 338 555.
1567 297 1700 351 Neque
1728 311 1818 336 vero
1844 299 1976 349 obest,
2022 302 2123 354 quod
2166 302 2266 340 idem
2298 303 2503 355 Angelicus

1392 352 1433 391 S.
1464 353 1603 390 Doctor
1639 365 1670 388 1.
1703 364 1739 389 2.
1781 361 1915 402 quaest.
1942 366 2026 405 ¹09·
2072 363 2141 392 art.
2163 355 2202 393 5.
2246 357 2410 405 reserat,
2457 369 2503 396 ac

1393 404 1501 443 nulla
1531 417 1689 443 censura
1718 411 1819 441 notet
1848 403 1954 443 illam
1975 408 2229 458 quorumdam
2258 411 2503 461 opinionem,

1393 460 1460 511 qui
1490 458 1667 496 dicebant
1685 487 1695 505 ,
1725 460 1897 509 primum
1919 457 2118 497 hominem
2147 463 2187 497 in
2217 463 2308 499 solis
2335 472 2504 501 natura-

1394 512 1490 549 libus
1519 515 1773 549 constitutum
1790 508 1953 561 sitisse.
2000 512 2085 549 Non
2115 513 2272 563 inquam
2301 515 2340 552 id
2368 516 2503 565 obest,

1394 567 1487 618 qnia
1515 566 1571 603 ibi
1601 564 1642 602 S.
1672 564 1812 601 Doctor
1829 593 1839 611 ‚
1870 574 1911 601 ut
1938 577 1984 601 ex
2014 573 2088 601 toto
2116 575 2290 603 contextu
2317 579 2505 619 apparet,

1396 633 1462 670 per
1492 617 1686 656 hominem
1730 620 1770 653 ἱη
1798 620 1903 667 puris
1933 615 2181 654 naturalibus
2223 623 2474 658 constitutum
2493 651 2506 670 ,

1396 684 1472 711 nou
1503 666 1679 722 iutelligit
1708 672 1832 722 ipsum
1865 670 2098 722 expoliatum
2130 672 2243 708 etiam
2273 671 2369 709 dono
2397 671 2507 723 justi-

1395 726 1460 762 tiae
1502 725 1724 776 originalis,
1772 724 1835 761 sed
1866 724 1989 762 solum
2031 733 2221 761 carentem
2251 724 2349 762 douo
2376 727 2510 777 gratiae

1394 778 1688 824 sanctificantis3
1718 778 1818 815 unde
1848 778 1887 815 in
1916 789 2075 829 corpora
2103 777 2255 815 articuli
2284 791 2358 816 non
2388 780 2509 818 nomi-

1396 840 1459 869 nat
1486 841 1659 868 naturam
1691 843 1862 880 puram,
1892 831 1953 868 sed
1985 840 2156 868 naturam
2188 834 2422 882 integram,
2469 833 2510 871 in

1395 897 1472 935 qua
1501 883 1616 921 homo
1657 885 1739 922 sine
1768 882 1914 921 auxilio
1955 885 2087 935 gratiae
2132 884 2428 932 sanctificantis,
2477 884 2511 921 8<

1396 950 1484 974 cum
1515 937 1594 974 solo
1622 937 1767 975 auxilio
1793 938 1926 989 gratioe
1955 938 2141 976 moventis
2170 939 2349 989 potuisset
2377 937 2511 990 dilige·²

1397 1002 1436 1026 re
1467 988 1593 1027 Deum
1623 1003 1735 1041 super
1763 992 1921 1028 omnia.

1451 1041 1544 1079 356.
1573 1042 1725 1079 Clarius
1739 1042 1864 1081 adhuc
1894 1043 2062 1096 loquitur
2078 1043 2118 1082 S.
2136 1044 2276 1082 Doctor
2305 1044 2346 1083 in
2365 1044 2512 1095 Quaest.

1394 1093 1462 1132 IV.
1493 1094 1541 1131 de
1572 1095 1680 1132 malo
1709 1104 1779 1132 art.
1802 1109 1867 1143 2.‚
1897 1097 1965 1134 ubi
1995 1111 2083 1135 cum
2113 1097 2187 1135 sibi
2216 1097 2413 1149 objecisset
2442 1113 2511 1137 au-

1395 1148 1604 1186 ctoritatem
1625 1147 1797 1198 Magistri
1814 1148 2092 1188 Sententiarum
2114 1151 2281 1189 docentis
2298 1182 2308 1200 ‚
2338 1154 2512 1204 primum

1395 1200 1589 1238 homiuem
1635 1200 1749 1238 fuisse
1791 1200 1985 1238 conditum
2028 1206 2068 1238 in
2092 1204 2252 1254 justitia
2292 1207 2511 1258 originali,

1397 1266 1470 1292 non
1499 1262 1626 1292 autem
1666 1257 1708 1291 in
1735 1257 1873 1307 gratia
1915 1263 2078 1305 gratum
2095 1255 2282 1305 faciente
2301 1287 2312 1305 ,
2359 1271 2513 1310 respon-

1397 1307 1482 1344 det:
1512 1337 1539 1355 „
1569 1307 1779 1357 Originalis
1808 1306 1954 1358 justitia
1983 1306 2144 1345 includit
2172 1307 2333 1358 gratiam
2361 1322 2514 1361 gratum

1399 1390 1425 1410 ,‚
1455 1361 1685 1406 facientem3
1715 1374 1785 1398 nec
1814 1360 1927 1397 credo
1956 1373 2089 1398 verum
2121 1375 2225 1409 esse,
2267 1363 2370 1413 quod
2399 1363 2514 1401 homo

1397 1443 1424 1462 ‚‚
1453 1416 1498 1452 sit
1540 1423 1687 1452 creatus
1715 1418 1757 1451 in
1785 1413 2034 1451 naturalibus
2076 1418 2211 1466 puris:
2233 1416 2258 1436 ‘⁶
2306 1429 2446 1467 nempe
2474 1417 2514 1454 iu

1398 1467 1475 1505 sola
1504 1467 1683 1519 originali
1713 1467 1886 1518 justitia.
1941 1467 1989 1505 Et
2018 1465 2089 1504 hoc
2117 1481 2224 1505 sensu
2252 1470 2394 1518 saepius
2421 1484 2442 1507 a
2472 1468 2516 1508 S.

1398 1519 1551 1558 Thoma
1580 1521 1681 1557 sumi
1710 1532 1811 1570 pura
1840 1520 2074 1567 naturalia,
2117 1533 2258 1571 nempe
2287 1533 2354 1572 per
2383 1521 2513 1559 exclu-

1396 1574 1538 1610 sionem
1569 1572 1684 1609 solius
1703 1574 1836 1623 gratiae
1865 1572 2164 1620 sanctificantis,
2195 1585 2266 1610 non
2297 1582 2423 1611 autem
2445 1588 2513 1626 per

1396 1625 1651 1663 exclusionem
1681 1624 1838 1676 justitiae
1867 1625 2091 1676 originalis,
2138 1634 2316 1673 testatur,
2363 1627 2398 1663 &
2428 1640 2513 1679 pro-

1396 1677 1460 1716 bat
1490 1678 1662 1716 laudatus
1692 1692 1806 1729 supra
1837 1677 2007 1715 Thomas
2038 1678 2233 1716 Lemosius
2281 1679 2321 1715 iu
2350 1678 2512 1718 lectione

1400 1730 1441 1769 S.
1474 1731 1636 1769 Thomae
1667 1732 1941 1769 versatissimus
1972 1729 2028 1781 (b)
2049 1756 2058 1769 .
2090 1730 2349 1768 Indubitattnn
2381 1733 2512 1784 itaque

1397 1798 1473 1822 esse
1493 1785 1629 1832 debet,
1659 1793 1796 1822 statum
1827 1793 1972 1821 naturae
1998 1797 2103 1835 purae
2121 1813 2131 1832 ,
2161 1783 2284 1837 qualis
2313 1788 2427 1837 supra
2447 1787 2513 1825 de-

1393 1838 1553 1890 scriptus
1584 1838 1655 1875 fuit
1683 1851 1789 1876 num.
1814 1837 1905 1883 545.
1923 1867 1933 1885 ‚
1964 1851 2162 1889 nunquam
2192 1837 2376 1876 extitisse.

1878 1944 1917 1996 ᾗ.
1948 1944 2017 1983 111.

1511 2051 1574 2090 An
1603 2049 1792 2104 possibilis
1821 2054 1870 2089 sit
1900 2060 2028 2091 status
2056 2060 2216 2092 naturae
2242 2051 2394 2106 puroe?

1448 2157 1540 2210 557.
1560 2138 1683 2204 Cum
1714 2157 1900 2196 Michaeli
1931 2158 2052 2211 Bajo,
2101 2169 2184 2199 ante
2230 2173 2321 2199 200.
2352 2158 2386 2196 8(
2428 2175 2510 2200 am-

1394 2210 1496 2262 plius
1538 2226 1652 2250 annos
1682 2210 1799 2262 Regio
1841 2214 1879 2250 in
1909 2213 2117 2250 Academia
2147 2213 2377 2251 Lovauiensi
2420 2213 2511 2252 Pro-

1395 2264 1553 2314 sessori,
1601 2266 1725 2304 visum
1757 2265 1885 2303 fuisset
1905 2296 1916 2313 ,
1948 2265 2159 2317 Tlieologos
2187 2265 2436 2305 scholasticos
2466 2282 2510 2307 ea

1398 2320 1607 2367 sententia,
1636 2332 1725 2369 qoae
1756 2318 1919 2356 admittit
1934 2319 2154 2371 possibilem
2184 2333 2259 2357 esse
2289 2328 2427 2358 statum
2443 2335 2511 2358 na-

1399 2380 1495 2409 turae
1526 2385 1663 2425 purae,
1712 2373 1916 2410 enormiter
1943 2372 2049 2410 abuti
2091 2374 2138 2410 ad
2169 2375 2422 2411 enervandam
2453 2375 2513 2413 iu·

1398 2438 1620 2463 concussam
1650 2425 1691 2463 S.
1723 2424 1924 2476 Augustini
1953 2425 2163 2463 doctrinam
2184 2426 2230 2463 de
2261 2428 2404 2478 peccati
2434 2428 2511 2465 ori-

1393 2477 1531 2528 ginalis
1561 2479 1715 2530 poenis,
1745 2477 1779 2513 8<
1810 2477 2033 2527 effectibus,
2063 2493 2107 2517 ac
2128 2480 2172 2517 de
2201 2481 2443 2528 necessitate,
2473 2480 2510 2517 δε

1394 2530 1567 2571 efficacia
1593 2533 1727 2585 gratiae
1756 2531 1804 2570 ad
1831 2531 1992 2572 uulnera
2007 2534 2205 2585 primaevae
2235 2533 2361 2586 culpa:
2377 2547 2512 2572 sanan·

2381 2587 2458 2634 da,

1397 2719 1423 2739 ,‚
1449 2703 1527 2741 gere
1552 2704 1670 2729 autem
1695 2696 1808 2729 Deum
1834 2703 1937 2740 super
1963 2694 2078 2729 omnia
2110 2703 2161 2728 est
2185 2692 2352 2739 quiddam
2379 2704 2511 2727 conna-

1398 2764 1424 2783 „
1448 2743 1562 2775 tui-ale
1588 2742 1745 2781 homini,
1772 2743 1921 2774 &etiam
1947 2742 2090 2776 cuilibet
2105 2749 2273 2774 creatura?
2302 2753 2368 2774 non
2395 2740 2508 2774 solum

1396 2809 1423 2828 ‚‚
1450 2788 1637 2831 rationali,
1674 2787 1733 2828 sed
1761 2788 1982 2828 irrationali,
2009 2791 2041 2821 &
2064 2788 2169 2821 etiam
2197 2787 2421 2826 inanimam,
2459 2798 2513 2819 se-

1390 2855 1424 2875 „
1450 2832 1603 2867 cundum
1639 2831 1781 2866 modum
1818 2834 1977 2874 amoris,
2018 2835 2077 2877 qui
2115 2833 2302 2876 unicuique
2340 2841 2512 2866 creaturae

1400 2902 1425 2921 ,‚
1451 2888 1645 2924 competere
1674 2888 1834 2923 potest...
1861 2880 1906 2913 Et
1926 2879 2000 2913 ideo
2017 2879 2201 2913 dicendum
2229 2888 2306 2919 est,
2332 2876 2423 2923 quod
2449 2878 2512 2912 lio-

1400 2948 1425 2967 „
1450 2937 1507 2959 1no
1534 2927 1568 2958 in
1594 2934 1689 2959 statu
1714 2934 1837 2959 naturae
1863 2930 2001 2969 integrae
2019 2938 2084 2958 non
2115 2925 2290 2970 indigebat
2317 2924 2405 2958 dono
2431 2937 2510 2969 gra-

1398 2993 1423 3012 ,‚
1449 2973 1505 3004 tiae
1546 2970 1777 3015 superaddita!
1813 2973 2031 3005 naturalibus
2069 2973 2167 3006 bonis
2208 2972 2249 3004 ad
2289 2971 2509 3016 diligendum

1397 3040 1422 3060 ‚‚
1448 3018 1562 3050 Deum
1589 3020 1792 3051 naturaliter
1817 3029 1919 3062 super
1938 3019 2053 3052 omnia
2070 3040 2081 3059 ,
2105 3018 2187 3052 licet
2214 3017 2383 3062 indigeret
2410 3019 2518 3051 auxi-¹

1397 3086 1423 3104 „
1448 3064 1495 3096 lio
1520 3063 1609 3103 Dei,
1646 3063 1689 3096 ad
1714 3063 1779 3097 hoc
1804 3076 1885 3097 eum
1926 3067 2095 3098 moventis
2110 3069 2134 3087 “
2150 3087 2158 3096 .
2210 3066 2310 3099 Hanc
2334 3062 2510 3108 duplicem

1397 3117 1509 3143 status
1541 3118 1675 3143 naturae
1711 3121 1807 3154 purae
1831 3112 2091 3155 acceptionem,
2126 3122 2202 3156 quae
2241 3124 2307 3145 non
2335 3111 2445 3143 solum
2471 3121 2508 3141 a·

1397 3155 1467 3200 pud
1487 3156 1571 3188 alios
1597 3154 2020 3200 quandoqueinvenitnr‚
2046 3158 2178 3191 scilicet
2196 3170 2258 3202 pro
2281 3166 2377 3191 statu
2402 3156 2513 3196 etiam,

1395 3201 1542 3246 justitiae
1565 3202 1772 3245 originalis,
1799 3204 1872 3236 sine
1899 3205 2011 3247 gratia
2038 3204 2299 3244 sanctificante,
2336 3203 2419 3237 bene
2444 3200 2507 3233 Ob*

1397 3245 1603 3281 servandam
1626 3259 1725 3288 esse,
1751 3259 1864 3282 monet
1891 3250 1927 3282 Ρ.
1955 3250 2023 3282 Th.
2049 3249 2092 3284 de
2121 3252 2242 3285 Lemos
2268 3260 2342 3292 cap.
2363 3248 2396 3279 6.
2415 3267 2426 3286 ,
2467 3254 2507 3279 ut

1397 3293 1492 3372 omini
1520 3296 1938 3340 remotaaequivocatione
1964 3296 1998 3330 in
2024 3297 2090 3332 hac
2104 3296 2236 3333 difficili
2260 3293 2406 3328 materia
2427 3303 2509 3339 pro-

1398 3350 1435 3375 ce
1463 3347 1562 3373 atur-
