2583 3685
262 75 316 115 gf,
936 55 1337 103 DISSERTATIO
1371 55 1427 98 ΙΙ.
1481 53 1610 97 CAP.
1641 54 1741 99 VII.

260 164 348 188 200.
379 147 419 184 S.
451 144 616 183 Thomas
649 155 682 179 ῐ.
714 152 750 178 2.
779 149 928 191 q.102.
958 148 1028 175 art.
1057 139 1096 177 6.
1126 140 1172 176 ad
1193 138 1231 176 S.
1262 138 1308 173 il-

203 204 269 242 lud
301 210 532 255 praeceptum
562 195 735 232 divinum
765 190 976 229 litteraliter
1005 194 1169 244 accipit,
1205 191 1307 241 ejus—

203 264 278 308 que
311 266 430 293 varias
459 248 564 286 affert
593 248 777 290 rationes5
805 245 1002 296 praecipue
1031 255 1154 283 autem
1178 247 1222 282 ad
1240 244 1306 281 tol-

203 309 353 346 lendam
399 299 657 339 universaliter
700 301 932 335 occasionem
960 300 1306 350 concupiscenti-te.

259 354 453 396 Animalia
480 353 582 390 enim
612 352 848 391 diversarum
878 351 1088 402 specierum
1109 364 1185 389 non
1205 364 1306 389 com-

204 442 228 461 „
259 410 464 448 miscentur
492 406 537 444 de
567 405 674 444 facili
702 405 747 442 ad
788 405 979 451 invicem,
1026 405 1097 441 nisi
1127 403 1196 443 hoc
1240 417 1307 450 per

202 495 228 514 :a
257 462 429 501 homines
455 469 680 513 procuretur
698 489 708 506 ,
757 458 790 494 8(
821 458 860 495 in
890 465 1043 508 aspectu
1079 459 1198 495 coitus
1225 459 1306 496 ani-

259 516 420 555 malium
452 515 635 551 excitatur
676 513 824 550 homini
871 511 1190 562 concupiscenti&²
1227 523 1308 549 mo-

203 602 229 621 „
260 580 342 608 tus.
390 567 499 605 Unde
528 566 562 602 8<
593 567 632 604 in
661 564 928 604 traditionibus
957 563 1179 619 Judaeorum
1209 576 1310 615 prae-

202 654 228 674 2,
259 631 411 674 ceptum
443 621 632 659 invenitur
663 623 678 671 (
701 628 740 656 ut
771 618 816 656 R.
833 617 987 669 Moyses
1015 617 1106 654 dicit
1133 616 1224 654 Lib.
1242 617 1308 655 ΙΙΙ.

200 707 226 727 ‚‚
258 675 356 714 Dux
385 677 607 713 errantium
636 687 721 724 cap.
748 686 780 710 1.
812 673 857 720 ),
887 670 1057 708 homines
1086 678 1252 708 avertant
1271 683 1312 707 o-

202 761 227 780 „
257 728 360 768 culos
375 729 424 766 ab
446 726 679 766 animalibus
708 722 955 764 coeuntibus.
987 753 1013 771 „
1043 723 1102 761 En
1122 723 1313 775 quomodo

199 784 362 837 potuerit
391 781 567 820 Hebraeis
607 780 778 818 interdici
826 778 1039 832 procreatio
1081 776 1312 815 animalium

201 837 426 889 bigenerum
445 865 455 884 ,
485 848 556 873 non
585 843 713 872 autem
742 846 857 871 usus.

257 905 348 929 201.
378 890 575 938 Quaeritur
604 897 729 927 autem
748 917 758 934 ,
801 900 847 924 au
877 883 1097 936 hujusmodi
1128 884 1242 922 etiam
1272 898 1312 921 a-

199 943 363 983 nimalia
391 942 618 994 ambigena,
662 940 794 993 qualia
822 939 926 992 apud
955 952 1020 976 nos
1049 937 1170 976 multa
1198 946 1310 985 sunt,

199 999 341 1036 fuerint
368 1005 470 1035 sexta
498 997 560 1034 die
587 1009 664 1033 una
691 1007 781 1033 cum
811 992 895 1030 aliis
925 1000 1075 1039 creata,
1113 1000 1226 1044 atque
1256 991 1313 1027 af-

198 1051 420 1089 firmantem
463 1050 687 1089 sententiam
726 1046 898 1085 defendit
925 1045 1096 1085 Pererius
1129 1047 1172 1083 in
1201 1045 1314 1082 Com-

197 1113 314 1143 ment.
344 1104 508 1142 adhunc
538 1102 668 1142 locum
685 1129 695 1140 .
722 1100 920 1139 Contraria
941 1108 1064 1137 tamen
1086 1097 1206 1135 multo
1226 1097 1313 1149 plu-

197 1158 307 1196 ribus
335 1158 504 1206 arridet,
546 1165 588 1194 ut
614 1154 938 1209 quemadmodum
976 1153 1067 1191 novi
1096 1153 1238 1189 fructus
1268 1161 1314 1186 ex

199 1211 379 1250 arborum
404 1211 582 1249 >insitione
611 1209 809 1248 hominum
838 1204 1207 1261 industria-quotidie
1227 1214 1315 1253 pro-

200 1265 419 1313 ducuntur,
449 1266 499 1302 ita
528 1265 645 1301 etiam
673 1263 864 1300 hae‘novae
886 1259 1117 1311 animalium
1146 1257 1312 1307 species,

200 1331 245 1355 ex
275 1319 410 1370 primis
441 1317 637 1368 speciebus
667 1330 689 1352 a
716 1315 798 1352 Deo
827 1312 984 1357 creatis,
1015 1308 1208 1359 simulque
1228 1321 1314 1360 per-

199 1372 327 1408 mixtis
354 1380 446 1407 ortae
477 1371 575 1414 sint3
605 1380 724 1419 neque
755 1366 893 1403 fuerint
914 1365 954 1401 in
976 1363 1114 1414 primis
1134 1361 1212 1399 illis
1232 1375 1315 1414 spe-

198 1422 357 1470 ciebus,
387 1423 458 1459 nisi
487 1421 780 1472 potentialiter,
818 1431 882 1455 seu
911 1416 1119 1455 secundum
1150 1417 1314 1454 semina-

197 1475 275 1514 lem
305 1477 512 1514 virtutem.

252 1543 345 1568 202.
370 1530 456 1566 >Imo
479 1529 652 1581 *primam
683 1523 879 1564 mulorum
927 1523 1112 1575 originem
1141 1521 1313 1573 Scripto-

195 1596 255 1621 res
285 1582 442 1620 Hebraei
472 1582 569 1621 bene
600 1580 712 1619 multi
741 1579 914 1617 tribuunt
944 1578 1067 1623 Anae,
1114 1577 1181 1625 qui
1211 1575 1312 1612 Esau

195 1650 299 1675 socer
329 1637 425 1683 fuit3
454 1636 593 1675 dicitur
622 1634 724 1672 enim
753 1632 800 1669 de
829 1644 871 1668 eo
899 1631 997 1667 Gen.
1028 1627 1216 1665 XXXVI.
1249 1626 1313 1672 24.

196 1689 277 1728 Iste
305 1698 365 1729 est
393 1691 514 1738 Ana,
544 1692 608 1739 qui
637 1688 781 1724 incenit
809 1696 939 1735 aquas
968 1681 1124 1719 calidas
1154 1685 1193 1718 ιή
1223 1681 1314 1719 soli-

201 1743 357 1790 tudine,
391 1742 486 1779 dum
513 1749 695 1792 pasceret
724 1741 861 1775 asinos
890 1735 1041 1774 sebeon
1067 1738 1193 1784 putris
1223 1737 1310 1772 sui.

199 1795 311 1844 Quod
339 1805 466 1833 autem
495 1803 618 1833 noster
644 1790 820 1843 vulgatus
850 1792 1034 1841 interpres
1050 1790 1161 1828 vertit
1181 1801 1313 1839 aquas

196 1849 354 1887 calidas
381 1863 405 1887 a
431 1860 523 1887 voce
551 1846 825 1892 hebraica-:n
854 1843 1036 1891 samim,
1082 1842 1310 1880 vertendum

198 1917 277 1941 esse
305 1902 432 1939 mulos
461 1901 720 1944 contendunt3
762 1906 804 1936 ut
835 1897 993 1950 proinde
1024 1897 1134 1943 Ana,
1157 1897 1312 1948 primus

196 1958 369 1994 omnium
398 1955 585 1993 invenerit
613 1951 756 1991 mulos.
806 1951 955 1989 Horum
984 1951 1203 1988 sententiam
1234 1962 1313 1986 me-

197 2018 320 2047 morat
359 2008 400 2046 S.
431 2007 689 2059 Hieronymus
730 2006 770 2043 in
819 2004 970 2054 Quaest.
1013 2001 1223 2040 Hebraicis
1266 2003 1313 2039 ad

197 2062 301 2102 hunc
329 2060 458 2100 locum
476 2091 487 2109 ,
516 2059 585 2098 ubi
609 2059 790 2110 expositis
820 2058 980 2106 multis,
1010 2056 1059 2097 &
1089 2057 1314 2098 variisHe-

197 2117 391 2155 braeorum
421 2115 636 2162 sententiis,
666 2113 719 2151 ita
745 2110 897 2150 subdit:
946 2140 972 2160 „
1002 2109 1127 2158 Sunt,
1156 2110 1225 2162 qui
1253 2123 1313 2147 ar-

201 2200 228 2219 „
257 2169 471 2217 intrantur,
499 2181 665 2219 onagros
694 2166 744 2205 ab
773 2165 844 2203 hoc
873 2165 1056 2203 admissos
1085 2164 1131 2202 ad
1161 2165 1313 2211 asinas,

199 2252 228 2274 ‚‚
256 2222 291 2259 Bt
319 2223 446 2273 ipsum
476 2220 686 2259 istiusmodi
728 2220 909 2271 reperisse
950 2218 1226 2265 concubitum,
1272 2225 1316 2254 ut

203 2304 231 2327 5,
260 2274 490 2313 velocissimi
513 2287 563 2311 ‘ex
593 2272 653 2310 his
673 2273 769 2311 asini
791 2281 1033 2310 nascerentur
1048 2301 1060 2319 ,
1089 2272 1155 2324 qui
1178 2283 1317 2309 vocan-

203 2337 319 2378 „tur
346 2328 514 2365 Jamim.
561 2325 738 2378 Plerique
780 2334 937 2376 putant,
985 2324 1088 2376 quod
1130 2337 1316 2375 equarum

204 2411 230 2432 „
259 2395 388 2432 greges
417 2381 465 2419 ab
494 2381 606 2418 asinis
634 2380 673 2417 iu
701 2379 844 2417 deserto
871 2379 953 2430 ipse
996 2378 1126 2414 fecerit
1167 2378 1316 2427 primus

204 2464 231 2485 „
261 2435 435 2482 ascendi,
465 2442 505 2471 ut
533 2432 726 2472 mulorum
756 2432 843 2470 inde
871 2444 966 2469 nova
983 2439 1110 2469 contra
1140 2439 1315 2468 naturam

204 2518 230 2538 ‚,
259 2486 440 2526 animalia
469 2496 712 2525 nascerentur
741 2488 795 2524 “.
826 2485 913 2532 Qua
939 2486 1066 2536 posita
1095 2482 1317 2533 explicatio-

201 2555 250 2580 ne
279 2549 461 2593 apparet,
506 2539 690 2578 animalia
720 2540 789 2575 ista
830 2537 1073 2588 heterogenea
1103 2538 1216 2585 fuisse
1245 2541 1315 2574 n'o-

202 2607 278 2642 m,
306 2595 357 2634 <9¹
385 2601 525 2631 contra
554 2600 749 2629 naturam
778 2605 801 2628 a
829 2590 912 2628 Deo
939 2592 977 2628 in
1006 2599 1108 2628 sexta
1135 2591 1197 2627 die
1225 2603 1316 2627 con-

203 2649 367 2686 stitutam
398 2655 525 2697 postea
554 2652 778 2698 procreata.

260 2700 350 2739 205.
379 2700 429 2738 Et
456 2698 540 2737 haec
569 2698 725 2751 quidem
754 2696 872 2748 hujus
891 2696 965 2735 loci
982 2695 1184 2749 explicatio
1213 2695 1316 2749 apud

206 2750 357 2792 :ludaeos
385 2754 463 2791 fere
492 2752 707 2791 communis
732 2757 813 2797 est,
847 2752 1248 2802 quanquamoprimus
1277 2763 1316 2786 e-

206 2804 353 2855 jusdem
381 2815 511 2844 auctor
539 2806 654 2844 fuisse
676 2803 846 2843 creditur
877 2802 922 2840 R.
952 2801 1128 2848 Jonatbas
1147 2801 1315 2849 Uzielis,

209 2859 278 2910 qui
306 2871 379 2895 non
407 2860 472 2897 diu
501 2868 583 2911 post
610 2858 750 2897 Christi
777 2866 948 2909 tempora
975 2869 1087 2893 snum
1111 2853 1287 2906 Targum
1304 2883 1315 2902 ,

209 2923 274 2948 seu
302 2915 617 2950 commentarium
646 2912 762 2950 edidit
779 2940 790 2959 ,
819 2909 854 2946 8<
882 2910 934 2947 ita
961 2907 1062 2946 hunc
1083 2908 1212 2946 locum
1232 2920 1316 2945 ver-

202 391 228 411 22

203 549 229 568 :7

211 2965 279 3002 tit:
308 2962 387 3001 Iste
416 2973 473 3000 est
494 2964 613 3012 Ana,
643 2969 706 3014 qui
734 2966 932 3002 commisit
958 2975 1133 3015 onagros
1161 2973 1252 2998 cum
1271 2973 1318 2997 α-

209 3016 373 3055 sinubus
388 3046 401 3066 ,
428 3017 477 3058 (9
505 3026 587 3068 post
604 3026 756 3068 tempus
772 3021 916 3058 invenit
936 3017 1062 3055 mulos
1079 3046 1089 3066 ,
1119 3018 1184 3068 qui
1203 3027 1255 3053 ex
1275 3013 1319 3052 il-

216 3155 248 3186 &
273 3151 470 3187 sanctitatis
495 3152 587 3186 fama
612 3151 901 3195 administrabat,
927 3154 1045 3188 Carm.
1073 3161 1128 3184 22.
1153 3151 1202 3184 ita
1226 3149 1266 3185 de
1284 3161 1323 3184 eo

215 3199 383 3234 canebat:

308 3244 536 3279 Minimonem
569 3256 671 3289 capra
706 3258 747 3278 ex
782 3257 944 3289 vervegno
980 3249 1148 3291 sangnine
1182 3245 1319 3288 gignit-

216 3291 251 3326 S·
273 3292 427 3337 Eugenii
453 3292 609 3328 carmina
632 3303 702 3327 una
725 3303 805 3326 cum
823 3292 1052 3328 Carminibus
1070 3290 1251 3327 Dracontii
1276 3290 1322 3325 de

1376 137 1420 172 lis
1450 137 1658 181 exierunt,
1707 147 1798 171 cum
1837 142 2019 183 pasceret
2060 137 2195 172 asinos
2224 132 2375 172 Sebeon
2409 146 2482 186 pae

1374 192 1443 225 tris
1472 190 1557 223 sui.
1588 186 1688 223 Huic
1718 197 1919 224 consonant
1948 190 2061 226 etiam
2092 190 2276 225 versiones
2305 187 2481 238 Persica,

1373 242 1407 278 St
1438 240 1627 287 Arabica,
1655 252 1772 290 quam
1800 249 2027 290 postremam
2057 250 2143 278 ante
2173 240 2360 279 Pervicam
2389 241 2482 280 Saa-

1374 297 1453 333 dias
1482 306 1603 340 nono,
1625 292 1694 329 *vel
1724 293 1873 330 decimo
1900 294 2039 331 saeculo
2067 294 2327 332 elucubravit.
2358 296 2483 347 Atque

1374 350 1428 387 ita
1458 348 1595 400 passim
1617 345 1899 397 'Targumistae3
1926 347 2007 383 imo
2035 348 2154 398 aliqui
2185 349 2297 385 etiam
2315 361 2358 386 ex
2373 349 2484 387 Chri-

1375 404 1527 448 stianis,
1558 413 1602 437 ex
1631 400 1772 452 quibus
1801 412 1920 436 unum
1950 399 2104 437 laudare
2134 400 2296 438 sufficiat
2325 402 2364 439 S.
2387 403 2481 440 Bru-

1375 469 1508 494 nonem
1540 455 1733 492 Astensem
1754 451 1987 504 Episcopum
2009 452 2264 503 Signiensww,
2294 458 2360 504 qui
2382 455 2485 494 hunc

1375 509 1502 547 locum
1546 508 1584 545 in
1628 508 1703 543 suis
1742 506 2028 543 commentariis
2070 519 2286 557 exponens,
2331 507 2485 558 inquit:

1377 592 1403 611 „
1423 562 1544 609 *Quod
1573 570 1699 598 autem
1727 558 1891 597 dicitur:
1933 556 2011 594 Iste
2040 568 2098 595 est
2130 559 2251 595 Ormn
2284 557 2390 607 (hoc
2420 573 2485 597 no-

1432 616 1536 653 mine
1567 616 1604 652 in
1633 613 1827 665 aliquibus
1855 610 2049 649 codicibus
2077 615 2212 662 graecis
2253 621 2406 649 vocatus
2434 614 2489 651 A-

1435 683 1485 706 ua
1514 668 1707 706 invenitur
1735 665 1778 713 ),
1826 669 1890 716 qui
1918 667 2063 701 invenit
2092 677 2221 714 aquas
2264 664 2418 702 calidas
2447 670 2488 703 in

1435 721 1640 759 solitudine
1658 751 1669 768 ,
1698 731 1789 757 cum
1818 726 1998 769 pasceret
2028 720 2164 755 asinos
2186 715 2333 754 Sebeon
2361 723 2488 768 patris

1435 778 1496 812 sui
1512 804 1522 823 ,
1553 775 1606 813 sic
1635 781 1689 812 est
1716 772 1984 823 accipiendum
2003 787 2022 820 ,v
2043 784 2085 807 ac
2116 772 2142 807 si
2162 771 2325 808 diceret:
2355 773 2421 809 iste
2438 773 2490 809 O·

1378 645 1404 668 ἱ)

1379 698 1406 718 9)

1381 751 1406 770 7)

1380 803 1407 824 5,

1371 858 1408 877 Ἣ
1436 842 1512 866 nan
1542 841 1610 864 sua
1636 836 1741 875 arte,
1770 837 1912 878 suoque
1941 825 2089 876 ingenio
2117 826 2278 875 reperit,
2308 833 2348 862 ut
2376 838 2420 862 ex
2449 816 2499 863 ‘aa'

1380 910 1408 929 :a
1438 883 1519 919 sino
1547 879 1662 918 simul
1692 880 1726 916 &
1755 893 1854 932 equa
1882 877 2010 917 mulus
2039 888 2251 916 nasceretur
2280 880 2334 916 “.
2365 879 2420 916 Ita
2448 878 2492 918 S·

1373 934 1533 972 Brimo.

1437 986 1528 1032 204.
1557 984 1770 1024 Fatendum
1799 987 1850 1025 es't
1874 994 2031 1034 tamen,
2060 982 2160 1023 lianc
2190 984 2297 1023 illius
2326 984 2493 1024 versicu-

1380 1037 1409 1076 li
1440 1039 1651 1077 versionem
1679 1039 1857 1078 omnibus
1893 1053 1969 1077 non
1999 1040 2181 1092 probari.
2230 1039 2333 1076 Hinc
2370 1048 2493 1077 noster

1380 1091 1570 1143 Vulgatus
1599 1093 1765 1144 pti-mam
1795 1093 1997 1131 lectionem
2027 1092 2165 1140 habet,
2209 1106 2324 1144 quam
2361 1092 2494 1130 lauda·-

1379 1153 1438 1181 tus
1466 1145 1508 1183 S.
1536 1145 1668 1182 Bruno
1695 1155 1985 1184 commemorat:
2014 1149 2077 1196 qui
2107 1150 2252 1184 invenit
2280 1159 2410 1196 aquas
2424 1157 2494 1184 ca-

1381 1196 1485 1235 licias
1514 1201 1556 1234 in
1585 1196 1790 1235 solitudine
1807 1223 1817 1234 .
1847 1199 1976 1245 Quam
2004 1200 2218 1237 versionem
2246 1199 2287 1237 S.
2304 1200 2495 1252 Hierony-

1385 1265 1470 1289 mus
1504 1251 1643 1289 factam
1674 1263 1750 1287 esse
1778 1250 1871 1287 dicit
1894 1251 2019 1301 juxta
2040 1249 2203 1288 Punicae
2233 1252 2379 1303 linguae
2407 1256 2495 1290 vici-

1382 1308 1524 1352 niam,
1567 1317 1657 1355 quoe
1686 1301 1872 1342 Hebraeae
1902 1306 2157 1340 contermina
2186 1311 2271 1350 est,
2318 1306 2494 1347 eamdem

1383 1360 1464 1410 ipse
1492 1359 1711 1410 adoptavit3
1757 1366 1799 1394 ut
1825 1355 1971 1395 scilicet
2000 1355 2284 1407 intelligamus,
2329 1355 2382 1394 ab
2411 1356 2497 1394 Ana

1382 1425 1458 1449 non
1488 1412 1638 1460 mulos,
1667 1411 1731 1449 sed
1760 1425 1878 1462 aquas
1905 1409 2069 1458 calidas,
2099 1423 2165 1447 seu
2192 1407 2330 1447 balnea
2350 1409 2396 1447 ad
2416 1422 2499 1447 me·

1381 1464 1522 1502 dicinae
1556 1478 1666 1502 usum
1696 1466 1851 1502 inventa
1881 1464 2021 1501 fuisse.

1434 1518 1526 1555 205.
1557 1516 1680 1565 Sunt,
1726 1518 1794 1568 qui
1824 1516 1873 1554 ab
1902 1516 1986 1554 Ana
2014 1515 2109 1554 solas
2138 1525 2255 1566 aquas
2284 1515 2323 1553 in
2353 1514 2498 1554 deserto

1376 1569 1496 1608 ‘fuisse
1526 1571 1695 1608 inventas
1723 1570 1878 1618 dicant,
1913 1583 1961 1607 ‘ex
1990 1582 2081 1607 voce
2109 1568 2291 1606 hebraica
2321 1575 2370 1612 ΌΊ
2399 1568 2498 1608 Iam.

1382 1636 1524 1672 mare,
1553 1638 1630 1676 qua
1657 1636 1775 1672 voce,
1819 1633 1859 1661 ut
1887 1622 1982 1661 alibi
2012 1623 2179 1661 vidimus
2206 1635 2247 1659 n.
2271 1621 2334 1673 76.
2351 1651 2362 1669 ,
2404 1636 2494 1662 con·=

1381 1679 1613 1730 gregationes
1640 1690 1829 1730 aquarum
1858 1677 2102 1728 designantur
2119 1678 2232 1713 etiam
2250 1685 2353 1712 extra
2368 1689 2495 1715 mare·

1437 1731 1528 1769 206.
1558 1730 1758 1768 Perductus
1785 1730 1942 1768 Carolus
1963 1729 2180 1780 Houbigant
2197 1759 2207 1776 ,
2238 1729 2406 1767 codicem
2428 1729 2496 1766 Sa-

1380 1786 1611 1822 niaritanum
1636 1792 1815 1831 secutus,
1859 1784 1910 1821 ita
1938 1781 2121 1820 hebraica
2161 1782 2279 1820 verba
2308 1783 2496 1834 interpre-

1381 1847 1475 1874 tatus
1504 1846 1578 1874 est:
1625 1835 1706 1873 Iste
1732 1844 1792 1873 est
1822 1836 1916 1873 Ana
1933 1865 1943 1883 ,
1972 1839 2038 1886 qui
2066 1834 2266 1873 dimicavit
2295 1839 2337 1871 in
2365 1834 2497 1880 deser-

1382 1900 1420 1928 to
1448 1898 1590 1928 contra
1618 1886 1814 1938 Emaeos,
1845 1903 1935 1927 cum
1965 1898 2147 1938 pasceret
2175 1892 2312 1925 asinos
2342 1886 2494 1926 sebeon

1381 1948 1440 1982 sui
1467 1947 1593 1995 patris
1609 1969 1620 1980 .
1650 1941 1721 1980 Per
1742 1941 1910 1980 Emaeos
1938 1951 2065 1980 autem
2087 1941 2349 1992 intelliguntur
2367 1942 2496 1994 gigan·

1382 2007 1434 2035 tes
1452 2028 1462 2046 ,
1493 1998 1554 2036 vel
1583 1996 1755 2034 homines
1782 1996 1955 2042 robusti,
1985 1994 2019 2030 81
2048 1996 2160 2034 fortes
2177 2025 2186 2042 ,
2211 2008 2310 2047 quos
2326 1996 2408 2034 Ana
2436 1997 2496 2035 in-

1380 2053 1487 2092 venit
1515 2053 1556 2090 in
1584 2051 1727 2088 deserto
1745 2080 1755 2098 ,
1784 2049 2018 2101 quibuscum
2046 2049 2271 2086 dimicavit.

1436 2118 1528 2157 207.
1558 2104 1637 2143 Alii
1666 2103 1776 2142 aliter
1818 2103 1950 2140 eadem
1988 2101 2110 2140 verba
2151 2100 2345 2154 explicare
2373 2102 2496 2140 conati

1381 2160 1496 2208 suntg‘
1540 2166 1579 2195 ut
1608 2156 1848 2195 excluderent
1877 2158 2044 2208 primam
2087 2155 2282 2192 mulorum
2312 2157 2497 2193 inventio-

1381 2227 1470 2251 nem
1490 2242 1500 2261 ,
1542 2212 1610 2265 qui
1638 2209 1780 2249 nullibi
1810 2212 1850 2247 in
1877 2223 1984 2248 sacra
2012 2209 2210 2260 Scriptura
2238 2208 2311 2246 hoc
2339 2210 2496 2247 nomine

1382 2265 1536 2304 Jamim
1564 2265 1855 2316 significantur.
1904 2264 1986 2301 Imo
2022 2276 2153 2300 eorum
2197 2261 2303 2299 nulla
2343 2275 2496 2315 prorsus

1382 2321 1526 2358 mentio
1554 2318 1716 2357 habetur
1751 2326 1836 2356 ante
1877 2325 2046 2368 tempora
2074 2316 2288 2362 Davidica3
2335 2325 2376 2352 ut
2405 2325 2497 2354 tuuc

1383 2375 1509 2424 primo
1537 2386 1667 2411 eorum
1697 2385 1784 2410 usus
1821 2372 2002 2422 incepisse
2044 2370 2242 2408 videatur:
2289 2369 2340 2407 ita
2365 2377 2497 2407 tamen

1383 2435 1426 2464 ut
1453 2440 1528 2464 non
1558 2426 1660 2478 apud
1691 2424 1876 2463 israelitas
1906 2431 2206 2474 generarentur,
2249 2421 2313 2460 sed
2342 2421 2497 2474 adspor-

1383 2488 1551 2517 tarentur
1580 2478 1734 2516 aliunde
1750 2492 1760 2523 3
1788 2476 1891 2529 quod
1922 2476 2266 2514 etiam'indicatum
2285 2477 2498 2528 reperimus

1374 2533 1433 2570 >ab
1463 2531 1662 2570 Ezechiele
1691 2530 1859 2568 XXVII.
1893 2530 1954 2576 14.

1439 2585 1530 2625 208.
1560 2584 1760 2635 Quidquid
1780 2596 1872 2620 vero
1899 2578 2019 2620 sit'de
2039 2581 2201 2632 genuino
2229 2594 2337 2618 sensu
2365 2581 2497 2618 landa=

1381 2640 1410 2677 ti
1439 2639 1619 2678 versiculi
1647 2650 1734 2687 cap.
1755 2635 1944 2673 XXXVI.
1975 2635 2189 2681 Geneseos‚
2217 2633 2265 2671 de
2284 2645 2361 2685 quo
2389 2642 2497 2685 utpo-

1381 2701 1417 2730 te
1445 2691 1633 2737 obscuro,
1672 2688 1706 2724 St
1734 2687 1940 2725 admodum
1971 2687 2143 2725 intricato
2171 2685 2336 2724 multum
2365 2687 2498 2738 dispu-

1383 2753 1458 2782 tant
1474 2744 1610 2780 eruditi
1628 2771 1639 2790 ,
1668 2740 1740 2779 hoc
1770 2740 2023 2793 hybridarum
2040 2754 2184 2792 genus,
2213 2741 2366 2778 nonnisi
2395 2739 2497 2778 mul-

1382 2806 1420 2834 to
1448 2806 1618 2847 tempore
1646 2804 1727 2847 post
1756 2796 1924 2847 primam
1954 2807 2084 2831 rerum
2112 2794 2343 2846 creationem
2381 2793 2497 2831 fuisse

1382 2850 1549 2888 humana
1576 2857 1656 2887 arte
1685 2850 1881 2886 invectum
1898 2878 1908 2897 ‚
1957 2849 2056 2886 testis
2096 2857 2149 2886 est
2177 2846 2497 2899 locupletissimus

1384 2903 1424 2941 S.
1456 2903 1677 2941 Ambrosius
1706 2902 1795 2940 Lib.
1824 2901 1875 2939 V.
1905 2900 2181 2939 Hexaemeron
2210 2915 2296 2952 cap.
2319 2899 2356 2938 3.
2375 2929 2386 2947 ‚
2425 2899 2493 2937 ub'i

1384 2966 1580 3009 postquam
1609 2969 1777 3009 puram,
1807 2955 1856 2996 (ἶ)
1877 2955 2187 2993 immaculatam
2218 2954 2382 3005 piscium
2411 2967 2496 2991 suc-

1384 3012 1592 3049 cessionem
1634 3010 1831 3058 laudavit,
1878 3022 2043 3061 quornm
2079 3008 2210 3045 nullus
2237 3007 2381 3054 alteri,
2427 3003 2497 3044 sed

2376 3073 2444 3113 ge·

1390 3151 1500 3193 Opere
1528 3160 1588 3181 sex
1615 3148 1746 3182 dierum
1771 3146 1815 3181 ab
1839 3142 1958 3179 eodem
1983 3143 2142 3188 Eugenio
2167 3143 2333 3179 correctis
2359 3143 2395 3176 P.
2422 3142 2493 3174 Sir-

1387 3195 1534 3229 mondus
1559 3194 1690 3238 publici
1717 3194 1807 3237 ¹juris
1833 3193 1914 3225 fecit
1940 3191 2080 3223 Parisiis
2106 3203 2194 3224 anno
2224 3192 2325 3234 1617.
2413 3189 2494 3219 Pro-

1387 3251 1481 3278 stant
1505 3240 1611 3275 etiam
1636 3240 1672 3274 in
1700 3241 1811 3276 Temo
1828 3240 1912 3274 XII.
1937 3235 2104 3272 Biblioth·
2123 3241 2323 3274 Sanctorum
2338 3235 2490 3269 Puerum.
