2583 3685
894 117 974 162 DE
1010 116 1276 162 VULNER.
1307 114 1569 160 ANIMAE.

81 208 139 242 set
160 201 200 242 in
213 207 307 241 statu
335 205 480 237 naturae
510 209 620 250 purae
641 227 653 246 ,
682 210 750 249 per
777 198 965 250 originale
994 207 1190 250 peccatum

85 256 200 296 {uisse
226 253 405 291 amissum
434 250 633 298 dolemus;
662 252 830 304 adeoque
859 251 931 290 &c.

89 327 93 329 Δ
141 305 227 358 176.
257 305 365 343 Addo
407 314 627 358 perpetuam
668 304 711 343 S.
741 304 903 342 Tliomae
945 305 1188 350 doctrinam,

81 359 182 415 q'uod
208 359 514 410 concupiscentia
542 357 749 412 perduellis
770 389 780 406 ,
811 358 966 410 qualem
995 369 1096 396 nunc
1125 368 1189 393 ex-

79 412 275 467 perimur,
305 424 378 449 non
410 412 537 451 suisset
565 414 604 450 in
632 420 728 450 statu
757 422 900 450 naturae
923 424 1058 463 purae.
1088 409 1188 448 Nam

77 476 119 505 ·1.
149 478 187 504 2-
216 474 352 518 quaest.
372 463 438 504 82.
468 475 537 504 art.
569 465 606 504 3.
637 466 684 503 ad
706 479 736 504 1.
758 495 784 514 „
804 465 907 512 Quia
936 464 973 501 in
1005 463 1189 509 homine,

77 531 105 568 ⁸„
134 522 282 570 inquit,
320 518 631 571 concupiscibilis
660 518 880 557 naturaliter
908 517 1049 567 regitur
1079 515 1190 552 ratio-

80 601 106 621 „
136 586 208 620 ue,
239 572 426 611 intantum
441 574 709 624 concupiscere
732 580 782 609 est
801 568 996 615 naturale,
1028 570 1188 619 inquan—

78 653 106 675 „
135 634 215 664 tum
245 633 297 664 est
325 626 534 664 secundum
571 625 723 665 rationis
749 624 922 661 ordinem
942 647 954 659 .
995 621 1187 671 Concupi-

78 694 105 727 ,·,
134 680 273 717 scentia
301 687 426 718 autem
443 709 455 727 ‚
483 691 572 732 quae
591 677 816 717 transcendit
836 674 977 713 limites
1006 675 1158 712 rationis
1174 703 1186 721 ,

78 747 107 780 3,
137 733 229 770 inest
258 730 408 770 homini
436 740 566 770 contra
594 739 795 778 naturam,
837 728 871 764 ἃ
900 726 985 765 talis
1015 737 1068 765 est
1095 740 1185 764 cou-

77 785 104 833 ς,
132 786 366 837 cupiscentia
394 786 537 837 peccati
583 781 776 834 originalis
796 783 851 819 “-
894 780 1007 828 Quod
1047 782 1186 819 iterum

75 840 212 890 repetit
238 852 304 891 qu.
325 838 392 877 85.
421 847 490 877 art.
513 837 551 877 5.
580 835 627 874 ad
647 836 685 875 5.
707 864 719 883 ,
747 848 815 887 qu.
837 833 875 880 4.
905 833 954 872 de
982 833 1093 872 malo
1113 843 1186 872 art.

76 900 114 930 2.
143 892 190 930 ad
225 904 287 940 1.,
315 891 350 928 &
380 904 445 940 2.,
475 889 510 926 ἃ
537 887 632 928 alibi
662 888 756 940 (a).

85 958 90 962 ·
136 958 223 997 ¹77·
254 943 436 992 Accedit·,
483 942 657 980 homines
704 949 785 994 post
817 949 1017 994 peccatum
1047 940 1186 978 Adami

73 998 218 1036 nedum
246 1008 324 1035 esse
349 996 541 1035 destitutos
559 994 730 1034 amicitia
745 1024 756 1042 ,
786 993 820 1030 8(
841 995 1068 1047 protectione
1089 995 1186 1042 Dei,

74 1050 186 1100 eujus
215 1050 303 1088 sacti
331 1059 417 1088 sunt
446 1049 619 1096 inimici,
649 1049 712 1086 sed
742 1049 856 1086 etiam
887 1049 928 1086 in
955 1047 1106 1086 Satanae
1123 1061 1187 1085 ca-

72 1104 284 1156 ptivitatem
306 1103 474 1141 redactos
488 1129 500 1141 .
522 1131 549 1150 „
568 1102 668 1140 Cum
685 1115 816 1140 omnes
837 1102 1007 1138 homines
1024 1130 1033 1147 ‚
1065 1102 1188 1154 inquit

71 1184 99 1205 „
126 1157 243 1195 Cone.
272 1155 446 1195 Trident.
466 1155 564 1194 Sess.
585 1154 653 1192 VI.
683 1168 770 1206 cap.
797 1168 829 1191 1.
847 1183 857 1200 ,
889 1154 926 1191 in
959 1156 1188 1206 praevarica-

71 1213 99 1259 ,'',
127 1210 230 1247 tione
258 1209 354 1248 Adae
383 1209 638 1248 innocentiam
671 1208 946 1259 perdidissent,
995 1208 1082 1245 sacti
1114 1209 1187 1245 im-

73 1271 102 1312 3,
130 1263 290 1310 mundi,
318 1262 382 1310 ἃ,
410 1270 450 1299 ut
480 1259 678 1312 Apostolus
707 1261 857 1313 inquit,
886 1269 1023 1299 natura
1051 1259 1126 1298 filii
1156 1263 1188 1299 i-

73 1328 100 1363 ,·‚
128 1328 184 1352 πω
206 1339 262 1352 ....
283 1327 406 1366 usque
433 1314 527 1352 adeo
567 1315 666 1351 servi
695 1322 800 1351 erant
837 1315 1008 1366 peccati,
1052 1314 1086 1350 8(
1116 1314 1187 1352 sub

73 1375 101 1415 ,ς
131 1373 308 1418 potestate
336 1367 503 1415 diaboli,
531 1380 575 1405 ac
604 1368 733 1404 mortis
763 1365 833 1404 Sec.
855 1370 904 1404 “.
926 1368 1026 1406 Hinc
1057 1380 1185 1406 neces-

72 1448 100 1468 „
127 1420 215 1458 sitas
243 1421 540 1458 exorcismorum
562 1449 573 1466 ‚
602 1431 697 1470 quos
724 1419 899 1457 Ecclesia
929 1422 967 1458 in
995 1421 1187 1473 baptismo

71 1470 226 1510 adhibet
246 1501 257 1519 ,
299 1481 341 1510 ut
367 1475 548 1522 princeps
577 1470 691 1524 hujus
720 1472 859 1508 munzi'a‘
882 1471 1010 1523 foras
1047 1478 1184 1511 mimz-

72 1532 161 1572 ων,
191 1524 519 1576 quemadmodum
548 1525 600 1562 ait
628 1524 668 1562 S.
691 1523 924 1575 Augustinus
954 1525 1042 1563 Lib.
1060 1527 1107 1564 ll.
1137 1526 1187 1564 ele

71 1580 236 1629 nuptiis,
264 1576 314 1618 Cb·
342 1589 506 1628 concup.
537 1590 622 1628 cap.
649 1576 738 1622 18.;
769 1576 943 1614 &adbuc
971 1577 1115 1617 clarius
1133 1578 1186 1615 O-

69 1639 193 1683 ptatus
219 1629 389 1672 Mitevit.
417 1630 506 1670 Lib.
528 1629 596 1668 IV.
625 1643 734 1668 num.
756 1628 794 1668 6.
830 1659 856 1679 „
877 1629 1082 1669 Neminem
1126 1632 1186 1670 fu—

72 1705 100 1734 „
127 1685 209 1738 git,
255 1688 408 1735 inquit,
449 1684 553 1737 quod
596 1685 722 1721 omnis
750 1683 892 1732 homo,
933 1684 1112 1737 quamvis
1139 1684 1187 1722 de

72 1744 99 1788 3,
128 1737 348 1791 parentibus
375 1737 593 1777 christianis
612 1745 788 1775 nascatur
805 1768 816 1786 ,
846 1739 925 1775 sine
953 1739 1090 1790 spiritu
1111 1739 1185 1775 im-

71 1802 98 1842 ,·,
129 1791 272 1830 mundo
300 1804 378 1830 esse
406 1803 479 1830 non
509 1792 648 1844 possit,
690 1804 807 1842 quem
848 1805 997 1829 necesse
1025 1792 1072 1830 sit
1101 1799 1186 1829 ante

71 1848 99 1894 ,¹,
127 1844 289 1883 salutare
317 1844 516 1883 lavacrum
545 1844 593 1882 ab
623 1844 775 1882 homine
804 1844 986 1894 excludi,
1015 1844 1049 1881 8t
1079 1859 1185 1897 sepa-

72 1927 100 1947 „
128 1897 232 1944 ται-ῖς
273 1897 344 1936 1100
374 1899 604 1936 exorcismus
632 1901 836 1950 operatur,
866 1912 932 1948 per
960 1911 1077 1951 quem
1107 1900 1185 1951 spi-

73 1970 100 1999 „
130 1952 220 1989 ritus
249 1951 468 1989 immundus
500 1949 707 2003 depellitur
727 1953 776 1988 “.
807 1951 902 1989 Haec
931 1961 1058 1990 autem
1089 1952 1186 1990 infe-

72 2002 129 2041 lix
159 2006 342 2053 servitus,
373 2003 407 2040 &
435 2005 635 2056 captivitas
664 2012 764 2042 certe
791 2016 866 2042 non
898 2005 1030 2043 suisset
1051 2007 1090 2044 in
1111 2015 1185 2044 sta-

71 2065 112 2094 tu
141 2066 284 2096 naturae
314 2069 448 2110 ραι-33,
478 2058 518 2095 in
547 2070 624 2109 quo
652 2055 804 2095 nullum
835 2067 1023 2109 regnasset
1052 2073 1187 2111 pecca-

70 2117 151 2148 tum
167 2116 194 2149 .’
212 2109 367 2162 fatigati
387 2111 502 2162 igitur
529 2109 674 2148 diaboli
701 2109 868 2151 vinculis
883 2140 894 2159 ,
923 2113 996 2150 nisi
1014 2125 1082 2164 per
1099 2127 1186 2164 gra·

69 2163 164 2202 tiam
193 2162 333 2202 Christi
375 2162 614 2212 liberentur,
650 2163 774 2202 multo
814 2165 942 2204 minus
971 2166 1011 2204 in
1039 2165 1185 2204 bonum

70 2217 185 2255 etiam
215 2216 385 2256 naturale
406 2226 588 2307 possunt,
616 2231 735 2269 quam
765 2218 804 2256 in
832 2226 927 2258 statu
947 2227 1092 2257 naturae
1114 2234 1187 2272 pu-

67 2280 123 2308 rae
153 2271 358 2322 potuissent
386 2274 403 2323 (
430 2272 473 2318 ).

129 2335 142 2360 1
182 2337 218 2374 7.
245 2322 323 2361 ob.
351 2324 384 2362 l.
411 2323 453 2361 S.
483 2323 693 2374 Dionysius
734 2323 850 2376 vulgo
892 2324 1118 2378 Areopagita
1148 2339 1186 2364 c.

68 2372 109 2420 4.
138 2336 202 2412 ὗε
229 2374 304 2413 div.
333 2379 486 2413 nomin.
505 2404 516 2422 ,
543 2375 590 2412 de
610 2375 853 2416 daemonibus
880 2377 1065 2430 loquens:
1093 2378 1182 2417 Nec

72 2427 260 2478 angelica
289 2439 459 2464 munera
476 2456 487 2474 ‚
517 2428 666 2478 inquit,
709 2427 766 2465 his
795 2428 938 2466 tribum
965 2431 1184 2482 ‹zllquantlo

69 2486 325 2529 permutata,
366 2478 436 2517 sel
464 2482 621 2530 integra
671 2489 788 2526 sunt,
831 2485 1059 2532 penitusque
1088 2498 1183 2522 con-

72 2534 241 2581 spicua',·
280 2532 380 2584 quod
409 2541 538 2570 autem
565 2532 611 2569 de
642 2531 797 2584 Angelis
833 2532 973 2581 malis,
1015 2535 1116 2573 idem
1146 2550 1183 2573 e-

71 2584 165 2622 tiam
192 2584 243 2623 de'
269 2583 425 2623 homine
453 2584 558 2636 lapso
585 2585 791 2623 dicendum
809 2611 820 2622 .
850 2585 892 2623 ld
921 2587 1047 2638 ipsum
1075 2588 1183 2626 docet

72 2635 304 2690 Angelicus3
331 2650 422 2676 nam
451 2639 492 2677 in
521 2637 570 2676 11.
599 2637 698 2677 Dist.
716 2639 780 2678 30.
810 2652 878 2691 qu.
914 2653 947 2678 1.
976 2649 1046 2678 art.
1081 2654 1114 2679 1.
1135 2641 1184 2680 ad

119 2823 170 2860 (a)
196 2819 300 2856 Card.
327 2821 558 2856 Belial-minus
583 2821 649 2857 hoc
674 2823 790 2869 ipsum
815 2822 972 2857 docuisse
987 2822 1127 2858 videtur
1141 2826 1188 2859 (le

71 2870 189 2914 gratia
211 2872 311 2912 primi
336 2868 484 2901 hominis
510 2880 540 2902 c.
569 2881 600 2912 7.
628 2870 811 2915 inquiens.-
848 2869 946 2904 Vitta
978 2875 1089 2904 omnia
1111 2875 1186 2916 pri-

80 2913 230 2959 vationes
257 2922 333 2948 eunt
367 2917 569 2949 naturalium
595 2916 771 2950 bonorum.-
807 2918 903 2951 idest
935 2920 1104 2951 naturalis
1131 2931 1187 2951 re-

80 2959 262 2992 etfmdtnie
275 2981 288 3001 ,
311 2972 376 2993 non
393 2964 501 3005 qualis
528 2966 562 2994 in
580 2966 689 3005 primo
708 2964 840 2997 homine
851 2963 933 3007 Jiu't
948 2986 958 3005 ‚
986 2965 1048 2996 sed
1072 2967 1185 3007 qualis·

83 3013 161 3036 esso
182 3009 317 3047 poturit,
353 3010 383 3039 si
410 3010 446 3040 in
468 3012 563 3052 puris
600 3011 810 3043 naturalibus
836 3012 994 3044 conditus
1021 3009 1184 3053 fuisset;

78 3055 201 3103 natura
222 3055 312 3084 enim
334 3060 449 3086 ereata
475 3057 551 3088 sine
566 3057 731 3104 justitia,
773 3061 814 3090 φ’
841 3060 917 3091 sine
939 3065 1080 3101 peccato
1108 3062 1119 3097 (
1146 3060 1188 3091 id

81 3106 171 3127 enam
195 3108 343 3130 «meamus
369 3102 406 3132 in
427 3103 522 3143 puris
545 3102 780 3140 naturalibus)
811 3116 902 3137 suam
925 3104 1098 3148 quamdam
1122 3104 1184 3137 ha-

80 3141 135 3174 bet
161 3143 399 3176 rectitudinem
414 3165 427 3185 ,
451 3154 611 3189 quatenns
638 3150 802 3184 videlicet
826 3152 951 3184 nnllam
977 3150 1077 3183 habet
1105 3153 1183 3183 vitii

83 3191 306 3239 ern-vitatem.
334 3189 384 3222 Ex
409 3201 476 3234 qua
501 3191 659 3229 doctrina
684 3195 786 3230 facile
810 3197 989 3240 colligitur
1007 3217 1017 3237 ,
1042 3197 1188 3230 rectitu-

77 3231 202 3287 dinem
228 3236 352 3275 illam,
388 3247 494 3280 qutun
516 3237 621 3273 homo
644 3240 822 3275 habuisset
859 3243 895 3276 in
920 3244 1018 3288 puris
1046 3251 1191 3276 natura-

85 3278 205 3321 libus,
238 3282 413 3316 sublatam
438 3294 530 3316 nunc
553 3297 626 3318 esse
652 3296 713 3329 per
736 3289 1053 3334 concupiscentiam
1078 3288 1192 3323 rebel-

84 3325 177 3368 lem,
200 3338 280 3372 qnae
305 3339 366 3362 nos
391 3325 434 3361 ad
457 3329 672 3375 peccandum
695 3331 869 3369 inclinat.

2227 119 2308 172 187

1258 196 1296 236 5.
1327 193 1411 232 liaec
1448 196 1579 233 eadem
1610 195 1785 248 Dionysii
1816 195 1932 234 verba
1968 195 2182 248 expendens
2218 195 2366 248 inquit:

1259 279 1284 299 ‚,
1315 248 1394 286 Nec
1427 247 1564 296 homo,
1595 263 1663 286 nec
1696 249 1859 299 Angelus
1890 263 1956 301 per
1986 259 2182 301 peccatum
2215 251 2364 302 aliquid

1257 301 1551 352 „manualium
1580 303 1704 340 amisit
1725 333 1735 349 ,
1764 313 1826 340 unt
1845 305 1880 340 in
1901 303 2031 355 aliquo
2057 303 2268 341 diminutus
2288 313 2363 342 est.

1257 385 1284 405 ‚,
1314 355 1416 392 Item
1459 355 1618 405 loquens
1647 355 1695 392 <le
1737 360 1964 406 integritate
2004 361 2121 407 primi
2167 355 2364 405 bortrinis,

1256 439 1282 457 „
1314 407 1562 445 Manifestum
1579 417 1644 456 est,
1661 412 1781 458 inquit
1801 409 1830 446 Ι.
1856 410 1896 446 [1.
1918 423 1980 461 qu.
2002 412 2068 462 95.
2089 420 2168 448 art.
2191 424 2239 458 ¹.,
2259 411 2362 462 quod

1257 492 1285 510 ,‚
1315 460 1382 498 illa
1412 461 1599 512 subjectio
1626 464 1795 513 corporis
1823 464 1868 500 ad
1899 464 2068 501 animam
2090 493 2102 512 ,
2144 463 2178 500 8(
2209 464 2364 501 inferio-

1258 545 1285 563 „
1315 527 1400 551 rum
1430 516 1571 552 virium
1602 515 1648 552 ad
1672 515 1854 552 rationem
1885 530 1959 554 non
1986 526 2062 554 erat
2083 515 2293 563 namralis,
2324 531 2366 554 a·

1258 597 1283 616 ‚,
1313 567 1463 620 linquin
1493 577 1786 619 postperrtitum
1818 572 2030 617 mansisset,
2059 584 2148 608 cum
2179 571 2292 607 etiam
2324 571 2364 608 iu

1260 649 1283 670 „
1313 621 1553 659 daemonibus
1587 622 1673 660 dna
1716 622 1903 660 naturalia.
1933 632 2011 675 post
2053 632 2250 675 peccatum
2281 635 2366 675 per·

1255 703 1281 722 ,‚
1311 676 1518 712 manserint
1539 678 1588 712 “.

1315 741 1402 779 ¹70·
1435 727 1546 780 Resp.
1575 728 1622 766 ad
1658 741 1690 766 1.
1718 741 1809 766 cum
1845 728 1885 766 S.
1916 728 2066 767 Thoma
2101 744 2134 768 1.
2166 743 2202 768 2.
2232 737 2366 782 qnaest.

1255 779 1322 818 85.
1352 791 1421 818 art.
1458 795 1490 820 1.
1519 782 1566 820 ad
1602 795 1663 830 1.,
1695 781 1923 834 Dionysium
1954 782 2057 834 loqui
2088 784 2133 820 de
2161 784 2258 821 bono
2286 787 2364 831 pri-

1255 847 1322 872 mo
1351 843 1494 872 naturae
1529 835 1631 887 quod
1661 844 1718 872 est
1748 848 1859 883 esse,
1905 840 2054 884 rivere,
2094 837 2144 877 (9⁶
2173 836 2365 887 intenge-

1254 900 1328 932 re,·
1358 889 1422 925 secl
1454 897 1490 926 ut
1519 889 1625 926 docet
1655 887 1797 926 ibidem
1823 889 2024 940 Ange-licus
2056 892 2093 927 in
2121 903 2278 941 corpore
2306 902 2368 926 ar-

1254 941 1391 989 ticuli,
1420 940 1525 979 aliud
1555 951 1606 979 est
1636 942 1780 980 bonum
1812 953 1984 991 nuturae,
2015 957 2150 993 nempe
2169 941 2365 980 inclinatio

1231 995 1302 1043 ‚ad
1333 996 1508 1033 virtutem
1527 1025 1537 1043 ,
1581 994 1613 1030 8<
1644 994 1715 1032 hoc
1744 996 1887 1033 bonnm
1932 1010 2000 1048 per
2040 1005 2238 1047 peccatum
2270 995 2368 1033 Adae

1254 1048 1489 1086 diminutum
1522 1058 1595 1096 est,
1624 1058 1819 1099 quatenus
1847 1063 1986 1088 omnes
2016 1054 2113 1086 vires
2133 1053 2285 1087 anim-te
2304 1061 2368 1087 re-

1255 1112 1424 1139 manent
1454 1116 1527 1153 quo
1541 1102 1748 1139 lvzmmrylo
1790 1102 1987 1140 destituta?
2014 1108 2170 1154 proprio
2197 1102 2334 1140 ordine
2354 1131 2368 1151 ,

1255 1168 1330 1205 quo
1358 1156 1596 1192 ›mturallter
1625 1155 1862 1193 ordinantur
1890 1156 1945 1193 ad
1973 1161 2180 1201 virtutem;
2208 1157 2258 1196 ζῇ·
2279 1160 2368 1206 ipsa.

1255 1208 1451 1246 destitutio
1480 1210 1701 1246 vulneratio
1721 1207 2064 1246 naturae-dicitur.
2094 1213 2107 1258 (
2131 1208 2221 1247 Vid.
2251 1210 2368 1246 etiam

1254 1272 1323 1300 art.
1356 1263 1392 1300 5.
1424 1263 1438 1311 )
1470 1262 1582 1300 Unde
1628 1262 1742 1300 etiarn
1787 1263 1825 1299 in
1857 1261 1940 1298 loco
1977 1260 2129 1311 objecto
2159 1264 2174 1313 (
2205 1274 2249 1298 ex
2279 1260 2371 1300 Lib.

1255 1316 1303 1354 ll.
1334 1315 1446 1353 Sent.
1477 1316 1491 1363 )
1522 1316 1620 1353 bona
1661 1314 1853 1353 naturalia
1881 1314 2087 1367 dupliciter
2128 1315 2370 1362 considerat,

1254 1368 1313 1406 vel
1343 1369 1551 1406 secundum
1573 1369 1672 1421 quod
1687 1368 1870 1406 debentur
1889 1380 1933 1405 ex
1956 1368 2157 1419 principiis
2178 1369 2370 1420 propriis,

1251 1422 1301 1462 <²9⁶
1331 1426 1386 1460 εἰς
1417 1433 1490 1459 nec
1519 1421 1655 1470 homo,
1695 1434 1770 1459 nec
1800 1421 1977 1473 Angelus
2005 1434 2074 1472 per
2103 1431 2300 1471 peccatum
2329 1434 2372 1458 a·

1252 1474 1376 1527 liquid
1419 1475 1650 1513 naturalium
1695 1475 1848 1522 amisit,
1891 1482 1956 1511 aut
1998 1475 2038 1510 in
2081 1473 2214 1526 aliquo
2252 1474 2372 1511 dimi-

1251 1537 1368 1565 nutus
1397 1538 1475 1574 est3
1524 1528 1583 1567 vel
1613 1529 1818 1566 secundum
1858 1527 1960 1579 quod
2001 1527 2224 1565 ordinantur
2251 1527 2292 1565 in
2322 1526 2371 1565 fi-

1252 1593 1341 1618 nem
1360 1580 1539 1618 nitimum
1558 1596 1567 1625 3
1597 1580 1630 1616 8<
1653 1581 1722 1619 hoc
1752 1581 1863 1618 modo
1884 1610 1908 1627 ,‚
1930 1581 1968 1618 in
1996 1590 2155 1633 utroque
2180 1580 2277 1618 bona
2299 1594 2366 1618 na-

1254 1661 1280 1681 „
1311 1632 1450 1670 turalia
1479 1634 1668 1670 diminuta
1696 1642 1807 1681 sunt,
1850 1646 1925 1671 non
1955 1635 2112 1684 quidem
2155 1635 2302 1685 penitus
2330 1648 2372 1671 a-

1254 1714 1280 1734 „
1313 1686 1427 1723 missa
1448 1715 1460 1735 ,
1491 1687 1720 1738 inquantum
1750 1694 1910 1737 uterque
1938 1686 2057 1722 factus
2078 1694 2128 1722 est
2159 1686 2370 1724 minusha-

1255 1768 1280 1788 ,‚
1310 1737 1428 1786 bilis,
1465 1737 1500 1774 &
1530 1739 1650 1790 magis
1678 1739 1821 1776 distans
1849 1737 1988 1775 a‘finis
2017 1740 2307 1786 consecutione,
2336 1738 2371 1776 &

1254 1821 1282 1841 „
1311 1801 1465 1843 psopter
1495 1791 1565 1829 hoc
1595 1793 1708 1829 etiam
1738 1791 1853 1828 homo
1891 1791 2065 1842 gratuitis
2103 1790 2286 1842 spoliatus
2313 1792 2371 1829 di-

1254 1875 1282 1894 ,‚
1312 1845 1436 1892 citur,
1467 1845 1502 1882 δε
1533 1846 1572 1883 in
1603 1844 1846 1883 naturalibus
1873 1844 2091 1883 vulneratus
2122 1847 2137 1896 (
2164 1843 2253 1883 Vzd.
2282 1857 2369 1895 sup.

1254 1928 1282 1948 ‚,
1310 1911 1351 1936 n.
1388 1899 1477 1951 175.
1507 1898 1570 1947 )“
1590 1898 1793 1950 Νεςώιιυῐ
1821 1912 1870 1937 ue
1899 1898 2145 1946 Adversarii,
2175 1898 2277 1937 hona
2305 1913 2372 1936 na-

1252 1951 1391 1990 turalia
1421 1951 1536 2003 hujus
1564 1954 1734 2004 generis,
1766 1953 1992 2004 inquantum
2009 1951 2229 1989 ordinantur
2256 1951 2302 1989 ad
2325 1952 2373 1990 fi·

1253 2019 1342 2044 nem
1361 2037 1372 2054 ‚
1415 2021 1491 2044 esse
1519 2007 1560 2044 in
1590 2005 1830 2044 daemonibus
1858 2005 2067 2051 diminuta,
2110 2017 2277 2056 quorum
2306 2019 2373 2044 vo·

1253 2058 1375 2098 luntas
1404 2068 1455 2097 est
1484 2060 1525 2097 in
1555 2058 1659 2097 mato
1699 2058 2001 2110 pertinacissime
2027 2056 2242 2097 obstinata?
2284 2056 2371 2097 Pari

1253 2112 1369 2151 modo
1397 2114 1511 2151 etiam
1541 2113 1580 2149 in
1609 2111 1763 2149 homine
1791 2111 1982 2149 diminuta
2010 2120 2096 2148 sunt
2125 2110 2196 2148 &c-

1314 2164 1402 2204 180.
1431 2165 1545 2214 Quod
1564 2174 1694 2203 autem
1715 2165 1809 2203 dicit
1823 2164 1864 2203 S.
1881 2163 2049 2202 Thomas
2069 2164 2098 2201 l.
2115 2163 2216 2202 Part.
2235 2173 2372 2216 quaest.

1253 2219 1321 2271 95.
1351 2228 1424 2258 art.
1459 2233 1491 2257 1.
1508 2249 1520 2267 ,
1548 2218 1833 2272 subjectionem
1863 2221 2035 2267 corporis
2063 2216 2120 2255 ad
2147 2221 2336 2256 animam
2354 2248 2366 2266 ‚

1253 2272 1303 2312 <9⁶
1332 2270 1568 2324 inferiorum
1611 2276 1749 2310 virium
1779 2271 1835 2310 ad
1876 2275 2086 2309 rationem*
2116 2283 2199 2309 non
2234 2270 2373 2323 juisse

1254 2327 1510 2364 naturalem:
1539 2326 1716 2376 alioquin
1737 2326 1825 2366 &a
1854 2324 2129 2377 explicandum
2157 2333 2209 2363 est
2238 2337 2282 2362 ex
2303 2325 2371 2362 do-

1250 2381 1371 2419 ctrina
1400 2379 1571 2432 ejusdem
1601 2380 1641 2417 S.
1672 2380 1874 2427 Doctoris,
1919 2387 1957 2415 ut
1987 2391 2060 2416 non
2091 2379 2205 2416 fuerit
2251 2387 2370 2415 natu-

1248 2433 1348 2471 ralis
1369 2464 1381 2482 ,
1423 2435 1533 2486 quasi
1564 2432 1685 2472 fluens
1715 2446 1759 2471 ex
1789 2433 1989 2485 principiis
2025 2431 2191 2470 hominis
2232 2431 2371 2469 consti·

1251 2487 1380 2524 tutivis
1401 2515 1412 2533 ,
1460 2495 1572 2538 prout
1601 2488 1640 2524 in
1671 2501 1709 2524 se
1743 2486 2057 2530 considerantum
2101 2484 2199 2522 bene
2240 2492 2369 2520 autem

1251 2547 1362 2623 grem
1392 2537 1508 2575 bomo
1534 2540 1776 2575 naturaliter
1805 2547 1883 2575 erat
1902 2538 2095 2575 ordinatus
2123 2537 2169 2574 ad
2199 2536 2368 2584 bonum,

1315 2601 1389 2625 non
1416 2591 1464 2627 ad
1494 2590 1669 2627 malum.
1700 2589 1790 2625 Vid.
1820 2603 1860 2625 n.
1897 2589 1987 2636 ¹75·

1311 2640 1399 2680 181.
1429 2642 1518 2680 lust.
1546 2640 1605 2678 Ex
1634 2639 1694 2678 his
1723 2640 1765 2679 S.
1795 2639 1959 2678 Thomae
1988 2639 2143 2688 verbis,
2185 2642 2272 2692 ipsa
2300 2638 2370 2678 de-

2248 2697 2318 2732 sti·

1302 2826 1352 2865 (b)
1377 2823 1496 2858 Videri
1535 2833 1647 2870 potest
1684 2824 1905 2858 celsissimus
1933 2822 1975 2856 D.
2003 2822 2177 2856 Martinus
2214 2823 2368 2859 Gerbert

1253 2870 1337 2906 ord.
1365 2873 1397 2905 S.
1427 2872 1506 2904 Ben-
1537 2873 1709 2911 Monam,
1747 2874 1777 2902 Sc
1804 2873 1972 2913 Congreg.
1998 2871 2033 2902 S.
2062 2869 2163 2902 Blasii
2192 2870 2228 2903 in
2253 2871 2364 2916 Sylva

1253 2919 1351 2962 nigra
1380 2918 1496 2951 Abbas
1515 2940 1526 2958 ‚
1552 2921 1584 2950 δε
1609 2921 1643 2950 S.
1673 2918 1714 2950 R.
1733 2919 1755 2949 Ι.
1784 2918 1943 2960 Princeps
1969 2920 2003 2948 in
2031 2913 2108 2948 Ver.
2135 2914 2292 2960 Lirin-gia
2313 2917 2368 2951 A·

1252 2966 1417 2998 lenmnica
1445 2964 1479 2996 Ρ.
1503 2968 1524 2996 Ι.
1553 2975 1627 3008 pag.
1644 2964 1748 3004 424,
1775 2966 1807 2994 ὅ(
1839 2974 1909 3007 seq.
1926 2983 1937 3002 ,
1962 2961 2021 2994 ubi
2049 2961 2153 2994 etiam
2179 2963 2368 3004 observat,

1252 3011 1381 3043 alieubi
1398 3022 1416 3042 a
1433 3010 1640 3043 Lutlieranis
1666 3009 1768 3042 fnisse
1794 3008 1857 3041 hos
1881 3008 2089 3041 exorcismos
2115 3017 2363 3050 conservatos,

1253 3057 1324 3089 imo
1362 3054 1480 3088 laudat
1522 3066 1660 3100 qnoqvm
1700 3054 1797 3088 Pauli
1833 3053 2019 3099 sperlingii
2058 3053 2216 3098 ejusdem
2257 3064 2363 3089 sectae

1250 3102 1402 3135 hominis
1447 3099 1717 3146 disputationem
1758 3101 1996 3146 inanguralem
2037 3102 2083 3134 de
2122 3105 2363 3145 antiquissimo

1254 3152 1440 3182 exorcismi
1478 3152 1513 3180 in
1549 3148 1715 3188 baptismo
1757 3152 1825 3181 ritu
1858 3160 2058 3192 nequaquam
2093 3156 2244 3190 temere,
2280 3150 2364 3182 mul—

1256 3203 1352 3238 toque
1398 3198 1507 3228 minuc
1549 3196 1766 3229 tumultuarie
1805 3197 1857 3231 vet
1891 3195 2085 3242 rejiciendo
2107 3215 2121 3235 2
2169 3198 2220 3233 vel
2265 3196 2366 3229 abra·-

1256 3241 1391 3286 gando.
