2583 3685
209 239 292 268 202

152 312 233 355 pier
262 307 458 353 peccatum
487 294 669 347 originale
705 295 884 335 obnoxios
913 310 989 334 esse
1017 311 1142 348 poenae
1173 305 1254 334 tum

150 355 300 399 damni,
330 361 409 388 tum
440 362 567 386 sensus
587 378 598 397 ‚
637 362 710 387 non
740 363 846 388 secus
875 364 917 387 ac
946 358 1164 402 torquentur
1192 351 1255 388 da-

149 406 266 445 mnati
305 410 456 455 propter
497 411 650 453 peccata
687 402 853 441 actualia
880 404 918 441 in
948 404 1123 450 inferno3
1165 417 1255 441 cuni

148 459 218 496 hoc
248 456 369 495 solum
398 455 648 504 discrimine,
686 457 787 508 quod
813 458 1015 494 >infantium
1046 471 1158 509 poena
1187 457 1256 494 erit

148 514 186 551 in
216 510 496 563 comparatione
518 509 697 547 'omnium
716 511 942 548 mitissima.
973 509 1080 548 Hanc
1110 519 1255 548 senten-

147 566 240 602 tiam
277 562 385 601 solito
413 575 480 600 suo
521 563 668 601 fervore
709 563 877 601 defendit
918 564 1014 601 inter
1044 563 1257 601 Thomistas

146 616 189 655 P.
220 617 343 668 Hyac.
373 615 504 667 Serry.
535 617 572 653 in
604 616 732 655 Tract.
761 617 828 655 III.
865 616 966 669 disp.
996 616 1032 655 5.
1063 614 1111 655 de
1137 626 1256 654 mitu-

144 683 194 708 να
222 670 339 717 lapsa
368 668 402 706 T
404 682 481 707 om.
511 668 579 707 IV.

196 723 290 761 255.
321 722 452 760 Tertia
479 724 608 774 opinio
635 724 744 776 quasi
771 723 898 761 media
914 723 1011 760 inter
1030 730 1255 774 utramque,

145 790 262 828 quam
292 777 460 815 defendit
489 775 593 814 laud.
636 790 724 815 mox
754 776 923 814 Thomas
952 776 997 813 de
1028 775 1160 813 Lemos
1181 805 1192 824 ‚
1222 775 1257 811 &

145 830 306 882 plurimi
335 829 430 877 alii,
459 838 501 866 ut
518 832 762 868 communior
789 831 885 879 inter
912 826 1161 867 Scholasticos
1189 843 1257 881 ap-

145 882 281 935 pellari
312 884 456 936 possit,
486 892 564 931 est,
593 883 773 935 parvulos
802 882 1021 921 decedentes
1050 896 1137 919 curn
1168 895 1254 934 pec-

146 947 227 974 cato
253 932 432 989 originali
456 935 569 975 nulla
597 950 747 988 prorsus
787 936 1019 975 beatitudine
1046 936 1254 988 perfruitu-

145 1003 231 1036 1093
261 992 339 1028 imo
369 998 496 1029 contra
526 1003 586 1027 eos
615 1004 702 1028 vere
719 990 917 1035 damnari3
943 1003 1100 1040 poenam
1130 998 1255 1027 tamen

147 1045 238 1097 ipsis
268 1043 435 1082 debitam
464 1052 618 1095 propter
647 1041 769 1081 solum
797 1050 997 1094 peccatum
1040 1041 1223 1093 originale
1245 1072 1256 1090 ,

145 1111 218 1136 non
247 1111 323 1136 esse
366 1110 522 1148 poenam
551 1110 705 1144 sensus,
746 1096 811 1134 sed
839 1094 964 1133 solum
1006 1109 1162 1146 poenam
1191 1097 1257 1134 da·

147 1153 228 1190 mni
252 1181 262 1199 ,
293 1150 437 1189 scilicet
466 1151 720 1203 privationem
750 1150 906 1188 visionis
932 1148 1124 1186 beatificae
1154 1149 1257 1197 Dei,

145 1219 263 1257 quam
290 1204 513 1243 sententiam
531 1202 565 1238 &
583 1214 652 1241 nos
671 1201 1001 1256 propugnabimus
1016 1231 1027 1250 ,
1055 1210 1258 1254 postquam

150 1271 319 1296 errorem
348 1256 640 1309 pelagianorum
662 1287 674 1305 ‚
713 1256 959 1306 aliorumque
1000 1255 1259 1306 quorumdam

144 1311 429 1362 Theologorum
471 1311 695 1362 opinionem
733 1310 780 1348 de
807 1309 1039 1347 beatitudine
1075 1307 1259 1361 parvulo*

143 1378 234 1403 tum
262 1363 427 1403 naturali
457 1363 758 1416 exploserimus.
782 1362 844 1401 Sit
872 1363 1000 1415 itaque

516 1467 821 1509 PROPOSITIO
849 1465 881 1508 I-

147 1577 308 1616 Certum
336 1584 423 1626 est,
466 1577 647 1629 parvulos
677 1572 913 1615 decedentes
955 1578 1042 1614 :sine
1071 1574 1267 1626 baptismo

196 1637 237 1669 z'n
266 1639 464 1670 aeternum
494 1630 719 1669 damnari:
749 1643 824 1668 nec
853 1630 929 1666 ullo
949 1629 1065 1666 modo
1081 1627 1265 1680 ferenda

198 1694 257 1723 est
285 1686 355 1723 illa
383 1687 585 1723 sententia
601 1713 612 1732 ,
642 1695 732 1735 quae
751 1682 891 1720 iisdem
911 1691 1114 1719 aeternam
1134 1679 1262 1718 tribuit

198 1737 482 1776 beatitudinem
498 1766 510 1784 ‚
551 1740 630 1774 sive
655 1735 808 1773 ordinis
836 1733 1179 1784 supernaturalis,
1208 1737 1260 1771 si-

196 1804 240 1830 ve
268 1795 396 1829 etiam
420 1789 572 1827 ordinis
601 1788 730 1826 solum
757 1787 984 1826 naturalis·

157 1939 161 1943 p
198 1871 518 1940 256.Prob.Ex
533 1895 706 1933 doctrina
721 1892 929 1943 Ecclesiae,
959 1906 1048 1946 quas
1078 1901 1258 1946 tanquam

142 1949 234 1990 fidei
254 1952 390 2003 dogma
407 1949 459 1987 ab
480 1948 656 1987 omnibus
685 1948 916 1986 credendum
936 1949 1113 1999 proponit
1130 1976 1141 1994 ,
1170 1961 1258 1998 pec-

144 2013 272 2043 catum
296 2001 486 2054 originale
502 2031 514 2049 ,
540 2000 646 2053 quod
662 2014 776 2039 mors
787 2010 849 2040 est
876 2005 1034 2039 ‹mimoe
1050 2030 1060 2049 ‚
1091 2000 1259 2051 adeoque

142 2057 223 2097 veri
252 2056 415 2094 nominis
457 2063 655 2107 peccatum
678 2084 689 2103 ‚
730 2058 774 2092 in
803 2067 923 2092 omne
965 2067 1088 2107 genus
1117 2052 1258 2091 liuma-

142 2122 239 2148 num
267 2106 525 2160 transfimdi,
571 2107 622 2148 <9⁶
648 2120 737 2145 esse
777 2111 986 2159 unicuique
1025 2110 1223 2158 proprium
1240 2121 1257 2151 ,·

142 2169 258 2216 atque
287 2162 357 2201 hoc
384 2170 587 2215 peccatum
617 2161 732 2199 etiam
776 2161 949 2213 parvulis
989 2164 1256 2213 regeneratio-

140 2217 204 2254 nis
232 2217 395 2255 lavacro
423 2217 582 2267 expiari
611 2212 769 2262 debere,
814 2213 869 2252 ad
896 2218 1019 2253 Vitam
1054 2223 1257 2252 veternam

140 2268 490 2321 consequendam.
532 2269 587 2306 Ita
615 2267 794 2320 Synodus
823 2267 1048 2306 Tridentina
1077 2267 1175 2305 Sess.
1205 2265 1257 2305 V.

141 2323 227 2361 Jam
256 2336 344 2362 vero
371 2322 443 2361 hac
470 2323 590 2374 posita
606 2323 816 2360 certissima
837 2321 926 2360 fidei
947 2321 1141 2368 doctrina,
1171 2320 1258 2372 quis

142 2385 279 2428 neget,
309 2375 482 2415 infelices
511 2373 595 2414 illos
623 2374 830 2427 parvulos,
859 2376 926 2427 qui
954 2375 1034 2413 sine
1063 2387 1258 2425 regenera-

144 2432 258 2468 tionis
285 2429 438 2468 lavacro
465 2427 581 2480 culpa
609 2427 788 2480 originali
820 2428 996 2466 obstricti
1025 2441 1070 2464 ex
1102 2427 1171 2465 hac
1201 2428 1258 2466 vi-

143 2490 180 2520 ta
207 2483 420 2532 decedunt,
450 2482 621 2534 ejusdem
649 2480 847 2534 originalis
874 2492 984 2519 noxae
1001 2495 1155 2534 poenam
1176 2479 1258 2518 lue-

145 2548 188 2575 re
208 2567 220 2586 ,
249 2550 388 2588 nempe
415 2536 696 2574 damnationem
727 2533 945 2573 aeternam?

198 2588 290 2640 257.
321 2590 435 2627 Porro
477 2588 618 2626 clamat
660 2587 860 2638 Apostolus
888 2587 1028 2626 Paulus
1070 2588 1116 2626 ad
1147 2587 1256 2626 Rom.

144 2641 194 2680 V.
230 2644 290 2681 18.
321 2642 398 2681 Per
424 2646 540 2679 unius
568 2640 753 2679 delictum
782 2643 822 2678 in
848 2654 992 2680 omnes
1020 2639 1199 2680 homines
1214 2644 1255 2678 in

141 2695 517 2734 condemnationem
534 2709 550 2740 ,·
596 2695 630 2731 ἃ
659 2693 800 2747 aliquis
827 2694 955 2733 dicere
982 2695 1156 2743 audebit,
1194 2707 1256 2733 eo-

144 2750 246 2788 sdem
275 2763 412 2802 pueros
445 2747 680 2787 salutaribus
723 2748 834 2786 undis
862 2750 1024 2787 minime
1052 2764 1074 2786 a
1102 2758 1257 2801 peccato

146 2803 368 2851 mundatos,
398 2816 472 2840 non
502 2802 852 2840 condemnationem
871 2832 881 2849 ,
911 2801 974 2840 sed
1003 2803 1116 2840 etiam
1138 2801 1256 2839 habe-

147 2865 189 2909 re
216 2855 465 2908 perpetuam?
493 2854 533 2894 S.
552 2855 610 2894 Au
641 2856 784 2894 ustinus
804 2855 893 2893 Lib.
915 2856 944 2893 1.
960 2852 1008 2893 de
1026 2867 1133 2905 pecc.
1155 2867 1255 2892 mer.

148 2906 198 2946 (9⁶
226 2913 377 2950 remiss.
406 2924 493 2962 cap.
527 2922 588 2948 12.
631 2922 720 2948 lunc
755 2908 884 2960 ipsum
925 2907 1054 2946 locum
1085 2907 1256 2959 Apostoli

150 2962 360 3011 expendens
376 2993 387 3012 ,
428 2963 509 3002 vult
529 2992 557 3011 „
577 2964 666 3002 Ideo
689 2962 838 3000 dictum
875 2959 1065 3012 judicium
1109 2973 1154 2998 ex
1183 2973 1258 2998 uno

152 3040 179 3061 2,
207 3011 341 3050 delicto
369 3017 407 3053 in
436 3017 786 3055 condemnationem
807 3045 818 3064 ‚
858 3015 952 3067 quia
993 3013 1181 3052 sufficeret
1210 3013 1258 3050 ad

152 3093 180 3114 9,
209 3065 556 3107 condemnationem
573 3099 584 3118 ‚
623 3070 772 3109 etiamsi
801 3082 878 3107 non
909 3076 1000 3107 esset
1027 3069 1067 3106 in
1094 3066 1261 3106 homini-

153 3146 181 3167 „
208 3117 306 3168 bus,
335 3120 410 3158 nisi
437 3123 617 3174 originale
645 3132 847 3177 peccatum
868 3147 924 3163 m.
942 3121 1046 3174 quod
1074 3133 1151 3160 non
1178 3129 1261 3160 tan-

165 3335 168 3338 ,
199 3303 250 3340 (a)
274 3300 325 3332 ita
352 3298 436 3332 olim
461 3301 676 3345 respondisse
701 3302 912 3350 Gregorium
935 3299 978 3339 de
994 3300 1182 3345 Valentia,
1205 3313 1260 3338 re-

155 3341 223 3380 fert
247 3346 283 3378 P.
305 3345 459 3379 'Thomas
483 3345 524 3379 de
553 3349 671 3382 Lemos
697 3350 925 3385 laud.T1-act.
952 3363 981 3384 c.
1009 3353 1065 3385 23.
1091 3351 1152 3384 ubi
1171 3351 1261 3384 hanc

155 3392 414 3437 responsionem
440 3393 569 3426 invicte
601 3392 750 3436 refellit3
783 3398 898 3441 primo
922 3396 1062 3441 quidem
1085 3409 1127 3430 ex
1155 3396 1259 3431 Card.

154 3437 387 3481 Bellarmin03
412 3436 534 3474 deinde
559 3450 602 3476 ex
625 3441 733 3475 variis
757 3442 944 3486 Conciliis,
971 3455 1010 3477 ac
1034 3444 1259 3488 potissimum

726 215 1128 261 DISSERTATIO
1150 215 1231 260 ΠΙ.
1265 214 1432 258 SECT.
1455 213 1533 257 ΙΙΙ.
1581 213 1709 258 CAP.
1734 215 1852 260 VIII.

1322 325 1347 344 „
1377 303 1456 333 tuni
1487 309 1508 332 a
1538 307 1652 343 regno
1682 296 1750 332 Dei
1788 303 1961 348 separat,
2003 311 2080 350 qno
2120 295 2299 349 parvulos
2340 296 2428 337 sim:

1323 379 1350 398 ‚,
1379 357 1531 400 accepta
1560 347 1697 385 Christi
1724 350 1846 398 gratia
1867 349 2056 388 defunctos
2087 352 2225 389 intrare
2253 364 2423 403 nonpos-

1324 432 1350 451 ,‚
1378 417 1416 441 se
1445 403 1515 454 ipsi
1542 402 1659 438 etiam
1689 400 1935 454 (Pelagium
1964 403 1978 446 δ
2011 404 2257 445 ς«“’ὶ(”ῑ““ῖῑ””·,
2411 436 2418 440 .

1325 486 1350 504 „
1380 456 1415 493 &
1443 470 1466 493 a
1493 453 1634 502 salute,
1670 467 1715 491 ac
1744 455 1821 492 vita
1850 464 1992 494 aeterna
2022 458 2109 494 facit
2139 476 2158 494 a
2181 476 2278 496 „aas
2306 459 2426 495 o'tc.“

1323 510 1371 549 Et
1401 518 1524 562 postea
1538 521 1624 559 cap.
1647 507 1706 546 16.
1728 536 1755 555 „
1777 506 1919 556 Potest,
1949 510 2073 561 inquit
2090 539 2100 557 ‚
2132 519 2228 548 recte
2244 511 2317 548 dici
2342 524 2427 563 par-

1323 593 1350 613 „
1380 562 1487 602 vulos
1514 563 1592 601 sine
1619 561 1808 613 baptismo
1833 561 1881 598 de
1908 564 2065 613 corpore
2095 573 2266 600 exeuntes
2296 565 2333 601 in
2363 565 2430 601 da-

1325 646 1351 666 „
1381 617 1571 655 mnatione
1599 615 1775 653 omnium
1817 616 2017 652 mitissima
2047 615 2216 653 futuros.
2260 616 2430 656 Multum

1320 696 1351 719 ,‚
1380 679 1507 708 autem
1538 667 1663 716 fallit,
1693 667 1726 704 8<
1756 666 1930 715 fallitur,
1967 669 2034 719 qui
2064 681 2125 705 eos
2154 670 2192 707 in
2221 670 2429 708 damnatio-

1325 752 1352 773 „
1381 738 1429 761 ne
1458 722 1640 775 praedicat
1667 734 1740 759 non
1772 721 1942 770 futuros,
1971 722 2118 759 dicente
2143 720 2342 772 Apostolo,
2365 726 2432 776 ju-

1323 803 1354 824 -„
1384 776 1528 814 dicium
1557 788 1610 814 ea:
1636 788 1714 813 uno
1744 773 1882 812 delicto
1913 779 1953 812 in
1983 773 2361 813 conflertzntitionem
2381 779 2431 816 “-.

1323 829 1372 868 Et
1401 831 1544 868 nimius
1572 843 1688 867 essem
1706 858 1717 877 ,
1747 830 1778 866 si
1805 829 1934 866 omnia
1951 858 1961 876 ‚
1989 827 2131 881 quibus
2147 828 2186 865 S.
2205 828 2434 879 Augustinus

1322 882 1477 935 explosa
1520 896 1765 935 quacumque
1807 882 2038 920 beatitudine
2079 880 2257 933 parvulos
2302 882 2340 919 in
2369 881 2436 918 da-

1325 938 1546 984 mnatione,
1574 950 1798 989 quanquam
1824 937 1997 974 omnium
2028 937 2230 974 mitissima
2247 964 2258 982 ,
2288 935 2436 972 futuros

1324 1003 1403 1027 esse
1432 990 1633 1040 probavit,
1663 990 1701 1026 in
1733 989 1903 1027 medium
1934 988 2069 1027 afferre
2097 987 2265 1027 vellem.

1380 1042 1472 1080 258.
1501 1042 1559 1080 Ea
1586 1051 1712 1080 tamen
1733 1044 2019 1095 praetermittere
2050 1056 2123 1080 non
2139 1053 2289 1095 possum
2307 1071 2317 1090 ,
2347 1040 2436 1093 quae‘

1325 1094 1439 1132 habet
1468 1094 1557 1132 Lib.
1587 1095 1635 1133 ΙΙ.
1665 1094 1714 1132 de
1742 1101 1906 1144 anima,
1934 1097 1984 1137 ὡ·
2013 1097 2099 1145 ejus
2126 1100 2276 1148 origine
2305 1109 2339 1133 c.
2375 1108 2437 1133 12.

1324 1148 1393 1186 ubi
1424 1148 1563 1199 inquit:
1585 1177 1611 1196 ,‚
1632 1147 1811 1187 Novellos
1839 1144 2037 1188 liaereticos
2065 1149 2281 1201 Pelagianos
2311 1147 2438 1200 justis·

1326 1231 1352 1250 ,‚
1383 1201 1477 1238 sime
1505 1200 1768 1238 Conciliorum
1797 1200 2078 1241 Catholicorum
2096 1233 2107 1252 ‚
2136 1203 2171 1238 &
2199 1202 2307 1241 Sedis
2336 1199 2439 1252 Apo-

1323 1280 1353 1303 .„
1383 1253 1528 1292 stolicae
1558 1253 1754 1291 damnavit
1784 1255 2010 1303 auctoritas,
2041 1268 2084 1292 eo
2111 1257 2212 1308 quod
2242 1256 2324 1294 ausi
2354 1255 2438 1292 fue·-

1327 1336 1354 1356 „
1382 1308 1482 1355 rint,
1512 1318 1586 1344 non
1600 1305 1799 1358 baptizatis
1829 1306 1999 1358 parvulis
2016 1308 2108 1346 dare
2132 1308 2272 1360 quietis
2288 1338 2299 1358 ,
2329 1306 2361 1343 8(
2382 1322 2439 1345 sa-

1323 1387 1353 1409 -‚,
1384 1359 1473 1398 lutis
1501 1359 1629 1398 locum
1658 1369 1799 1411 praeter
1837 1371 1998 1411 regnum
2028 1356 2257 1398 coelorum‘ss‘
2275 1387 2286 1398 .
2330 1361 2378 1398 Et
2397 1360 2440 1400 ,εἰ

1328 1415 1416 1466 quis
1446 1412 1622 1452 cavillari
1653 1412 1764 1462 velit,
1793 1415 1903 1466 quasi
1932 1412 1972 1451 S.
1994 1413 2136 1451 Doctor
2165 1412 2249 1451 ideo
2275 1421 2438 1451 tantum*

1330 1467 1442 1505 modo
1472 1464 1688 1518 Pelagianos
1715 1467 1909 1505 damnatos
1936 1466 2097 1515 dixerit,
2139 1467 2242 1519 quod
2269 1463 2441 1518 parvulis

1329 1529 1436 1558 ¹extra
1450 1532 1612 1572 regnum
1628 1519 1815 1558 coelorum
1831 1519 2000 1572 plenam,
2017 1521 2306 1573 perfectamque
2320 1517 2442 1558 beati-

1329 1574 1503 1613 tudinem
1528 1573 1673 1611 ordinis
1693 1572 1990 1625 sup‘ernaturalis
2017 1573 2251 1621 tribuerent,
2281 1580 2440 1612 cuinta-

1332 1639 1420 1665 meu
1449 1627 1564 1664 nostri
1583 1624 1772 1678 'Theologi
1801 1627 1952 1665 nonnisi
1980 1625 2203 1665 felicitatem
2231 1626 2440 1678 quamdam

1330 1678 1545 1717 naturalem
1574 1679 1649 1730 ipsi
1677 1680 1881 1718 concedant
1911 1680 1998 1730 (a):
2039 1680 2070 1717 si
2100 1682 2212 1732 quis,
2250 1682 2437 1733 inquam,

1329 1733 1382 1770 ita
1409 1730 1585 1771 cavillari
1614 1731 1727 1780 velit,
1758 1733 1871 1771 facile
1900 1734 2142 1772 convincetur
2171 1746 2216 1771 ex
2245 1734 2318 1780 iis,
2347 1742 2438 1784 quae

1330 1784 1565 1837 Augustinus
1592 1783 1708 1823 habet
1736 1786 1850 1837 paulo
1877 1785 2050 1838 superius
2079 1788 2120 1824 in
2147 1783 2281 1824 eodem
2312 1785 2439 1837 Opere

1327 1839 1417 1877 Lib.
1434 1839 1462 1876 Ι.
1493 1852 1578 1890 cap.
1594 1849 1634 1890 9.
1663 1840 1860 1891 inquiens:
1884 1870 1908 1888 ‚‚
1929 1838 2011 1878 Non
2040 1839 2238 1891 baptizatis
2266 1835 2438 1892 parvulis

1327 1922 1353 1941 „
1381 1905 1492 1931 nemo
1520 1893 1732 1943 promittat,
1762 1894 1858 1931 inter
1885 1893 2168 1931 damnationem
2199 1903 2438 1944 regnumque

1327 1975 1354 1996 2,
1384 1944 1572 1984 coelorum
1600 1947 1765 1997 quieti3‚
1805 1944 1868 1985 vel
1896 1947 2086 1985 felicitatis
2114 1945 2353 1998 cujuslibet,
2382 1952 2440 1982 at-

1326 2029 1352 2048 „
1381 2013 1456 2052 que
1480 1997 1646 2037 ubilibet
1674 2000 1782 2052 quasi
1811 2000 1983 2038 medium
2019 2000 2176 2038 locum.
2220 1999 2301 2038 Hoc
2331 1997 2438 2038 enim

1326 2083 1353 2101 ,‚
1384 2054 1437 2090 eis
1464 2053 1579 2090 etiam
1606 2048 1761 2090 haeresis
1782 2052 1982 2104 pelagiana
2012 2052 2185 2104 promisit
2199 2057 2224 2075 ‘⁶
2243 2080 2254 2091 .
2283 2052 2437 2100 Quibus

1322 2119 1400 2144 non
1429 2101 1728 2158 supernaturalis
1755 2105 1901 2154 solum,
1928 2106 1994 2144 sed
2021 2107 2137 2144 etiam
2167 2105 2348 2145 naturalis
2367 2120 2437 2146 cu·-

1323 2158 1479 2212 juslibet
1507 2158 1656 2209 generis
1685 2157 1876 2197 beatitudo
1903 2158 2116 2198 luculenter
2144 2160 2382 2198 excluditur.

1381 2210 1471 2264 259.
1503 2211 1639 2264 Reipsa
1667 2210 1766 2250 hanc
1791 2213 2037 2261 seutentiam,
2062 2225 2154 2265 quae
2185 2212 2363 2265 parvulos
2385 2208 2437 2250 ab

1324 2274 1465 2304 aeterna
1492 2266 1730 2304 damnatione
1744 2267 1905 2314 eximit,
1933 2275 2045 2318 atque
2074 2268 2115 2304 in
2130 2266 2239 2305 beata
2268 2265 2435 2318 quadam

1322 2320 1404 2358 vita
1432 2319 1649 2368 constituit,
1679 2319 1795 2357 fuisse
1823 2320 1964 2370 saepius
1991 2319 2040 2357 ab
2068 2319 2242 2358 Ecclesia
2271 2320 2434 2372 proscri—

1323 2382 1457 2424 ptam,
1501 2381 1600 2425 patet
1642 2374 1769 2425 primo
1810 2386 1855 2410 ex
1881 2372 2056 2424 Concilio
2085 2372 2349 2426 Diospolitano
2391 2372 2434 2411 in

1324 2426 1553 2475 Palaestina,
1581 2427 1682 2480 quod
1714 2426 1897 2464 referente
1926 2426 1967 2464 S.
1998 2426 2095 2478 Aug.
2126 2438 2187 2479 'ep-
2223 2425 2310 2465 186.
2339 2425 2436 2463 olim

1330 2480 1417 2518 106.
1446 2494 1531 2531 cap.
1561 2492 1601 2532 9.
1644 2479 1817 2530 Pelagius
1844 2481 1967 2531 coegit
2003 2479 2317 2518 anathematizare
2346 2492 2436 2528 eos,

1321 2535 1393 2585 squi
1422 2533 1580 2580 dicunt,
1610 2532 1817 2585 injiintes,
1865 2536 2025 2570 etiamsi
2055 2546 2136 2571 non
2164 2532 2436 2583 baptizentur,

1325 2586 1469 2625 habere
1506 2589 1630 2626 vitam
1673 2595 1902 2625 aeternam.
1937 2585 2093 2635 „Unde
2122 2586 2192 2635 fit,
2240 2588 2365 2639 inquit
2393 2585 2436 2625 S.

1324 2670 1351 2690 „
1382 2638 1637 2691 Augustinus,
1679 2650 1719 2678 ut
1750 2641 1912 2678 infantes
1939 2653 2016 2679 nou
2057 2636 2237 2691 baptizati
2275 2653 2350 2678 non
2380 2651 2439 2677 so-

1321 2721 1351 2743 „
1380 2693 1465 2731 lum
1494 2705 1655 2744 regnum
1683 2692 1871 2731 coelorum
1888 2722 1900 2740 ,
1929 2705 2063 2731 verum
2092 2695 2205 2730 etiam
2236 2695 2354 2731 vitam
2383 2705 2438 2729 ατ·

1325 2777 1353 2795 „
1381 2756 1528 2784 ternam
1572 2744 1713 2786 habere
1752 2759 1827 2783 non
1858 2746 1994 2796 possint
2014 2748 2069 2781 “.
2117 2744 2227 2791 Quod
2270 2744 2435 2792 iterum,

1322 2801 1538 2849 iterumque
1568 2799 1607 2836 in
1636 2796 1819 2836 Conciliis
1846 2796 2156 2849 Carthaginensi,
2185 2797 2220 2833 8c
2240 2795 2437 2834 Milevita-

1318 2864 1372 2890 no
1401 2852 1603 2889 definitum
1634 2851 1735 2898 fuit,
1766 2850 1840 2889 &a
1861 2860 1996 2889 sanctae
2028 2851 2223 2888 memoriae
2255 2851 2437 2888 Innocen-

1323 2907 1374 2943 tio
1403 2905 1432 2942 1.
1462 2903 1728 2955 confirmatum
1746 2931 1757 2942 .
1786 2904 1827 2942 S.
1848 2906 1961 2942 etiam
1991 2904 2167 2942 Gelasnis
2196 2903 2297 2956 Papa
2325 2906 2365 2942 in
2386 2903 2438 2941 E-

1322 2959 1410 3010 pist.
1440 2957 1487 2995 ad
1516 2957 1724 3010 Episcopus
1753 2969 1820 3008 per
1849 2956 2030 2996 Picenum
2060 2959 2249 3010 impiam,
2285 2956 2319 2993 ἀ
2350 2969 2437 3008 pro-

1328 3012 1459 3049 fanam
1488 3010 1654 3049 declarat
1682 3010 1894 3049 doctrinam
1923 3010 2123 3056 cujusdam
2145 3011 2298 3050 Senecae
2330 3009 2435 3048 l'ela—

2292 419 2377 434 (',‘⁸“'7
2387 417 2420 434 ὛΊ

1327 3065 1431 3115 giani
1461 3063 1682 3112 asserentis,
1725 3063 1904 3116 parvulos
1931 3068 2017 3102 sine
2045 3078 2162 3103 sacro
2198 3063 2438 3115 baptismate

1324 3131 1398 3169 pro
1425 3117 1507 3156 solo
1535 3117 1722 3170 originali
1761 3126 1924 3170 peccato
1953 3131 2033 3156 non
2060 3131 2172 3169 posse
2214 3118 2436 3170 dam-nari·

2305 3171 2384 3210 Dea·

1329 3315 1371 3337 ex
1397 3299 1537 3336 Gelasio
1561 3301 1650 3347 Papa
1668 3324 1678 3342 ,
1703 3303 1761 3347 qui
1785 3310 1904 3336 contra
1930 3297 2131 3348 Pelagianos
2149 3294 2328 3338 ostendit,
2353 3307 2435 3341 Ρᾶΐ·

1327 3350 1419 3382 vulis
1445 3360 1512 3382 non
1539 3351 1748 3393 regeneratis
1774 3362 1841 3383 non
1860 3350 1970 3383 solnm
1987 3361 2131 3395 regnum
2159 3349 2348 3383 emiorum,
2375 3340 2434 3374 sed

1327 3396 1570 3448 etiam-vitam
1594 3408 1849 3443 quamcumque
1880 3396 2022 3432 beatam
2054 3396 2165 3435 sacris
2200 3391 2349 3428 oraculis
2374 3386 2433 3422 de-

1325 3453 1465 3487 negari.
