2583 3685
863 140 941 185 DE
979 141 1153 185 PGZNA
1190 137 1346 183 PARV
1357 137 1614 181 ULORUM
1627 168 1640 181 .

164 227 256 278 527.
286 254 313 275 ,‚
340 223 382 263 si
411 229 535 260 tamen
563 228 655 260 esset
686 220 892 273 possibile,
940 223 1040 273 quod
1077 220 1217 273 aliquis

111 309 137 330 ,‚
166 293 252 318 cum
282 283 432 329 peccato
451 273 630 325 originali
649 304 660 322 ‚
692 274 724 310 ἃ
746 275 888 312 veniali
909 275 1104 313 decederet
1121 303 1131 321 ,
1160 274 1216 312 di-

112 363 139 382 „
167 345 237 379 co,
264 329 364 383 quod
395 329 594 382 puniretur
625 341 739 381 poena
754 342 882 366 sensus
911 338 1079 373 aeterna3
1109 334 1217 364 aeter-

111 415 138 436 „
167 386 261 423 nitas
287 383 390 421 euim
423 394 548 434 poenae
577 383 853 420 concomitatur
896 383 1103 419 carentiam
1133 393 1217 430 gra·

108 467 137 489 ‚,
164 438 224 476 tiae
241 465 253 484 ,
282 449 329 474 ex
356 450 434 488 qua
463 437 633 488 provenit
652 436 840 473 aeternitas
868 434 996 487 culpae
1013 459 1024 472 .
1053 433 1101 471 Et
1132 433 1218 470 iude

105 519 135 542 „
163 497 239 538 est,
269 489 370 542 quod
402 497 600 541 peccatum
631 488 778 526 veniale
807 492 845 527 in
876 500 945 535 eo,
974 487 1040 539 qui
1069 486 1216 524 decedit

103 570 134 592 „
162 556 251 580 cum
282 543 456 591 mortali,
485 543 576 594 quia
606 555 817 595 numquam
847 541 1076 587 remittitur,
1107 549 1216 576 aeter·

101 623 131 645 2,
161 609 209 634 na
240 609 354 647 poena
382 596 540 657 punitur
570 603 720 648 propter
748 595 879 647 gratiae
899 593 1137 630 carentiam.
1168 591 1215 628 Et

102 676 131 698 „
160 648 297 687 similis
327 657 422 687 ratto
449 657 540 687 esset
557 678 568 696 ,
596 650 626 686 si
656 650 741 701 quis
759 646 953 686 decederet
981 658 1071 682 cum
1099 645 1214 695 origi-

102 730 130 752 „
160 701 267 749 nali,
298 701 331 739 8<
363 700 512 740 mortali
541 704 768 754 peccato“.

158 754 250 794 528.
280 755 423 794 Dices.
454 754 656 793 Peccatum
683 751 895 805 originale,
932 763 1021 788 cum
1050 751 1096 788 sit
1126 763 1213 802 pec-

103 816 234 846 catum
264 808 425 847 mortale
442 839 452 857 ,
483 816 534 846 est
562 808 713 859 gravius
730 835 741 854 ‚
799 818 886 843 uam
908 804 1077 849 veniale3
1106 805 1212 855 atqui

131 870 259 900 eccato
286 860 428 900 veniali
456 860 615 899 debetur
641 873 719 899 non
746 871 824 898 eoa
860 859 1027 896 carentia
1057 858 1214 895 visionis

100 874 175 954 Bel
193 945 203 963 ,
233 916 295 954 sed
326 915 440 953 etiam
470 926 585 966 poena
612 923 765 951 sensus:
796 923 884 963 ergo
912 911 984 949 &c.

155 967 247 1022 329.
279 967 388 1019 llesp.
406 996 418 1015 ,
445 966 650 1005 discrimen
679 979 754 1002 esse
785 966 822 1003 in
853 965 998 1003 ratione
1038 964 1214 1002 volunta-

103 1023 152 1058 rii
166 1035 183 1065 ‚·
212 1035 299 1060 nain
315 1029 511 1073 peccatum
542 1017 693 1056 veniale
723 1027 774 1056 est
790 1017 1048 1057 voluntarium
1078 1017 1214 1055 volun-

98 1080 174 1112 tate
201 1086 367 1126 personae
385 1101 397 1120 ,
438 1070 623 1124 originale
651 1081 780 1110 autem
809 1070 887 1110 sola
917 1070 1109 1109 voluntate
1138 1083 1213 1108 nu.-

98 1134 227 1174 κυῖαν,
274 1125 308 1162 ἃ
353 1135 504 1178 propter
548 1124 645 1164 hanc
685 1125 944 1162 diversitatem
974 1123 1014 1161 S.
1045 1124 1213 1162 Thomas

98 1191 172 1217 non
214 1177 406 1218 dubitavit
447 1192 639 1227 asserere,
687 1187 885 1230 peccatum
923 1177 1109 1228 originale
1138 1191 1213 1215 esse

93 1231 388 1284 quodammodo
430 1235 562 1270 minus
605 1240 760 1283 peccato
801 1229 972 1279 veniali,
1020 1231 1113 1281 quia
1142 1229 1212 1268 lioc

93 1289 230 1338 magis
258 1283 372 1324 habet
402 1283 451 1322 de
480 1289 636 1322 ratione
664 1288 846 1334 peccati,
875 1285 968 1333 quia
997 1293 1049 1320 est
1078 1283 1212 1321 volun-

96 1339 238 1377 tarium
268 1339 468 1376 voluntate
495 1336 611 1390 hujus
630 1349 838 1388 personae.
868 1336 967 1374 Vide
996 1349 1084 1388 quae
1114 1337 1215 1375 dicta

94 1400 183 1430 sunt
212 1405 320 1429 uum.
341 1403 407 1444 9¹·

152 1443 244 1483 550.
273 1444 350 1482 Ob.
382 1444 451 1482 ult.
480 1443 579 1482 Cum
610 1457 724 1495 poena
746 1444 875 1482 damni
903 1444 950 1481 sit
980 1442 1102 1481 multo
1129 1457 1211 1481 ma-

97 1494 186 1549 jor,
233 1511 350 1548 quam
379 1511 498 1549 poena
526 1509 678 1543 sensus,
711 1498 741 1534 si
771 1495 839 1534 illa
868 1497 1017 1534 miseris
1047 1496 1126 1534 illis
1156 1498 1214 1534 in-

94 1548 265 1587 fautibus
294 1548 511 1600 infligitur,
547 1547 670 1586 multo
697 1550 816 1600 magis
846 1547 1040 1599 infligetur
1069 1548 1214 1598 altera,

95 1615 184 1655 quae
214 1610 267 1640 est
294 1614 449 1640 mmor.

150 1654 242 1694 531.
272 1654 384 1708 Resp.
414 1655 574 1694 Etiamsi
605 1654 644 1692 id
686 1667 820 1692 verum
851 1655 925 1702 sit,
972 1653 1214 1692 consideratis

96 1706 178 1747 iltis
191 1707 342 1747 duabus
371 1709 498 1757 poenis
512 1710 715 1760 separatim
733 1737 744 1756 ‚
776 1706 914 1746 falsum
933 1714 1060 1745 tamen
1091 1707 1214 1744 omni—

96 1773 149 1800 no
176 1770 254 1810 est,
282 1763 314 1800 si
342 1762 469 1800 ambae
498 1761 615 1800 simul
631 1761 937 1813 conjungantur.
968 1760 1081 1798 Unde
1108 1761 1138 1798 si
1155 1761 1214 1797 in-

95 1812 228 1853 :felices
273 1813 353 1853 illae
396 1817 538 1854 animae
585 1824 745 1867 utraque
793 1818 909 1866 poena
956 1814 1181 1865 punirentur
1202 1843 1213 1862 ,

97 1866 221 1918 multo
247 1869 401 1920 gravius
418 1869 640 1920 punirentur
656 1898 667 1916 ,
697 1881 768 1905 nee
789 1875 882 1904 esset
910 1865 1068 1905 illorum
1095 1880 1213 1918 poena

95 1921 300 1959 mitissima
316 1948 326 1959 .
355 1921 440 1959 Non
468 1929 587 1974 potest
617 1919 696 1959 illis
717 1919 885 1958 subtrahi
907 1933 1022 1972 poena
1051 1919 1211 1968 damni,

96 1975 190 2026 quia
219 1987 308 2012 cum
337 1974 413 2012 sint
441 1975 582 2026 privati
611 1973 755 2026 justitia
784 1973 992 2025 originali,
1023 1985 1095 2010 non
1126 1985 1211 2024 pos·

93 2035 182 2065 nunt
210 2027 257 2065 ad
285 2026 613 2080 supernaturalem
645 2027 922 2065 beatitudinem
952 2027 1107 2064 visionis
1136 2025 1212 2064 Dei

94 2081 321 2132 pervenire,
369 2089 488 2132 potest
528 2089 654 2118 tamen
685 2095 707 2119 a
738 2077 812 2118 Dei
848 2079 1107 2118 misericordia
1135 2077 1213 2117 illis

91 2131 265 2172 subtrahi
282 2147 397 2185 poena
424 2147 552 2173 sensus
568 2164 578 2182 ,
610 2133 701 2187 quia
717 2133 940 2172 immunitas
958 2132 1011 2170 ab
1038 2131 1110 2171 hac
1129 2146 1212 2185 Ρω-

92 2197 142 2225 na
171 2199 245 2224 non
274 2200 316 2225 re
347 2197 460 2239 ugnat
489 2186 645 2226 illorum
673 2187 815 2226 statui.

148 2239 240 2279 352.
268 2201 476 2279 Scliolion.
505 2241 582 2280 Nos
597 2242 762 2279 minime
791 2240 849 2278 usi
878 2253 1008 2278 sumus
1025 2253 1068 2277 ea
1097 2237 1211 2292 phra—

90 2289 152 2341 εἰ,
197 2306 286 2345 quae
330 2294 432 2346 apud
462 2293 665 2333 nonnullos
707 2295 929 2345 frequenter
972 2302 1210 2344 usurpatur,

95 2346 268 2384 vocando
296 2355 471 2398 patronos
500 2348 704 2384 confutatae
725 2348 920 2389 sententiae
949 2350 1123 2383 immites
1152 2349 1210 2381 in-

83 2395 271 2449 famium
312 2407 503 2446 tortores,
580 2399 876 2437 uemadmodnm
915 2398 972 2438 illi
1011 2398 1210 2451 appellare

94 2461 164 2488 nos
193 2450 312 2488 solent
340 2453 543 2488 misericor
572 2464 616 2488 es
642 2463 851 2500 puerorum
880 2460 1070 2500 patronos
1087 2467 1102 2496 ,-
1146 2465 1208 2489 ne-

91 2513 169 2553 que
199 2503 303 2540 euim
333 2501 410 2540 illis
439 2502 586 2554 prodest
605 2512 730 2541 nostra
760 2504 1048 2550 misericordia,
1077 2506 1107 2541 si
1136 2505 1207 2542 du-

91 2555 256 2594 rissimis
283 2555 424 2593 inferni
447 2555 680 2593 cruciatibus
701 2563 864 2593 uruntur
880 2584 890 2602 ‚
921 2568 1044 2606 neque
1067 2556 1210 2592 eisdem

91 2606 216 2646 oberit
245 2606 410 2646 aliorum
439 2609 615 2655 saevifia,
645 2611 675 2647 si
707 2609 830 2659 reipsa
859 2620 931 2645 non
961 2608 1208 2652 cruciantur5

91 2672 218 2712 neque
247 2672 310 2698 nos
328 2689 340 2708 ‚
368 2662 436 2714 qui
465 2662 633 2699 vivimus
650 2690 661 2709 ,
707 2674 841 2698 sumus
867 2659 1014 2712 judices
1042 2669 1210 2697 mortuo-

76 2723 177 2751 *rum
195 2739 206 2751 .
253 2713 395 2765 Negari
424 2722 548 2752 tamen
577 2727 654 2752 non
684 2721 827 2766 potest,
872 2722 1035 2752 nostram
1063 2722 1209 2750 senten-

89 2766 183 2805 tiam
213 2779 288 2806 non
328 2767 520 2806 modicum
549 2766 726 2806 solatium
755 2766 890 2804 afferre
935 2767 981 2804 iis
1009 2767 1209 2803 commise-

75 2819 229 2858 ‘randis
257 2819 476 2872 parentibus
493 2851 503 2869 ,
533 2821 600 2873 qui
631 2834 771 2872 pueros
799 2821 1005 2871 inexpiatos
1034 2821 1113 2857 sine
1141 2832 1210 2857 sua

90 2869 208 2923 eulpa
238 2874 372 2912 misere
399 2875 606 2912 amittunt.
635 2873 760 2912 Nimis
780 2874 882 2911 enim
913 2872 1132 2910 eorumdem
1150 2873 1207 2909 af-

95 2921 217 2983 flictio
243 2935 427 2978 augetur,
455 2928 485 2965 si
514 2928 696 2976 credant,
740 2927 890 2965 eosdem
920 2940 996 2964 esse
1026 2935 1209 2978 perpetuo

93 2987 183 3027 :gno
207 2981 503 3019 excruciandos.
551 2981 654 3019 ldem
683 2989 810 3018 tamen
839 2994 927 3018 curu
958 2980 1099 3027 sciant,
1147 2991 1209 3016 eos

94 3041 176 3067 esse
203 3038 344 3070 eterna
373 3032 549 3073 felicitate
599 3035 803 3082 rivaudos,
833 3034 920 3072 satis
948 3032 1100 3071 solliciti
1131 3046 1207 3070 esse

95 3080 262 3141 debent,
290 3098 337 3122 ne
365 3099 494 3124 eorum
515 3050 631 3141 caiisa
660 3100 810 3127 summo
839 3086 937 3136 illo,
965 3085 999 3122 ἃ
1029 3085 1205 3125 ineffabi-

96 3132 125 3172 h
155 3135 254 3173 bono
282 3138 504 3187 priventur.

150 3187 244 3230 335·
273 3189 432 3237 Quaeres
487 3193 613 3244 primo
645 3224 656 3242 ,
712 3208 770 3233 an
822 3198 931 3245 pueri
974 3207 1027 3233 ex
1082 3205 1204 3244 poena

93 3323 152 3347 σιω·
169 3334 179 3353 ,
206 3318 241 3346 in
268 3328 330 3359 quo
354 3320 466 3360 fuissit
491 3321 603 3360 pttniri
631 3321 690 3352 ille
708 3340 717 3358 ,
746 3323 800 3362 qui
827 3320 925 3354 habet
951 3328 1124 3364 peccatum
1150 3331 1202 3352 ve-

96 3362 190 3396 niobe
215 3373 287 3396 cum
312 3366 476 3408 originali
503 3366 597 3399 solo.
622 3363 754 3399 nunde
781 3377 864 3402 vero
886 3367 956 3401 alia
971 3367 1104 3403 ratione
1122 3377 1202 3412 pro-

2255 140 2342 180 215

1285 217 1425 255 damni
1470 222 1674 254 incernam
1703 219 1879 254 sentiant
1922 219 2051 255 animi
2093 214 2398 270 afflictionem?

1341 271 1432 315 554.
1465 270 1575 321 lle-ip.
1603 269 1716 307 (lard.
1749 270 1843 308 lini).
1876 271 2152 315 llellarininus,
2197 280 2300 322 postq
2324 284 2396 309 ,ιιη

1284 324 1374 363 Lib.
1399 323 1463 360 Vl.
1494 323 1541 359 ‹le
1583 327 1724 359 amisis.
1754 328 1898 371 gratiae
1919 355 1929 371 ‚
1976 326 2024 365 <9-
2067 334 2171 362 statu
2209 337 2300 373 pecc
2320 328 2362 359 iti
2386 352 2397 370 ‚

1284 391 1370 428 cap.
1393 377 1432 421 4.
1462 375 1495 411 8(
1528 377 1563 413 5.
1595 385 1758 413 nostram
1807 379 2024 415 sente-utinm
2067 379 2112 414 de
2156 382 2235 414 uta.
2281 391 2398 428 poena

1285 430 1418 468 damni
1449 437 1601 480 peccato
1629 429 1806 479 originali
1836 430 1961 467 debita
1993 432 2272 482 propugnavit,
2309 444 2395 482 cap.

1283 483 1323 521 6.
1343 513 1353 530 ,
1391 482 1425 518 δι
1454 496 1536 535 seq.
1563 480 1694 519 multis
1723 485 1957 532 argumentis
1987 485 2145 535 probare
2175 483 2397 530 contendit,

1282 534 1479 586 probabile
1508 548 1620 581 esse,
1653 535 1829 586 parvulos
1845 549 1888 572 ex
1919 551 1959 573 ea
1979 552 2089 588 poena
2119 537 2252 574 damni
2283 538 2396 573 inter-

1283 603 1376 628 num
1422 589 1543 627 animi
1573 587 1741 625 dolorem
1774 602 1970 639 passuros,
2017 595 2193 639 quamvis
2238 592 2395 626 tullissi-

1284 656 1394 679 mum
1410 657 1422 679 .·
1452 642 1661 694 oppositam
1692 651 1816 678 tamen
1847 644 2095 693 opinionem,
2125 643 2225 694 quod
2257 655 2398 693 nempe

1283 695 1434 734 nullam
1466 708 1616 747 prorsus
1646 693 1704 731 illi
1736 695 1887 746 parvuli
1930 695 2179 733 afflictionem
2208 697 2396 743 sentiant,

1281 751 1394 787 etiam
1427 748 1667 800 probabilem
1698 756 1877 799 reputat,
1922 759 2077 798 propter
2115 753 2397 786 auctoritatem

1282 803 1324 840 S.
1358 801 1552 849 leomoe,
1583 800 1624 838 S.
1654 800 1974 848 Bomzventurae,
2016 802 2064 843 ὅ)
2095 803 2265 840 ciliorum
2295 801 2397 839 mul-

1280 866 1413 894 torum
1442 856 1652 892 illustrium
1684 852 1969 905 Tlie0l0g01·wn
1988 882 1997 892 .

1339 909 1432 948 555.
1465 939 1490 956 „
1521 908 1725 954 Ceterum,
1756 912 1879 959 inquit
1898 939 1907 956 ,
1948 908 2047 947 liunc
2075 909 2247 946 dolorem
2275 910 2312 946 in
2343 908 2400 946 eis

1282 993 1308 1014 „
1336 962 1576 1000 levissimum
1593 990 1605 1009 ,
1636 962 1958 1013 mitissinminqu⁴·
1975 961 2102 999 multis
2130 963 2175 998 de
2191 963 2313 999 causis
2336 963 2394 998 su-

1283 1047 1310 1066 „
1340 1026 1468 1055 turum
1488 1045 1499 1063 ,
1548 1024 1630 1052 tum
1658 1014 1758 1066 quod
1789 1015 2072 1066 dispositionem
2116 1016 2164 1052 ad
2194 1014 2396 1052 beatitudi-

1282 1100 1309 1120 „
1339 1084 1425 1107 nem
1455 1069 1606 1106 nonnisi
1625 1069 1913 1106 remotissimam
1932 1067 2170 1106 habuerunt:
2200 1079 2278 1104 tum
2295 1067 2397 1118 quod

1282 1153 1311 1173 „
1340 1122 1571 1172 intelligent,
1620 1133 1694 1158 non
1726 1123 1879 1172 propria
1924 1121 2151 1172 negligentia
2183 1136 2219 1158 se
2250 1130 2397 1157 tantuin

1282 1207 1308 1226 „
1337 1176 1483 1214 bonum
1513 1175 1708 1218 amisisse3
1740 1176 1836 1211 unde
1858 1175 1971 1212 etiam
2002 1188 2130 1212 verme
2160 1174 2397 1212 conscientiae

1282 1259 1309 1279 „
1339 1228 1551 1268 carebunt:
1598 1235 1677 1263 tum
1708 1227 1808 1277 quod
1853 1226 2009 1264 delicias
2037 1240 2161 1278 neq-ue
2197 1226 2362 1263 caelestes
2384 1255 2396 1274 ,

1283 1313 1309 1332 „
1338 1296 1461 1335 neque
1482 1291 1644 1319 terrenas
1675 1292 1845 1332 unquam
1867 1281 2094 1330 gustaverint
2117 1294 2128 1324 3
2158 1277 2277 1316 facile
2292 1280 2398 1315 enim

1283 1366 1312 1385 „
1339 1337 1386 1373 iis
1426 1335 1533 1372 bonis
1562 1345 1763 1380 caremus,
1811 1333 1954 1384 quibus
1982 1345 2197 1385 numquam
2234 1332 2398 1370 assuevi·

1283 1419 1312 1438 „
1341 1400 1450 1426 mus:
1497 1397 1577 1425 tum
1619 1385 1786 1475 denique
1815 1385 1916 1437 quod
1954 1385 2164 1432 videbunt,
2213 1384 2400 1436 plurimos

1341 1455 1420 1480 esse
1450 1441 1489 1479 in
1519 1439 1651 1477 eodem
1681 1451 1866 1489 gejeunae
1902 1452 2056 1477 carcere
2083 1453 2120 1475 se
2149 1437 2272 1476 multo
2301 1438 2402 1475 inse-

1286 1525 1312 1545 „
1343 1495 1521 1540 liciores,
1558 1492 1605 1529 ad
1635 1504 1801 1543 quotum
1830 1499 1969 1528 sortem
1998 1492 2070 1542 ipsi
2099 1504 2253 1542 quoque
2282 1491 2398 1542 perti.-

1283 1578 1310 1596 „
1340 1562 1435 1586 nere-
1460 1545 1692 1598 potuissent,
1729 1546 1756 1582 si
1787 1545 1930 1582 diutius
1960 1544 2034 1581 sibi
2064 1545 2193 1581 vivere
2221 1544 2399 1595 contigis-

1285 1630 1312 1648 „
1343 1610 1424 1637 sent
1441 1604 1466 1621 “
1486 1625 1497 1635 .
1527 1598 1623 1635 Haec
1650 1597 1800 1635 docus-se
1830 1598 1898 1635 iste
1926 1596 2165 1635 Cardinalis.

1339 1651 1431 1691 556.
1462 1650 1742 1689 Verumtamen
1780 1649 1822 1687 S.
1858 1659 1978 1688 noster
2017 1649 2233 1701 Praeceptor
2277 1650 2405 1688 omnis

1283 1717 1436 1757 prorsus
1478 1701 1618 1740 doloris
1647 1700 1738 1739 illos
1763 1714 1903 1752 pueros
1929 1704 2115 1740 immunes
2154 1704 2299 1740 suuxros
2326 1717 2398 1753 pn-

1283 1760 1403 1796 tavit:
1447 1754 1557 1807 cujus
1600 1753 1697 1791 lianc
1726 1756 1912 1792 rationem
1955 1754 2111 1792 adducit
2138 1756 2180 1791 in
2207 1755 2257 1791 ll.
2287 1755 2398 1793 Sent-

1282 1811 1383 1850 Dist.
1406 1810 1470 1849 55.
1500 1823 1538 1861 q.
1562 1820 1601 1845 2.
1629 1815 1698 1844 art.
1716 1820 1753 1844 2.
1785 1836 1812 1854 „
1841 1807 1882 1844 Si
1905 1807 2011 1858 pueri
2030 1820 2101 1844 non
2122 1807 2300 1858 baptizati
2319 1816 2399 1858 post

1281 1895 1309 1915 „
1338 1873 1505 1902 mortem>
1529 1860 1698 1900 dolorem
1729 1861 1947 1898 interiorem
1980 1859 2140 1898 habeant
2161 1890 2172 1908 ,
2202 1869 2266 1898 aut
2295 1860 2401 1898 dole-

1281 1948 1306 1968 „
1335 1918 1434 1956 bunt
1461 1916 1508 1954 de
1536 1914 1679 1966 culpa,
1726 1922 1790 1950 aut
1819 1914 1866 1952 de
1896 1927 2039 1965 poena.
2092 1914 2132 1951 Si
2163 1913 2209 1950 de
2251 1913 2366 1965 culpa
2387 1943 2398 1963 ‚

1281 2001 1308 2022 „
1336 1985 1426 2010 cum
1473 1985 1496 2008 a
1524 1967 1640 2019 culpa
1670 1965 1740 2005 illa
1769 1966 1928 2005 ulterius
1975 1967 2171 2004 emendari
2201 1979 2275 2004 non
2316 1981 2398 2018 pos-

1338 2027 1440 2073 sint,
1468 2021 1575 2060 dolor
1606 2019 1674 2059 ill-e
1703 2022 1773 2058 erit
1804 2022 1843 2059 iu
1864 2021 2163 2070 desperationem
2195 2020 2399 2058 inducens.

1338 2078 1414 2117 Sed
1443 2075 1529 2114 talis
1556 2073 1663 2112 dolor
1684 2074 1722 2111 in
1750 2072 1938 2111 damnatis
1968 2083 2017 2110 est
2039 2074 2184 2110 vermis
2208 2075 2396 2111 couscien-

1338 2133 1427 2170 tiae:
1457 2141 1550 2180 ergo.
1574 2128 1684 2178 pueri
1715 2139 1870 2164 vermen
1900 2126 2143 2165 couscientia?
2173 2125 2397 2164 habebunt:

1339 2185 1373 2222 &
1403 2186 1457 2222 sic
1486 2193 1567 2218 not)
1591 2187 1682 2218 esset
1712 2192 1844 2217 eorum
1876 2192 1991 2230 poena.
2010 2179 2240 2218 mitissima.
2267 2179 2310 2218 Si
2329 2193 2397 2218 au·

1282 2268 1308 2287 „
1339 2248 1413 2276 tem
1443 2236 1490 2273 de
1520 2247 1636 2285 poeua
1665 2231 1862 2281 dolerent,
1893 2245 1981 2283 ergo
2000 2246 2088 2271 cum
2119 2246 2236 2286 poena
2265 2245 2402 2271 eorum

1281 2322 1310 2340 „
1338 2290 1433 2342 juste
1463 2304 1483 2326 a
1514 2287 1597 2325 Deo
1623 2287 1669 2324 sit
1691 2316 1704 2333 ‚
1749 2285 1925 2324 voluntas
1952 2299 2087 2323 eorum
2114 2287 2259 2324 divinae
2289 2285 2398 2336 justi-

1280 2375 1307 2394 „
1337 2346 1401 2382 tiae
1429 2342 1627 2388 obviaret,
1675 2338 1709 2375 &
1738 2340 1792 2378 sic
1821 2338 2018 2377 actualiter
2061 2339 2243 2378 deformis
2273 2349 2365 2378 esset
2385 2370 2397 2388 ,

1278 2428 1304 2447 „
1334 2397 1432 2450 quod
1463 2408 1543 2433 non
1568 2393 1809 2431 conceditur:
1840 2405 1929 2443 ergo
1958 2391 2106 2430 nullum
2137 2393 2304 2431 dolorem
2337 2395 2400 2431 in-

1334 2451 1509 2488 teriorem
1532 2448 1689 2485 sentient
1710 2450 1736 2467 ‘⁶
1755 2472 1766 2484 .
1797 2446 1851 2483 Ita
1883 2448 1922 2484 in
1952 2459 2101 2498 argum.
2131 2445 2210 2484 Sed
2229 2455 2395 2483 contra.

1333 2504 1424 2553 557.
1456 2503 1500 2540 ln
1525 2509 1660 2552 quaest.
1691 2509 1819 2537 autem
1849 2498 1899 2536 V.
1929 2498 1978 2536 de
2007 2500 2117 2537 malo
2135 2508 2208 2536 art.
2228 2499 2299 2546 5»,
2326 2498 2394 2536 ubi

1276 2556 1398 2593 denuo
1427 2555 1526 2592 hanc
1557 2554 1756 2590 materiam
1787 2564 1833 2588 ex
1862 2552 2029 2588 instituto
2059 2561 2284 2601 pertractat,
2314 2551 2394 2601 pri-

1278 2621 1342 2644 mo
1369 2607 1565 2651 observat,
1596 2603 1692 2640 nihil
1723 2603 1926 2652 prodesse,
1973 2611 2011 2638 ut
2040 2603 2118 2640 illis
2147 2605 2278 2653 pneris
2304 2602 2394 2640 snb-

1277 2659 1445 2697 traliatur
1475 2657 1640 2695 exterius
1666 2663 1898 2692 tormentum
1925 2667 2053 2691 sensus
2070 2683 2080 2700 ‚
2110 2655 2143 2692 si
2169 2654 2394 2693 attribuitur

1279 2714 1332 2751 eis
1361 2712 1516 2750 interior
1545 2709 1666 2747 animi
1697 2705 1886 2754 afflictio,
1922 2720 2013 2758 quae.
2043 2715 2094 2744 est
2123 2706 2245 2744 multo
2274 2708 2397 2759 magis

1278 2765 1470 2818 poenalis,
1517 2761 1552 2798 δι
1582 2762 1706 2812 magis
1744 2761 1947 2812 opponitur
1977 2760 2189 2798 mitissima
2219 2758 2280 2798 illi
2310 2773 2395 2813 ρω-

1278 2832 1339 2857 nae
1357 2848 1368 2866 ‚
1398 2831 1513 2870 quam
1547 2815 1780 2866 Augustinus
1807 2813 1860 2850 eis
1888 2812 2066 2850 attribuit
2085 2840 2101 2851 .

1333 2872 1425 2910 558.
1456 2869 1609 2908 Deinde
1647 2868 1699 2905 ita
1728 2865 1920 2917 explicat,
1965 2879 2042 2918 qua-
2079 2867 2224 2905 ratione
2255 2866 2396 2918 possint

1278 2938 1408 2963 carere
1438 2933 1578 2961 aeterua
1596 2920 1827 2959 beatitudine
1846 2949 1856 2966 ,
1885 2919 1982 2970 quin
2000 2920 2149 2957 interno
2174 2919 2308 2972 aliquo
2325 2919 2397 2956 do-

1278 2979 1358 3017 lore
1389 2986 1539 3030 propter
1561 2975 1652 3013 tanti
1682 2973 1773 3011 boui
1803 2971 1994 3022 jacturam
2011 2971 2248 3010 afficiantur:
2280 3001 2306 3021 „
2339 2973 2395 3010 A-

1279 3062 1306 3082 „
1335 3033 1454 3071 nimae
1485 3040 1691 3082 puerorum
1709 3057 1722 3073 ,
1764 3026 1888 3077 inquit
1909 3055 1923 3072 ,
1950 3024 2114 3064 naturali
2141 3025 2300 3078 quidem
2326 3037 2394 3063 co-

1277 3115 1303 3134 „
1332 3086 1499 3136 gnitione
1529 3095 1600 3120 uon
1630 3088 1778 3125 carent,
1826 3078 1956 3131 qualis
1990 3077 2147 3117 debetur
2175 3080 2307 3118 anima-
2333 3093 2394 3117 se·

1276 3168 1303 3187 „
1332 3138 1498 3175 cundum
1529 3148 1636 3172 suam
1666 3142 1866 3181 naturam,
1912 3132 1977 3171 sed
2003 3141 2131 3171 carent
2166 3140 2393 3186 supernatu-

1277 3221 1306 3240 „
1333 3190 1404 3229 tali
1448 3188 1691 3240 cognitione,
1735 3198 1824 3240 quae
1853 3185 1917 3225 bic
1959 3187 2001 3226 in
2024 3185 2139 3226 nohis
2172 3185 2389 3276 perlfidem

2217 3255 2243 3292 p
2264 3253 2331 3277 an—

1285 1473 1313 1491 79

1281 2056 1309 2076 ’2

1281 2109 1310 2129 52

1281 2163 1308 2182 7>

1283 2215 1309 2234 9)

1278 2481 1304 2501 2,

1271 3318 1328 3351 bat
1346 3337 1355 3354 ,
1382 3326 1454 3347 non
1480 3325 1578 3358 posse
1605 3320 1788 3357 peccatum
1802 3311 1936 3345 veniale
1960 3323 2037 3346 esse
2059 3323 2143 3346 eum
2165 3312 2240 3345 solo
2265 3319 2387 3354 pecca-

1271 3372 1306 3398 to
1330 3361 1517 3407 originali.
1544 3357 1648 3405 Quod
1670 3359 1799 3405 repetit
1819 3359 1852 3393 3.
1872 3358 1965 3393 Part.
1983 3371 2043 3405 qu.
2057 3369 2116 3404 90,
2143 3366 2210 3393 art.
2232 3356 2266 3399 4.
2291 3353 2334 3388 ad
2352 3353 2390 3387 3.
