2583 3685
279 141 340 181 '16

211 217 406 266 'temporis
433 225 590 251 cursum
621 214 636 263 (
666 210 744 249 vid.
772 222 856 262 sup.
887 225 996 249 num.
1032 224 1116 248 110.
1147 210 1195 257 ).
1243 209 1316 247 Ne-

219 283 294 320 que
325 267 458 317 Angeli
504 273 653 316 possunt
696 263 828 300 eadem
867 265 993 302 futura
1022 265 1061 301 iu
1090 265 1166 300 suis
1194 265 1317 300 causis

217 333 440 371 cognoscere
461 347 470 364 ,
508 318 598 367 quia
629 315 706 353 illae
736 326 865 367 suapte
893 327 1027 355 natura
1056 325 1140 352 suut
1170 316 1316 353 indiffe-

219 383 368 418 rentes,
400 378 522 420 utpote
551 368 711 417 liberae,
742 368 801 405 vel
832 372 1104 420 contingentes.
1134 369 1175 406 In
1204 383 1316 406 causa

216 435 342 462 autem
372 423 679 470 indeterminata,
709 423 742 458 8<
764 422 992 460 indifferenti
1022 436 1097 460 non
1127 430 1241 473 potest
1257 435 1316 459 co-

216 478 344 528 gnosei
375 475 524 513 effectus
545 504 554 522 ,
585 477 658 512 nisi
687 475 901 525 conjectura
924 503 932 514 .

278 544 288 568 1
306 531 364 568 15.
394 529 554 566 Assertio
574 537 696 566 tamen
719 537 842 566 nostra
863 530 1099 582 potissimum
1123 528 1314 575 innititur,

210 597 288 621 non
317 581 522 619 rationibus
552 580 851 633 philosophicis,
881 583 942 620 sed
973 580 1177 619 luculentis
1206 581 1314 618 Sacr-

216 637 472 682 Litterarum‚
526 633 825 687 Sanctorumque
867 634 1017 673 Patrum
1061 635 1314 682 testimoniis,

215 697 367 739 propter
394 700 480 738 quae
510 687 687 724 nonnulli
717 688 899 739 Theologi
938 689 1098 725 minime
1126 686 1313 734 dubitant,

213 754 298 777 eam
329 741 366 777 in
396 737 569 777 revelatis
612 740 700 778 fidei
731 742 968 792 dogmatibus
1011 754 1231 789 recenses-e,
1276 749 1315 777 ut

212 793 349 831 Jueuin
380 793 417 829 in
447 795 523 832 suis
553 791 724 832 Iiistitut.
753 794 867 832 theol.

274 845 359 884 116.
389 845 464 883 Ob.
502 847 642 897 primo:
692 847 817 885 Multa
860 848 990 886 futura
1031 848 1314 895 contingentia,

208 899 248 936 ἃ
276 899 397 937 libera
427 898 475 936 ab
505 899 659 951 Angelis
687 901 822 949 bonis,
866 902 944 938 imo
964 901 998 937 &
1026 915 1047 938 a
1077 896 1187 939 ῐηᾶὶίἐ
1216 915 1315 954 prae-

211 953 311 991 dicta
341 953 606 990 inveniuntur:
636 967 724 1005 ergo
753 954 823 992 ἃς.

264 1019 358 1056 117.
390 1004 499 1056 Resp-
528 1019 617 1044 cum
647 1006 687 1044 S.
716 1007 774 1045 Jo.
807 1008 984 1045 Damaso.
1014 1007 1103 1046 Lib.
1134 1009 1181 1045 Il.
1212 1008 1316 1056 „De

205 1087 238 1108 Ἠ
268 1058 344 1096 fide
364 1058 575 1096 *orthodoxa
604 1074 689 1111 cap.
723 1060 761 1105 4.
802 1061 949 1099 Futura
979 1075 1044 1098 nec
1075 1061 1213 1113 Angeli
1244 1062 1317 1099 Dei

206 1142 238 1160 .„
270 1120 479 1160 noverunt,
510 1126 575 1149 uec
605 1112 840 1159 ·Dae1nones;
879 1130 921 1153 ea
952 1124 1075 1151 tamen
1106 1116 1317 1166 praedicunt

207 1194 239 1213 sa
271 1164 428 1215 Angeli,
473 1179 610 1217 nempe
640 1166 722 1203 Deo
752 1168 841 1218 ipsis
879 1168 1096 1219 detegente,
1145 1184 1187 1206 ac
1220 1182 1317 1220 prae-

211 1248 236 1266 „
267 1219 437 1256 nuntiare
468 1219 670 1257 mandante
691 1249 702 1267 ,
746 1233 822 1271 quo
850 1220 918 1268 fit,
958 1231 996 1258 ut
1026 1235 1113 1272 qum
1145 1222 1194 1259 ab
1225 1223 1316 1270 ipsis

207 1301 238 1320 .„
268 1271 557 1323 praedicuntur,
598 1273 728 1310 omnia
771 1275 975 1311 eveniant.
1023 1276 1128 1320 Quin
1160 1275 1193 1310 &
1225 1276 1315 1311 Dae-

203 1354 237 1372 .„
268 1337 392 1362 moues
421 1339 572 1376 quoque
615 1327 857 1377 praedicunt,
901 1327 1089 1364 interdum
1138 1327 1282 1363 scilicet
1304 1357 1315 1375 ,

209 1407 234 1425 „
264 1379 355 1429 quia
383 1392 427 1415 ea
448 1408 458 1426 ,
489 1391 576 1429 quae
607 1378 740 1429 procul
770 1387 952 1428 geruntur
974 1409 983 1425 ,
1021 1388 1204 1424 cernunt3
1256 1381 1313 1417 in·—

201 1457 235 1478 .‚,
265 1431 412 1468 terdum
438 1429 521 1467 sola
550 1430 847 1479 conjectatione,
887 1431 987 1468 unde
1016 1431 1050 1467 8(
1079 1446 1178 1483 saepe
1209 1447 1314 1470 men-

208 1510 234 1530 „
265 1485 437 1528 tiuntur5
468 1495 535 1519 nec
566 1480 658 1520 fides
687 1482 763 1520 illis
792 1493 845 1521 est
875 1483 1118 1534 adhibenda,
1164 1488 1313 1524 etiamsi

208 1565 235 1583 „
266 1549 329 1584 eo,
366 1548 449 1588 >quo
476 1535 671 1583 diximus,
719 1538 831 1574 modo
860 1551 960 1589 seepe
991 1552 1080 1576 vera
1108 1539 1262 1577 dicant.
1285 1542 1311 1561 ‘⁶

202 1588 308 1626 ‘Hinc
337 1588 492 1627 illorum
521 1588 677 1627 oracula
706 1588 934 1640 plerumque
964 1602 1069 1630 erant
1105 1593 1311 1643 ambigua,

208 1641 242 1678 8(
273 1640 480 1693 flexiloqua
502 1671 512 1690 ,
557 1651 597 1679 ut
626 1642 858 1693 cuicumque
888 1645 1036 1681 eventui
1083 1645 1196 1682 facile
1229 1659 1312 1697 pos-

202 1704 287 1733 ·sent
315 1695 514 1745 adaptari.
564 1694 639 1731 Sed
667 1694 713 1731 de
743 1695 933 1733 vaticiniis
965 1696 1193 1736 Daemomun
1225 1700 1311 1737 satis

201 1747 330 1786 ‚multa
357 1747 525 1784 diximus
554 1746 591 1783 iu
622 1747 651 1784 1.
680 1745 722 1784 P.
753 1747 916 1786 Tom.1.
948 1749 1047 1788 Diss.
1078 1752 1125 1788 Il.
1155 1766 1240 1804 cap.
1272 1751 1309 1789 8.

265 1799 352 1838 118.
384 1801 507 1851 Atque
550 1797 619 1837 hoc
649 1801 762 1838 modo
804 1800 989 1854 explicari
1031 1813 1187 1855 possunt
1217 1818 1310 1843 non-

198 1852 323 1891 nullae
354 1854 572 1890 futurorum
602 1854 892 1904 praedictiones,
936 1870 1030 1908 quas
1060 1857 1099 1895 S.
1136 1859 1308 1908 Augusti-

198 1920 275 1945 nus
316 1914 499 1944 memorat
526 1905 614 1944 Lib.
636 1906 725 1944 ΧΙΙ.
755 1906 803 1946 de
836 1907 981 1947 Genes.
1025 1910 1080 1947 ad
1108 1910 1308 1948 Litteram

198 1973 289 2011 cap.
326 1974 413 2011 ¹7⁰>
462 1958 497 1995 &
525 1973 603 2010 seq.
635 1959 778 2012 Aliqua
807 1963 908 2000 enim
940 1972 1136 2014 potuerunt
1165 1979 1185 2002 a
1216 1965 1307 2002 Dae-

200 2013 378 2050 monibus
407 2013 638 2064 praevideri,
685 2012 719 2049 &
748 2015 927 2066 quaedam
953 2017 1073 2055 etiam
1102 2031 1191 2056 casu
1221 2032 1306 2057 eve-

201 2067 283 2103 nire
313 2067 377 2116 (α)
397 2091 407 2102 .

262 2132 347 2171 119-
378 2118 517 2157 Dices·
545 2117 688 2168 Vetus,
731 2120 765 2158 8<
794 2122 1013 2175 pervulgata
1041 2125 1143 2176 apud
1173 2125 1309 2163 multos

202 2173 335 2224 opinio
363 2180 447 2220 est,
476 2173 651 2211 animum
680 2172 820 2213 hahere
850 2178 945 2214 inse
973 2179 1182 2230 quamdam
1211 2179 1310 2217 divi-

195 2225 319 2264 *nandi
349 2226 455 2273 vim,
496 2238 584 2277 quae
615 2230 809 2280 praecipue
837 2240 994 2282 apparet
1023 2233 1064 2270 in
1107 2233 1306 2270 moribun—

198 2278 284 2323 dis3
331 2291 496 2329 quarum
538 2279 813 2319 divinationum
841 2283 961 2321 multa
998 2284 1241 2336 proferuntur
1269 2298 1307 2321 e-

193 2329 354 2382 xempla
383 2344 471 2369 cum
501 2345 523 2368 a
552 2332 745 2383 profanis,
787 2343 868 2373 tum
898 2337 1014 2374 etiam
1044 2338 1093 2375 ab
1131 2337 1307 2376 ecclesia-

197 2384 302 2421 sticis
330 2383 586 2435 Scriptoribus
608 2415 619 2434 ‚
650 2394 690 2423 ut
719 2402 742 2425 a
770 2387 811 2426 S.
841 2389 1024 2439 Gregorio
1053 2389 1198 2442 Magno
1218 2391 1308 2430 Lib.

194 2434 270 2476 JV.
292 2433 463 2489 Dialog·
493 2451 579 2490 cap.
600 2437 694 2490 26„
732 2440 770 2478 »δε
795 2454 858 2493 27.
889 2441 956 2481 ubi
983 2444 1113 2495 primo
1151 2444 1307 2493 statuit,

225 2602 296 2649 ι(α)
321 2597 389 2632 Ex
419 2609 470 2642 gr.
489 2611 586 2633 num.
602 2603 659 2637 35.
685 2613 831 2645 narrat,
858 2618 876 2639 a
902 2606 1053 2651 quodam
1079 2610 1232 2653 patiente
1246 2609 1317 2652 spi-

199 2653 309 2696 ritum
330 2644 550 2678 immundum
577 2648 720 2691 praedici
741 2653 959 2685 consuevisse
974 2675 984 2692 ,
1010 2654 1149 2698 quando
1167 2654 1208 2688 ad
1234 2666 1314 2688 eum

201 2692 360 2741 veniebat
388 2690 530 2734 quidam
558 2694 746 2740 Presbyter
773 2709 812 2729 ex
842 2696 1010 2732 distantia
1036 2699 1218 2734 duodecim
1246 2701 1314 2733 rni-

201 2735 328 2768 hurum
347 2757 358 2774 ‚
400 2739 430 2768 ὃς
454 2737 597 2781 quidem
622 2753 701 2774 cnm
719 2743 890 2776 *omnibus
918 2745 1193 2778 circumstantiis
1221 2747 1313 2780 loco-

202 2791 308 2832 rutn3
335 2785 365 2812 &
391 2791 585 2826 temporum
602 2809 610 2818 .
636 2788 744 2821 Num.
773 2789 828 2822 36.
854 2787 1042 2832 quemdam
1067 2790 1311 2836 phreneticum

199 2825 403 2870 praedixisse
444 2838 592 2864 mortem
629 2832 812 2878 cujusdam
848 2834 985 2867 feminee
1016 2859 1023 2867 .
1073 2837 1219 2870 Numer.
1255 2838 1315 2881 37.

203 2871 390 2924 quemdam
430 2883 578 2916 puerum
602 2881 783 2914 acerrimis
820 2881 998 2914 doloribus
1025 2883 1222 2915 cruciatum
1250 2894 1316 2915 sae-

200 2929 279 2970 p'ius
306 2916 434 2951 Vidisse
461 2917 546 2952 duos
572 2921 727 2959 homines
746 2948 756 2967 ‚
791 2928 941 2960 alterum
968 2928 1194 2972 provectioris
1232 2936 1316 2961 aeta-

202 2972 271 3016 tis,
297 2964 448 2997 alterum
474 2976 620 3017 puerum
637 2990 646 3008 2
672 2984 690 3002 a
715 2974 843 3016 quibus
868 2972 910 3006 de
937 2982 1115 3017 tempore,
1141 2985 1210 3018 quo
1232 2984 1316 3007 vcru·

202 3019 318 3062 cratus
344 3022 503 3044 renovari
531 3010 700 3048 debebant
716 3038 727 3056 ,
764 3022 795 3050 ἃς
819 3019 860 3052 de
886 3018 1049 3052 remediis
1075 3018 1286 3053 edocebatur
1305 3042 1313 3050 .

201 3056 310 3088 hum.
336 3056 394 3099 46.
421 3056 590 3109 quosdam
615 3060 760 3104 juvenes
781 3077 839 3107 per
856 3065 977 3110 jocum
1002 3077 1036 3098 se
1063 3067 1253 3110 astrologos
1268 3066 1315 3099 si-

200 3103 380 3143 mulasse,
409 3105 440 3134 ὃς
466 3102 603 3137 cuidam
629 3108 740 3140 multa
766 3121 847 3142 vera
874 3111 1076 3155 praedixisse
1093 3134 1104 3153 ‚
1129 3120 1234 3156 atque
1261 3113 1314 3145 in-

205 3158 259 3182 ter
286 3149 355 3182 alia
382 3147 570 3199 adventurn
597 3151 658 3184 filii
686 3154 762 3194 sui,
802 3154 843 3187 ‹le
867 3169 937 3200 quo
960 3159 1114 3198 maxime
1141 3158 1312 3192 sollicitus

196 3203 279 3227 -erat
293 3216 304 3235 ‚
330 3196 388 3239 qui
408 3205 533 3238 'reipsa
558 3196 677 3231 eodem
696 3207 858 3243 'tempore
884 3205 1083 3246 supervenit
1099 3226 1106 3235 .
1133 3204 1239 3237 Num.
1256 3204 1312 3248 47.

196 3240 391 3294 quemdam
419 3242 551 3292 pariter
575 3243 653 3288 joco
678 3245 880 3289 pra-dixisse
907 3251 1062 3292 sequenti
1077 3259 1177 3283 nocte
1201 3249 1315 3283 horni-

199 3297 287 3319 -nem
313 3299 346 3320 in
373 3297 533 3332 pror—urna
560 3290 660 3334 sylva
689 3303 707 3324 a
733 3293 829 3325 leone
866 3293 1091 3329 interemtum
1118 3297 1189 3335 iri,
1222 3294 1314 3340 quod

201 3335 236 3366 Bc
261 3334 394 3369 factum
420 3340 494 3367 est:
522 3344 607 3378 quas
633 3336 902 3381 praedictiones,
941 3341 1112 3384 quomodo
1138 3342 1221 3376 fiant
1237 3362 1248 3382 ,
1274 3344 1314 3376 (9‘

922 128 1329 175 'DisSERTATIO
1362 129 1394 172 Ι.
1441 128 1569 171 CAP.
1599 126 1723 172 VIII.

1385 212 1512 258 ipsum
1543 208 1759 257 aliquando
1788 211 2023 246 animarum
2051 213 2127 246 vim
2170 206 2379 248 subtilitate
2407 223 2481 251 sua

1384 260 1532 310 aliquit!
1559 259 1773 310 praevidere
1793 289 1804 306 ‚
1834 261 2049 311 aliquando
2077 271 2210 299 autem
2232 267 2412 303 exituras
2432 265 2480 304 de

1384 326 1544 363 corpore
1573 317 1738 350 animas
1753 325 1821 363 per
1839 314 2117 352 revelationem
2146 324 2310 354 ventura
2338 330 2482 370 coguo-

1385 379 1495 405 scere
1512 393 1521 404 .
1564 365 1714 404 Deinde
1743 366 1790 403 ad
1819 367 1857 404 id
1884 368 2212 418 comprobandum
2241 371 2347 408 varia
2374 371 2483 410 affert

1385 422 1645 472 experimenta
1660 449 1671 468 ,

1444 487 1530 511 120.
1562 473 1673 524 Resp.
1692 503 1702 521 ,
1732 471 1828 509 hanc
1857 474 2109 525 quorumdam
2140 473 2480 526 Philosophorum,

1383 529 1550 564 maxime
1593 526 1904 574 Platonicorum,
1946 528 2163 577 opinionem
2205 529 2311 565 omni
2356 543 2485 567 carere

1384 580 1652 618 fundamento.
1682 579 1780 617 Eam
1811 579 1956 625 refert,
1986 579 2018 615 8:
2049 579 2162 617 simul
2194 580 2328 617 refutat
2343 581 2383 619 S.
2405 583 2484 619 Au-

1382 635 1552 683 gustinus
1582 632 1669 671 Lib.
1692 633 1779 670 XII.
1824 631 1871 669 cle
1904 631 2049 669 Geues.
2089 632 2143 669 ad
2171 632 2370 671 Litteram
2399 648 2486 685 cap.

1389 687 1449 724 15.
1479 686 1520 724 St
1548 691 1606 723 ita
1636 695 1718 734 est,
1762 685 1910 737 inquit,
1955 698 2024 722 cur
2052 698 2131 722 non
2172 698 2328 735 semper
2362 694 2487 735 potest

1382 740 1513 776 anima
1542 740 1713 777 divinare
1743 739 1897 785 futura,
1946 752 2038 775 cum
2067 751 2223 789 semper
2251 738 2374 776 velit?
2416 739 2488 777 Re-

1383 791 1482 830 fellit
1510 792 1685 830 similiter
1707 793 1907 843 Augustini
1936 791 2035 829 fidus
2063 800 2220 829 sectator
2249 790 2288 828 S.
2320 792 2488 830 Thomas

1387 859 1423 883 2.
1441 858 1477 883 2.
1507 855 1643 897 quaest.
1671 859 1757 897 172.
1787 854 1857 882 art.
1885 859 1945 893 1.,
1975 845 2042 897 qui
2073 845 2186 882 etiam
2208 852 2371 882 mentem
2392 845 2488 884 San-

1381 899 1434 936 cti
1464 899 1640 950 Gregorii
1671 897 1859 950 explicat:
1895 928 1920 946 „
1943 898 2054 944 Quod
2082 898 2214 936 anima
2242 898 2392 949 quando
2420 899 2488 936 ab·

1386 980 1411 999 „
1436 951 1619 989 strabitur
1640 967 1661 989 a
1681 951 1940 1003 corporalibus
1957 981 1967 998 ‚
1997 952 2119 1002 aptior
2150 951 2316 989 redditur
2335 952 2382 989 ad
2403 965 2489 1002 per-

1382 1032 1411 1051 n„
1440 1006 1658 1056 cipiendum
1682 1005 1871 1043 influxum
1891 1003 2148 1056 spiritualium
2160 1003 2489 1052 substantiarum,

1388 1086 1413 1105 „
1443 1058 1476 1093 ἃ
1506 1060 1621 1096 etiam
1651 1058 1697 1096 ad
1731 1059 2019 1109 percipiendum
2051 1056 2206 1095 subtiles
2237 1067 2388 1105 motus,
2418 1058 2487 1109 qui

1387 1139 1412 1157 „
1443 1123 1487 1146 ex
1525 1110 1835 1162 impressionibus
1883 1109 2118 1148 naturalium
2156 1123 2356 1148 causarum
2387 1111 2427 1147 in
2458 1111 2489 1147 i-

1387 1191 1412 1210 „
1444 1164 1693 1212 maginatione
1711 1163 1875 1201 humana
1892 1163 2183 1214 relinquuntur,
2208 1179 2228 1201 a
2245 1163 2386 1215 quibus
2401 1175 2486 1214 per-

1387 1244 1412 1263 „
1443 1216 1628 1266 cipieudis
1657 1217 1787 1253 anima
1828 1216 2034 1267 impeditur
2057 1245 2068 1264 ,
2110 1230 2199 1254 cum
2229 1217 2344 1254 fuerit
2385 1217 2489 1254 circa

1385 1297 1410 1316 „
1441 1267 1637 1305 sensibilia
1665 1277 1849 1317 occupata
1879 1269 1935 1317 (b)
1954 1294 1968 1304 -.

1444 1333 1530 1357 121.
1561 1320 1652 1371 Ohj.
1683 1319 1845 1357 secundo
1874 1332 1919 1356 ex
1941 1320 2108 1356 ratione.
2140 1321 2270 1371 Angeli
2291 1335 2489 1374 quaecum-

1383 1385 1457 1422 que
1486 1382 1731 1424 cognoscunt,
1763 1380 1988 1424 cognoscunt
2017 1384 2085 1423 per
2112 1374 2254 1424 species
2283 1389 2305 1410 a
2326 1377 2405 1413 Deo
2433 1377 2489 1412 in·-

1384 1432 1505 1473 tusas,
1555 1439 1625 1464 nou
1654 1434 1782 1464 autem
1815 1439 1881 1475 per
1909 1426 2050 1477 species
2093 1433 2263 1475 acceptas
2291 1441 2313 1464 a
2342 1428 2456 1465 rebus
2477 1456 2488 1476 ,

1383 1486 1423 1514 ut
1441 1480 1613 1529 superius
1643 1493 1751 1517 num.
1772 1478 1837 1530 95.
1868 1479 2012 1515 dictum
2033 1485 2109 1514 est:
2140 1477 2197 1515 vel
2219 1491 2306 1529 ergo
2321 1493 2388 1531 per
2418 1478 2489 1516 hu-

1381 1529 1547 1581 jusmodi
1576 1533 1719 1583 species
1739 1540 1963 1583 cognoscunt
1980 1544 2178 1569 causarum
2210 1531 2362 1570 effectus
2380 1562 2390 1580 ‚
2421 1546 2488 1570 an-

1380 1592 1534 1635 tequam
1578 1585 1776 1633 eveniant,
1821 1583 1882 1622 vel
1924 1598 1994 1622 nec
2023 1596 2243 1636 cognoscere
2284 1594 2488 1638 poterunt,

1381 1645 1579 1688 postquam
1609 1639 1800 1676 evenerint
1818 1662 1828 1674 .

1440 1702 1526 1728 122.
1558 1689 1691 1743 Resp.‚
1722 1690 1874 1728 effectus
1904 1704 2105 1730 causarum
2124 1722 2134 1739 ,
2165 1700 2369 1746 antequam
2400 1707 2484 1732 eve-

1379 1743 1512 1791 niant,
1542 1745 1712 1795 cognosci
1743 1744 1791 1782 ab
1822 1744 2003 1796 Angelis,
2035 1755 2074 1783 ut
2103 1746 2328 1797 possibiles,
2360 1757 2487 1800 postea.

1379 1809 1489 1853 yero,
1520 1799 1695 1848 cognosci
1718 1808 1755 1836 ut
1776 1808 1979 1850 praesentes
1995 1829 2004 1847 ,
2036 1813 2078 1836 ac
2108 1799 2263 1837 demum
2284 1809 2485 1853 postquam

1378 1863 1458 1899 jam
1480 1850 1746 1901 praeterierunt
1765 1882 1774 1900 ,
1805 1855 1977 1902 cognosci
2000 1862 2038 1890 ut
2067 1855 2305 1902 praeteritos3
2335 1867 2483 1906 semper

1378 1911 1504 1939 autem
1534 1906 1704 1954 cognosci
1735 1918 1802 1957 per
1830 1905 1979 1943 easdem
2008 1907 2150 1957 species
2180 1906 2253 1944 sibi
2283 1921 2305 1944 a
2324 1907 2406 1944 Deo
2425 1908 2484 1945 in-

1377 1956 1497 2000 ditas;
1541 1957 1593 1994 ita
1624 1966 1662 1995 ut
1690 1957 1841 1996 nonnisi
1871 1959 2081 1997 connotatio
2109 1956 2249 2009 objecti
2286 1961 2454 1998 varietur
2472 1989 2483 2001 .

1377 2009 1458 2046 Hoc
1488 2009 1692 2062 plusquam
1723 2012 1878 2051 evidens
1907 2012 1984 2060 est,
2015 2010 2168 2064 quando
2195 2013 2319 2062 agitur
2348 2012 2392 2050 de
2422 2026 2485 2051 co-

1376 2062 1540 2114 gnitione
1570 2076 1698 2101 rerum
1727 2065 2033 2117 prceteritarum3
2062 2077 2186 2116 nequ-e
2215 2065 2316 2103 enim
2348 2065 2484 2117 Angeli

1378 2115 1482 2154 novis
1509 2117 1709 2168 speciebus
1738 2119 1932 2170 indigent,
1976 2127 2015 2156 ut
2044 2132 2128 2165 res,
2158 2132 2252 2170 quas
2281 2128 2482 2170 praesentes

1377 2169 1548 2207 viderant
1571 2200 1582 2218 ,
1612 2179 1737 2221 postea
1768 2181 1807 2208 ut
1827 2172 2039 2225 praeteritas
2069 2180 2254 2210 noscant.
2283 2173 2339 2209 lta
2366 2173 2480 2210 etiam

1376 2230 1550 2272 poterunt
1580 2237 1663 2272 res,
1705 2238 1798 2278 quas
1828 2227 1931 2277 prius
1960 2224 2233 2278 cognoscebant
2262 2234 2302 2263 ut
2324 2225 2484 2277 possibi—

1376 2275 1457 2323 les,
1488 2285 1613 2329 postea
1642 2286 1680 2315 ut
1710 2288 1910 2330 praesentes
1939 2292 2092 2321 noscere
2111 2308 2122 2326 ‚
2152 2280 2248 2330 quin
2277 2291 2388 2318 novae
2408 2279 2482 2317 im·

1377 2330 1573 2369 mittantur
1600 2333 1742 2382 species
1759 2358 1768 2369 .

1434 2385 1524 2423 225.
1554 2384 1669 2422 Dices
1698 2385 1850 2436 prim0.
1880 2385 1928 2423 Et
1955 2398 2026 2424 cur
2053 2396 2141 2436 ergo
2159 2382 2377 2436 hujusmodi
2399 2399 2480 2437 spe-

1376 2438 1454 2477 cies
1484 2437 1714 2489 Angelorum
1743 2439 1906 2489 innatae,
1949 2452 2038 2492 quae
2067 2447 2334 2490 repraesentant
2363 2439 2479 2491 possi·

2137 2520 2140 2521 s
2369 2492 2431 2530 hi..

1370 2609 1461 2639 seire
1489 2605 1750 2646 difficillimum,
1775 2606 1816 2637 (θ’
1842 2605 2044 2642 disserere,
2074 2610 2174 2645 «atque
2201 2602 2377 2643 explicare
2401 2612 2481 2644 ope-

1367 2655 1578 2685 rosissimum
1604 2651 1638 2682 S.
1667 2651 1767 2681 Pater
1791 2650 2003 2692 reputabat.
2028 2647 2129 2680 Nihil
2155 2646 2321 2679 tamenin
2349 2646 2390 2678 iis
2401 2655 2478 2688 est,

1367 2697 1460 2742 quod
1486 2695 1683 2727 naturalem
1708 2694 1918 2727 Daemonum
1946 2694 2150 2727 facultatem
2177 2701 2342 2737 superet3
2369 2695 2400 2725 δε
2425 2694 2480 2726 ni-

1364 2743 1438 2782 hil,
1464 2738 1555 2784 quod
1581 2740 1728 2783 probet,
1753 2751 1872 2773 veram
1891 2741 2091 2773 futurorum
2112 2739 2388 2783 contingentium
2404 2760 2414 2779 ,
2440 2742 2472 2772 &

1368 2786 1560 2821 liberorum
1574 2786 1807 2829 cognitionem
1823 2787 1896 2819 sine
1912 2787 1975 2819 Dei
1995 2786 2206 2819 revelatione
2221 2785 2340 2818 haberi
2355 2797 2453 2830 posse
2468 2809 2477 2818 .

1415 2834 1462 2872 (b)
1494 2834 1532 2865 ln
1558 2840 1706 2875 utroque
1734 2843 1809 2876 cap.
1837 2832 1893 2865 26.
1920 2835 1951 2865 &
1978 2843 2034 2877 27.
2063 2835 2094 2864 &
2121 2833 2154 2864 S.
2182 2832 2371 2875 Gregorius
2397 2843 2478 2876 pro·

1369 2879 1483 2924 posuit
1511 2889 1621 2910 unum
1647 2886 1784 2910 tantum
1810 2880 2007 2923 exemplum
2032 2877 2269 2923 praedictionis
2284 2879 2477 2920 naturalis,

1368 2938 1445 2970 quae
1473 2933 1588 2957 tamen
1613 2925 1707 2957 casui
1733 2925 1848 2968 potius
1874 2937 1980 2970 quam
2007 2924 2206 2970 praevisioni
2233 2923 2385 2958 adscribi
2415 2936 2476 2970 po-

1369 2972 1459 3004 tuit:
1499 2971 1665 3004 nimirum
1692 2970 1875 3015 cujusdam
1901 2973 2045 3015 aegroti,
2085 2971 2145 3015 qui
2183 2970 2338 3004 vestibus
2363 2982 2398 3003 se
2425 2971 2478 3003 in-

1367 3017 1443 3050 duit
1459 3039 1470 3057 ‚
1493 3015 1612 3049 dicens
1638 3017 1726 3049 velle
1754 3029 1787 3050 se
1814 3016 1857 3051 ad
1882 3019 1976 3051 Beati
1996 3018 2101 3061 Xysti
2119 3016 2310 3049 Ecclesiam
2336 3017 2392 3049 via
2406 3018 2478 3061 Ap-

1367 3064 1422 3108 pia
1450 3074 1615 3108 pergere3
1659 3063 1921 3107 ingravescente
1959 3061 2178 3109 postmodum
2203 3063 2327 3096 morbo
2351 3061 2475 3096 desun-

1367 3118 1444 3143 ctus
1470 3117 1546 3149 est,
1588 3112 1620 3142 &
1644 3121 1724 3142 cum
1750 3109 1926 3144 debuisset
1950 3111 2024 3143 eius
2062 3106 2210 3143 cadaver
2235 3107 2325 3153 apud
2350 3110 2388 3142 Β.
2413 3110 2475 3141 ,la-

1366 3157 1531 3189 nuarium
1555 3156 1612 3188 via
1637 3155 1850 3190 Praenes'tina
1876 3156 2044 3200 sepeliri,
2065 3162 2202 3189 mutato
2236 3156 2381 3188 consilio
2405 3155 2472 3188 fuit

1369 3202 1402 3234 in
1429 3214 1468 3235 ea
1480 3202 1635 3234 Ecclesia
1661 3202 1697 3234 B.
1724 3203 1845 3242 Xisti,
1871 3211 1908 3235 nt
1934 3202 1993 3234 ille
2011 3202 2247 3246 pi-aedixerat,
2274 3202 2469 3246 sepultum.

1368 3248 1446 3281 Alia
1471 3248 1654 3291 exempla,
1690 3259 1766 3292 quse
1793 3247 1922 3281 ibidem
1947 3248 2047 3281 affert
2074 3250 2106 3281 S.
2135 3248 2349 3290 Gregorius,
2375 3257 2472 3278 reve-

1367 3293 1555 3326 lationibus
1582 3292 1708 3327 divinis
1736 3295 1882 3334 tribuit,
1924 3306 1992 3328 non
2019 3303 2135 3330 autem
2161 3293 2313 3327 naturali
2338 3292 2471 3326 anima-

1367 3351 1448 3374 rum
1473 3340 1507 3373 vi
1532 3340 1651 3374 futura
1676 3338 1923 3385 cognoscendi.
