2583 3685
283 110 340 167 94

222 220 251 241 υ
278 184 412 225 mundi
441 180 670 228 tollebatur,
703 181 911 219 secundum
943 181 1039 220 illud
1068 182 1176 221 Joau.
1207 185 1236 222 1.
1268 197 1334 235 29.

222 272 251 293 „
277 238 389 276 Ecce
418 246 547 287 agnus
573 232 653 271 Dei
674 262 685 281 ‚
732 232 876 272 seilicet
906 235 1115 284 innocens,
1144 242 1210 288 qui
1238 238 1334 276 tollit

221 324 249 344 9,
274 297 485 341 peccatum
502 285 665 325 mundi.
693 285 778 324 Non
795 295 939 340 poterat
959 298 1087 329 autem
1104 304 1202 339 esse,
1232 292 1333 344 quod

221 376 249 396 ,‚
279 344 318 382 in
346 351 480 380 natura
508 340 589 393 jam
626 349 804 392 corrupta
833 355 876 379 ex
915 343 1122 382 concubitu
1150 357 1238 382 caro
1266 359 1332 384 na-

220 429 248 449 „
277 405 444 434 sceretur
473 395 554 433 sine
583 394 784 432 infectione
813 396 1011 447 originalis
1041 398 1185 449 peccati
1219 424 1231 436 .
1254 425 1264 437 .
1286 424 1297 436 .
1320 423 1331 437 .

220 482 247 501 „
278 450 424 498 Quarto
451 457 606 501 propter
636 450 763 501 ipsum
793 448 910 487 finem
940 452 1205 490 incarnationis
1219 451 1332 491 Chri-

219 536 247 555 „
276 505 350 553 sti,
379 516 468 557 quae
497 502 544 540 ad
574 501 645 542 hoc
675 502 775 541 facta
803 503 877 542 fuit
897 533 908 552 ,
955 513 995 542 ut
1024 503 1196 543 homines
1224 519 1331 544 rena-

219 587 247 609 „
275 567 468 596 scerentur
497 557 536 593 in
567 555 672 595 Filio
691 556 793 604 Dei,
822 570 902 594 non
932 570 985 596 ex
1013 559 1212 596 voluntate
1240 571 1333 597 car-

219 640 246 662 „
275 615 364 658 nis,
393 622 520 661 neque
549 622 603 647 ex
633 610 831 649 voluntate
860 614 957 659 viri,
986 611 1054 649 sed
1070 625 1123 649 ex
1138 611 1248 659 Deo,
1277 614 1335 651 id-

220 695 246 713 „
276 672 327 701 est
356 676 401 700 ex
434 664 515 716 ipsa
535 662 608 701 Dei
628 664 797 709 virtute3
826 662 939 714 cujus
969 666 1024 702 rei
1053 665 1250 716 exemplar
1266 679 1333 718 ap-

216 747 243 767 „
271 730 407 771 parere
435 716 568 757 debuit
594 718 635 757 iu
665 718 747 771 ipsa
774 718 1021 770 conceptione
1049 717 1191 757 Christi
1208 743 1220 757 .
1251 720 1278 740 “

547 821 894 864 DISSERTATIO
932 823 999 863 111.

403 930 469 971 De
498 933 642 969 unione
673 930 846 969 duarum
875 940 1119 970 naturarum
1137 962 1148 979 ,

322 985 466 1025 dirinae
493 984 543 1027 (9¹
571 983 767 1023 humanae
796 989 837 1023 in
867 984 1049 1023 Persona
1079 988 1224 1024 aeterm‘

645 1037 725 1077 Dec¹
756 1036 873 1076 Verbi
886 1063 897 1076 .

270 1159 304 1185 1.
320 1122 561 1199 Explicatis
590 1146 660 1194 iis,
689 1157 779 1198 quae
809 1145 858 1184 ad
878 1144 1088 1183 humanam
1104 1143 1246 1184 Christi
1269 1160 1335 1184 na-

209 1208 335 1240 turam
365 1201 578 1253 pertinent,
609 1202 807 1253 sequitur,
837 1207 878 1237 ut
897 1200 943 1237 de
958 1199 1079 1250 ipsius
1099 1198 1335 1249 conjunctio-

212 1267 260 1293 ne
288 1269 379 1293 cum
407 1263 545 1293 natura
575 1254 708 1293 divina
739 1255 780 1293 in
809 1255 923 1292 unica
944 1253 1075 1291 aeterni
1096 1251 1218 1291 Verbi
1246 1266 1334 1306 per-

211 1320 304 1347 sona
332 1322 518 1360 agamus,
548 1308 617 1346 ubi
646 1307 819 1360 amplam
848 1308 956 1346 nobis
979 1306 1186 1345 disserendi
1215 1317 1335 1346 mate·

212 1363 314 1402 riam
346 1361 507 1402 haereses
535 1361 780 1410 Nestoriana,
809 1359 1084 1413 Eutychiana,
1122 1374 1166 1398 ac
1195 1359 1335 1398 Mono-

211 1414 435 1454 thelitarum
465 1413 786 1468 suppeditabunt.
815 1413 989 1452 Primum
1020 1427 1111 1452 vero
1137 1414 1330 1452 Nestoria-

207 1482 296 1507 nam
328 1468 507 1507 haeresim
530 1470 758 1520 impugnare
779 1468 1046 1520 aggrediemur
1061 1499 1072 1516 ,
1104 1481 1192 1520 quae
1214 1469 1329 1506 etiam

206 1530 377 1574 tempore
406 1522 500 1561 alias
535 1523 760 1562 antecessit.
807 1521 1064 1562 Exordiemur
1107 1530 1236 1561 autem
1280 1521 1330 1562 ab

206 1573 322 1629 hujus
352 1575 507 1617 haeresis
534 1576 709 1629 origiue.

647 1681 821 1721 CAPUT
850 1683 882 1721 l.

312 1787 377 1829 De
395 1796 483 1827 ortu
502 1787 662 1827 haeresis
681 1787 940 1827 Nestorianae
955 1818 967 1837 ,
997 1800 1048 1826 ac
1069 1787 1117 1826 de
1137 1787 1225 1841 ejus

590 1841 928 1882 condemnatione
946 1868 957 1882 ·

267 1926 554 1993 2.Nestorius
582 1948 829 1987 Germanicae
857 1947 1021 1987 obscuro
1056 1948 1225 2000 quodam
1254 1948 1328 2002 Sy-

210 2003 280 2041 Jiae
312 2002 455 2054 oppido
483 2011 592 2039 natus
609 2031 620 2050 ,
650 2002 859 2050 facundia,
887 2016 934 2041 ac
961 2003 1113 2040 dicendi
1143 2005 1330 2055 prompti-

211 2057 343 2094 tudine
363 2084 374 2103 ,
404 2056 530 2107 potius
558 2069 675 2108 quam
696 2056 869 2094 doctrina
892 2055 956 2105 (a)
987 2055 1020 2093 ἃ
1042 2055 1214 2094 affectata
1234 2070 1330 2108 qua-

212 2110 302 2147 dam
334 2122 488 2147 morum
518 2111 730 2161 gravitate,
776 2122 821 2147 ac
859 2108 1140 2157 sanctimonia,
1183 2118 1332 2147 tantum

209 2162 348 2218 populi
371 2163 540 2201 favorem
559 2190 570 2209 ‚
599 2162 856 2216 plausumque
872 2162 1029 2213 adeptus
1049 2170 1123 2209 est,
1153 2170 1193 2199 ut
1213 2164 1333 2214 ipsius

213 2218 320 2255 fama
350 2215 718 2270 Constantinopolim
748 2230 868 2268 usque
910 2216 959 2254 ad
986 2228 1096 2253 aures
1126 2215 1334 2267 Imperato-

210 2271 265 2308 ris
294 2269 499 2308 'Theodosii
529 2270 773 2322 pervenerit,
802 2271 870 2322 qui
900 2269 948 2307 ad
979 2267 1106 2320 Regias
1137 2269 1245 2307 urbis
1264 2268 1334 2307 Pa—

210 2322 460 2362 triarchalem
491 2323 627 2362 Sedem
666 2332 786 2362 morte
814 2324 950 2362 Sisinii
992 2331 1192 2362 vacantem
1235 2335 1334 2360 anno

210 2378 306 2429 429.
337 2378 467 2429 ipsum
488 2377 694 2416 Antiochia
723 2385 921 2415 evocatum
952 2376 1063 2414 evehi
1083 2376 1255 2414 curavit.
1284 2376 1335 2414 Et

210 2433 340 2486 primo
368 2431 527 2485 quidem
570 2432 618 2470 ad
647 2430 849 2470 vehemens
891 2428 1093 2468 catholicae
1136 2430 1334 2481 religionis

211 2485 364 2524 tuendae
383 2514 393 2532 ,
424 2498 468 2523 ac
497 2485 756 2538 propagandae
785 2484 955 2523 studium
975 2483 1154 2521 omnibus
1173 2498 1211 2522 se
1230 2497 1334 2522 com-

209 2537 472 2578 mendabilem
503 2539 699 2578 reddidit.
735 2537 811 2576 Sed
839 2538 932 2576 dum
963 2537 1173 2577 Haereticos
1201 2550 1333 2578 omnes

211 2596 227 2644 (
245 2593 413 2644 exceptis
433 2590 648 2644 Pelagianis
665 2622 676 2641 ,
706 2592 847 2646 quibus
867 2592 1025 2629 interius
1047 2590 1228 2641 favebat)
1252 2605 1333 2630 ma—

210 2660 285 2700 gno
312 2646 393 2684 zelo
421 2647 703 2695 insectabatur,
737 2645 946 2684 infeliciter
976 2645 1058 2697 ipse
1087 2647 1125 2684 in
1155 2645 1333 2683 haeresim

211 2710 265 2739 est
306 2700 462 2753 lapsus,
511 2715 629 2753 quam
661 2700 829 2738 hausisse
869 2699 1037 2738 creditur
1078 2714 1100 2737 a
1131 2698 1336 2737 Theodoro

191 2748 462 2805 'Mopsuestiae
493 2755 712 2808 EpiscopO,
743 2754 791 2791 ad
819 2766 935 2806 quem
966 2753 1007 2790 in
1026 2765 1093 2792 suo
1112 2753 1249 2792 itinere
1269 2753 1333 2789 de-

216 2805 450 2857 clinaverat,
494 2818 534 2847 ut
563 2810 603 2847 in
632 2806 792 2861 epistola
819 2807 987 2859 quadam
1018 2815 1145 2844 narrat
1173 2807 1335 2844 Joannes

214 2860 473 2900 Antiochenus
489 2891 501 2911 ,
531 2861 643 2913 cujus
659 2860 827 2914 epistolae
848 2868 995 2914 partem
1011 2859 1215 2898 Facundus
1235 2859 1333 2898 Her-

216 2912 420 2953 mianensis
447 2928 515 2954 suo
543 2916 663 2955 Libro
692 2915 745 2954 X.
776 2915 935 2953 inseruit
952 2939 964 2952 .

273 2965 313 3006 5.
341 2967 429 3005 Duo
456 2977 585 3009 autem
615 2978 719 3008 erant
748 2969 866 3020 ipsius
895 2967 1051 3006 haeresis
1071 2979 1250 3018 suprema
1270 2981 1332 3006 ca-

215 3019 318 3072 pita.
348 3018 541 3072 Primum,
569 3024 674 3076 quod
701 3024 793 3061 duas
824 3034 1002 3074 personas
1031 3021 1072 3060 in
1100 3021 1190 3060 Jesu
1219 3020 1332 3059 Chri-

218 3082 276 3112 sto
304 3072 539 3125 admitteret,
568 3079 769 3126 divinam,
799 3076 832 3115 ἃ
854 3075 1094 3124 humanam,
1124 3084 1237 3129 atque
1267 3075 1332 3113 ad·

268 3208 316 3243 (α)
348 3205 400 3237 lta
424 3203 518 3238 enim
543 3204 583 3239 de
609 3219 648 3240 eo
673 3209 796 3242 scribit
822 3210 982 3244 Socrates
1010 3212 1087 3247 Lib.
1115 3209 1196 3243 VH.
1231 3207 1330 3241 Hist.

220 3249 327 3285 Eccl·
356 3261 430 3295 cap.
459 3253 514 3284 32.
558 3252 637 3284 Cum
662 3259 809 3289 naturali
828 3258 1001 3301 facundia
1026 3266 1121 3292 esset
1144 3256 1333 3300 praditus,

221 3299 376 3330 eru-‘heus
401 3299 534 3341 quidem
561 3299 756 3341 videbatur,
782 3316 897 3336 revera
924 3313 1030 3339 tamen
1051 3313 1126 3340 erat
1151 3303 1309 3335 indoctus
1324 3323 1332 3332 .

221 3343 345 3380 Libros
372 3349 475 3380 eliam
501 3353 648 3383 veterum
687 3348 903 3387 interpretum
928 3351 1180 3397 haudquaquam
1215 3350 1334 3395 legero

810 103 890 148 DE
925 102 1396 148 INCARNATIONE
1434 104 1604 148 SECT.
1636 108 1693 152 11.
1739 107 1869 152 CAP.
1903 109 1937 152 Ι.

1402 197 1446 222 eo
1475 184 1516 221 in
1545 192 1652 221 utero
1679 186 1723 224 B.
1753 187 1893 226 Mariae
1922 187 2095 240 Virginis
2136 187 2287 227 nonnisi
2315 186 2517 234 hominem

1402 238 1519 276 fuisse
1549 237 1756 276 formatum
1774 269 1785 288 ,
1831 240 1895 278 cui
1926 251 2050 291 postea
2080 242 2231 280 unitum
2274 242 2389 280 fuerit
2420 242 2517 281 Ver-

1399 290 1495 330 bum
1523 290 1723 339 divinum,
1754 305 1830 330 non
1850 293 2147 333 substantialiter
2163 324 2175 344 ,
2206 294 2239 332 &
2260 293 2516 349 hypostatice,

1400 344 1463 382 sed
1493 343 1689 382 moraliter
1717 353 1889 393 tantum,
1920 354 1960 384 ut
1987 348 2147 398 proinde
2173 349 2389 388 lucarnatio
2418 349 2517 388 Ver-

1400 398 1441 437 bi
1471 396 1571 436 nihil
1600 398 1646 435 sit
1674 396 1808 446 aliud,
1837 412 1955 451 quam
1984 401 2102 452 ipsius
2132 401 2358 441 inhabitatio
2390 405 2426 441 in
2448 402 2516 441 lto-

1400 453 1504 491 mine
1533 465 1578 489 ex
1598 449 1727 489 Maria
1755 453 1908 503 genito,
1937 461 2121 505 tanquam
2152 455 2191 492 in
2221 455 2385 508 temple,
2417 457 2518 496 uude

1401 507 1516 544 etiam
1547 504 1798 558 sequebatur,
1828 504 1955 544 Deum
1976 507 2133 557 proprie
2155 516 2307 557 natum,
2337 524 2514 562 passum,

1402 573 1446 598 ac
1476 568 1670 598 mortuum
1699 572 1773 597 non
1803 573 1906 608 esse,
1934 571 2006 598 nec
2034 557 2229 598 Christum
2257 575 2334 599 esse
2363 563 2515 613 Deum,
2548 556 2552 558 i

1402 613 1468 652 sed
1500 626 1642 665 purum
1673 611 1899 660 homiuem;
1928 613 1968 650 in
1998 625 2075 664 quo
2104 620 2232 650 tamen
2260 613 2392 664 Deus,
2435 616 2516 656 vel.

1402 668 1458 705 uti
1488 668 1527 705 in
1556 665 1700 719 templo
1730 665 1986 705 inhabitaret.

1455 719 1495 766 4.
1524 719 1632 759 Alter
1660 720 1887 773 principalis
1916 718 2081 758 Nestorii
2111 731 2215 756 error
2244 719 2345 768 fuit,
2377 719 2516 762 beatis-

1399 772 1537 810 simam
1568 774 1769 825 Virginem
1799 774 1969 813 Mariam
2007 785 2082 811 nou
2119 785 2196 810 esse
2224 788 2389 823 φεοτοκον
2419 772 2516 813 Dei—

1398 838 1576 876 param,
1618 827 1682 865 sed
1712 828 1954 875 χριστπόκσν
1987 824 2278 878 Οῆῒίδΐὶρανανπ
2316 825 2518 878 appellan-

1398 880 1488 917 dam
1506 909 1517 928 ,
1560 879 1620 917 vel
1650 880 1764 917 etiam
1795 877 2078 927 &rapaton-inor
2108 879 2280 918 hominis
2310 888 2487 918 matrem
2507 906 2518 920 .

1399 931 1527 984 Atque
1555 932 1646 970 hinc
1688 934 1806 984 coepit
1835 931 2029 970 Nestorius
2070 946 2230 971 suarum
2272 932 2518 984 basphemia-

1401 998 1490 1023 rum
1521 986 1720 1023 exordium
1739 1015 1749 1033 ,
1779 997 1944 1036 quarum
1974 998 2171 1038 praecones
2200 985 2378 1025 adhibuit
2397 987 2520 1026 Doro-

1404 1037 1536 1076 theum
1567 1039 1774 1090 quemdam
1804 1037 2068 1090 Episcopum,
2097 1040 2131 1077 8<
2161 1039 2400 1079 Anastasium
2430 1039 2520 1079 Pre-

1405 1092 1603 1143 sbyterum
1618 1121 1629 1139 ,
1658 1103 1824 1143 quorum
1853 1090 2015 1130 audacia
2034 1106 2078 1131 eo
2097 1095 2298 1147 pervenit,
2328 1103 2369 1131 ut
2389 1095 2428 1132 in
2449 1108 2520 1146 pu-

1402 1144 1509 1183 blica
1537 1144 1721 1182 concione
1750 1146 1788 1181 in
1819 1155 1878 1179 eos
1907 1143 2106 1185 anathema
2124 1147 2316 1195 dicerent,
2347 1149 2416 1199 qui
2432 1147 2524 1186 Ma·

1404 1199 1504 1237 riam
1536 1198 1749 1250 Deiparam
1779 1196 2045 1246 nominarent,
2074 1199 2191 1251 idque
2219 1210 2435 1253 praesente,
2465 1209 2522 1240 at-

1403 1266 1478 1304 que
1506 1251 1745 1304 approbante
1761 1249 1953 1289 NestoriO.
1984 1249 2230 1303 Quamquam
2251 1252 2415 1305 populus
2435 1253 2521 1294 bla-

1404 1305 1580 1358 sphemia
1608 1305 1737 1343 audita
1766 1301 1993 1341 tumultuari
2008 1305 2153 1356 coepit,
2181 1306 2262 1345 imo
2281 1306 2440 1356 quidam
2460 1309 2521 1347 in-

1404 1369 1539 1399 ventus
1568 1367 1619 1397 est
1648 1356 1893 1404 Monachus,
1935 1357 2005 1408 qui
2034 1369 2168 1396 vocem
2197 1365 2329 1396 contra
2369 1362 2523 1398 concio·-

1407 1423 1581 1452 natorem
1610 1412 1836 1451 haereticum
1857 1409 2079 1459 extolleret,
2108 1424 2224 1464 quem
2244 1410 2440 1450 Nestorius
2461 1413 2522 1460 vi,

1399 1467 1434 1504 8<
1463 1467 1628 1520 potentia
1656 1481 1722 1504 sua
1752 1464 1866 1503 facile
1894 1466 2108 1516 oppressit,
2151 1464 2186 1501 ἃ
2215 1463 2345 1516 flagris
2372 1478 2522 1504 cas-sum

1398 1523 1438 1559 iu
1468 1520 1629 1560 exilium
1659 1519 1859 1558 amandari
1887 1518 2065 1556 curavit.
2112 1517 2197 1557 Non
2227 1519 2350 1570 potuit
2391 1527 2525 1557 tamen

1398 1575 1595 1613 Nestorius
1626 1572 1858 1626 populorum
1902 1570 2089 1609 clamores
2130 1583 2399 1623 compescere,
2446 1573 2518 1624 qui

1398 1627 1557 1680 publice
1574 1626 1854 1666 inclamabant:
1875 1624 2167 1676 Imperatorem
2184 1623 2400 1673 habemus,
2421 1624 2521 1676 Ept-

1395 1694 1559 1732 scopum
1588 1693 1669 1718 ηοη
1698 1678 1916 1718 habemus.
1947 1678 1996 1716 Et
2023 1678 2064 1717 S.
2093 1677 2268 1731 Cyrillus
2297 1679 2345 1717 ad
2365 1677 2407 1717 S.
2427 1680 2516 1718 Cae-

1395 1734 1578 1773 lestinum
1608 1733 1719 1773 Rom.
1749 1733 1975 1772 Pontificem
2004 1731 2223 1779 scribebat,
2252 1733 2519 1770 Constantino-

1397 1788 1613 1841 politanum
1644 1786 1831 1839 populum
1863 1787 2112 1832 universum,
2141 1793 2280 1838 praeter
2300 1784 2519 1836 paucosle-

1397 1856 1460 1881 ves
1491 1856 1535 1880 ac
1564 1853 1678 1882 vanos
1698 1840 1873 1879 homines
1891 1867 1902 1888 ,
1932 1853 1954 1878 a
1970 1838 2136 1877 Nestorii
2154 1838 2429 1877 communione
2448 1838 2520 1878 ab,

1397 1898 1596 1935 stinuisse.

1455 1951 1491 1988 5.
1521 1949 1715 1988 Nestorius
1743 1947 1927 1996 interim,
1968 1954 2009 1983 ut
2037 1945 2152 1985 latius
2181 1959 2291 1984 suam
2336 1944 2519 1984 haeresim

1397 2011 1650 2056 propagaret,
1681 2001 1909 2040 Tractatum
1940 1998 1987 2037 de
2016 1998 2330 2047 Incarnatione,
2359 1998 2522 2038 nonnul-

1400 2058 1532 2109 lasque
1561 2054 1752 2094 Homilias
1793 2056 1833 2092 iu
1863 2053 2068 2105 AEgyptum
2098 2054 2231 2102 misit,
2279 2053 2349 2091 ubi
2392 2062 2522 2091 tamen

1400 2107 1744 2162 inexpugnabilem
1773 2107 1865 2145 fidei
1894 2106 2094 2145 catholicae
2115 2107 2351 2145 defensorem
2373 2107 2521 2146 invenit

1402 2164 1528 2202 Sauct.
1557 2162 1754 2215 Cyrillum
1784 2159 2047 2198 Patriarcham
2078 2158 2382 2198 Alexandrinum
2400 2185 2411 2197 .
2441 2158 2520 2197 Hie

1401 2217 1527 2254 statim
1559 2230 1626 2268 per
1655 2214 1855 2266 epistolam
1883 2227 1967 2251 suos
1996 2211 2209 2252 Monachos
2241 2221 2371 2250 contra
2403 2212 2519 2264 pesti-

1402 2268 1540 2306 lentem
1571 2268 1749 2306 haeresim
1779 2267 2056 2318 praemunivit,
2103 2280 2147 2304 ac
2177 2267 2257 2303 fere
2287 2279 2364 2304 una
2399 2263 2519 2303 simul

1402 2323 1447 2362 ad
1478 2323 1751 2372 Imperatorem
1781 2319 2038 2357 Theodosium
2056 2348 2068 2366 ‚
2114 2329 2230 2370 atque
2271 2318 2319 2355 ad
2346 2319 2520 2369 Impera-

1401 2378 1514 2416 trices
1535 2375 1774 2422 Eudoxiatn,
1806 2373 1840 2410 δε
1861 2371 2107 2412 Pulcheriam
2137 2369 2317 2411 libellum
2348 2372 2450 2408 misit
2471 2370 2521 2408 de

1401 2439 1513 2468 recta
1542 2434 1584 2467 in
1617 2428 1816 2467 Chr-istum
1833 2426 1949 2481 fide.
1978 2425 2141 2479 Scripsit
2169 2433 2297 2478 postea
2327 2425 2441 2462 etiam
2470 2423 2521 2462 ad

1401 2484 1616 2524 Nestorium
1634 2513 1645 2532 ,
1675 2483 1743 2535 qui
1774 2481 1920 2534 ubique
1947 2480 1993 2518 de
2008 2479 2158 2532 Cyrillo
2176 2478 2254 2518 sibi
2274 2478 2409 2516 infesto
2429 2490 2522 2516 con-

1401 2538 1660 2591 querebatur,
1705 2537 1825 2575 immo
1854 2537 1983 2587 ipsum
2013 2534 2116 2586 apud
2145 2534 2422 2585 Imperatorem
2457 2544 2521 2569 ac-

1402 2592 1573 2640 cusavit,
1612 2600 1653 2629 ut
1681 2591 1789 2643 pacis
1819 2587 2147 2641 perturbatorem,
2192 2586 2226 2623 δι
2255 2595 2448 2637 usurpata:
2478 2585 2521 2624 in

1403 2646 1564 2698 AEgypto
1590 2644 1803 2698 tyrannidis
1833 2656 1941 2680 reum
1960 2668 1970 2679 .
2001 2640 2116 2679 Porro
2135 2639 2308 2693 Cyrillus
2337 2638 2518 2676 amantis-

1402 2693 1509 2738 simis
1539 2698 1673 2737 litteris
1701 2697 1920 2735 Nestorium
1951 2694 2156 2742 monebat,
2197 2702 2235 2731 ut
2264 2692 2521 2743 depositober-

1403 2766 1515 2801 rore,
1544 2766 1662 2806 quem
1690 2752 1843 2790 incaute
1873 2749 2074 2796 hauserat,
2117 2748 2160 2786 Β.
2190 2746 2391 2795 Virginem
2422 2741 2519 2779 Dei-

1401 2819 1550 2856 param
1579 2818 1715 2845 vocare
1746 2819 1820 2843 una
1848 2817 1937 2842 cum
1968 2803 2101 2840 ceteris
2143 2798 2326 2837 fidelibus
2354 2809 2428 2834 non
2459 2809 2519 2832 re-

1400 2869 1574 2898 cusaret.
1605 2859 1744 2899 Extant
1772 2857 1834 2896 hae
1864 2856 1999 2894 litterae
2029 2856 2070 2892 iu
2092 2854 2120 2890 l.
2142 2852 2183 2889 Ρ.
2202 2849 2367 2888 concilii
2389 2848 2518 2900 Ephe·

1401 2915 1502 2961 sini,
1532 2913 1673 2966 quibus
1702 2912 1867 2964 frigide,
1897 2910 1929 2945 δε
1959 2906 2091 2959 jejune
2114 2904 2302 2956 respondit
2322 2902 2520 2941 Nestorius

1400 2968 1441 3005 in
1470 2979 1538 3004 suo
1566 2980 1692 3004 errore
1720 2965 1894 3017 pertinax
1912 2988 1923 2999 .
2320 3009 2332 3013 υ

1456 3019 1495 3058 6.
1524 3019 1600 3057 Sed
1629 3026 1759 3071 postea
1777 3029 1868 3054 cum
1889 3013 2057 3052 rescisset
2071 3009 2268 3064 Cyrinus,
2297 3009 2517 3048 Nestorium

1403 3073 1452 3112 ad
1479 3085 1674 3111 summum
1703 3069 1927 3108 Pontificem
1951 3066 2201 3105 Caelestinum
2231 3065 2277 3102 de
2306 3062 2379 3103 hac
2408 3071 2517 3102 enata

2375 3130 2463 3155 con-

1400 3203 1625 3248 dignabatur.
1668 3200 1884 3243 Arrogantia
1908 3200 1996 3231 enim
2020 3199 2133 3231 elatus
2157 3196 2197 3229 ob
2222 3196 2366 3229 (licendi
2391 3194 2516 3240 sacal?

1401 3260 1504 3285 tatem
1519 3271 1530 3290 ‚
1552 3261 1618 3281 non
1647 3251 1736 3281 satis
1761 3249 1924 3279 adcurate
1941 3244 2181 3277 uetustioribus
2199 3244 2358 3287 legendis
2375 3251 2513 3283 operam

1401 3298 1505 3331 dabat
1521 3310 1531 3329 :
1573 3296 1635 3329 sed
1661 3299 1810 3340 seipsum
1834 3295 1979 3337 reliquis
2000 3290 2157 3328 'ommibus
2181 3298 2341 3335 prastare
2365 3287 2515 3322 arbitra-

1402 3345 1497 3379 batur
1515 3364 1524 3375 .
