<?xml version="1.0" encoding="UTF-8"?>
<!DOCTYPE html PUBLIC "-//W3C//DTD XHTML 1.0 Transitional//EN"
    "http://www.w3.org/TR/xhtml1/DTD/xhtml1-transitional.dtd">
<html xmlns="http://www.w3.org/1999/xhtml" xml:lang="en" lang="en">
 <head>
  <title>
</title>
<meta http-equiv="Content-Type" content="text/html;charset=utf-8" />
  <meta name='ocr-system' content='tesseract 3.04.00' />
  <meta name='ocr-capabilities' content='ocr_page ocr_carea ocr_par ocr_line ocrx_word'/>
</head>
<body>
  <div class='ocr_page' id='page_1' title='image "./fratrispetrimari04gazzuoft/fratrispetrimari04gazzuoft_0305.png"; bbox 0 0 2583 3685; ppageno 0'>
   <div class='ocr_carea' id='block_1_1' title="bbox 836 134 2351 181">
    <p class='ocr_par' dir='ltr' id='par_1_1' title="bbox 836 134 2351 181">
     <span class='ocr_line' id='line_1_1' title="bbox 836 134 2351 181; baseline -0.002 0"><span class='ocrx_word' id='word_1_1' title='bbox 836 136 916 181; x_wconf 79' lang='lat' dir='ltr'>DE</span> <span class='ocrx_word' id='word_1_2' title='bbox 952 137 1149 181; x_wconf 87' lang='lat' dir='ltr'>CAUSA</span> <span class='ocrx_word' id='word_1_3' title='bbox 1184 134 1698 180; x_wconf 83' lang='lat' dir='ltr'><strong>INCARNATIONIS.</strong></span> <span class='ocrx_word' id='word_1_4' title='bbox 2295 137 2351 179; x_wconf 81' lang='lat'>53</span> 
     </span>
    </p>
   </div>
   <div class='ocr_carea' id='block_1_2' title="bbox 109 214 1232 1697">
    <p class='ocr_par' dir='ltr' id='par_1_2' title="bbox 115 214 1232 481">
     <span class='ocr_line' id='line_1_2' title="bbox 120 214 1230 272; baseline -0.006 -10"><span class='ocrx_word' id='word_1_5' title='bbox 120 232 145 272; x_wconf 85' lang='lat'>;,</span> <span class='ocrx_word' id='word_1_6' title='bbox 174 235 212 262; x_wconf 81' lang='lat' dir='ltr'>se</span> <span class='ocrx_word' id='word_1_7' title='bbox 230 236 252 260; x_wconf 85' lang='lat' dir='ltr'>a</span> <span class='ocrx_word' id='word_1_8' title='bbox 265 220 348 259; x_wconf 88' lang='lat' dir='ltr'>Deo</span> <span class='ocrx_word' id='word_1_9' title='bbox 363 218 401 256; x_wconf 84' lang='lat' dir='ltr'>in</span> <span class='ocrx_word' id='word_1_10' title='bbox 418 214 629 255; x_wconf 79' lang='lat' dir='ltr'>remedium</span> <span class='ocrx_word' id='word_1_11' title='bbox 659 223 784 255; x_wconf 82' lang='lat' dir='ltr'>contra</span> <span class='ocrx_word' id='word_1_12' title='bbox 798 225 995 268; x_wconf 77' lang='lat' dir='ltr'>peccatum</span> <span class='ocrx_word' id='word_1_13' title='bbox 1014 247 1024 265; x_wconf 95' lang='lat'>,</span> <span class='ocrx_word' id='word_1_14' title='bbox 1056 218 1107 254; x_wconf 76' lang='lat' dir='ltr'>ita</span> <span class='ocrx_word' id='word_1_15' title='bbox 1127 217 1230 267; x_wconf 86' lang='lat' dir='ltr'>quod</span> 
     </span>
     <span class='ocr_line' id='line_1_3' title="bbox 123 271 1232 328; baseline -0.005 -16"><span class='ocrx_word' id='word_1_16' title='bbox 123 304 152 325; x_wconf 84' lang='lat'>,‚</span> <span class='ocrx_word' id='word_1_17' title='bbox 178 280 328 328; x_wconf 80' lang='lat' dir='ltr'>peccato</span> <span class='ocrx_word' id='word_1_18' title='bbox 356 284 430 309; x_wconf 88' lang='lat' dir='ltr'>non</span> <span class='ocrx_word' id='word_1_19' title='bbox 472 272 678 318; x_wconf 80' lang='lat' dir='ltr'>existente,</span> <span class='ocrx_word' id='word_1_20' title='bbox 722 271 931 308; x_wconf 77' lang='lat' dir='ltr'>incarnatio</span> <span class='ocrx_word' id='word_1_21' title='bbox 960 284 1031 307; x_wconf 88' lang='lat' dir='ltr'>nou</span> <span class='ocrx_word' id='word_1_22' title='bbox 1069 271 1196 307; x_wconf 78' lang='lat' dir='ltr'>suisset</span> <span class='ocrx_word' id='word_1_23' title='bbox 1216 294 1232 307; x_wconf 83' lang='grc'>.</span> 
     </span>
     <span class='ocr_line' id='line_1_4' title="bbox 182 321 1228 376; baseline -0.005 -12"><span class='ocrx_word' id='word_1_24' title='bbox 182 324 367 375; x_wconf 87' lang='lat' dir='ltr'>Quamvis</span> <span class='ocrx_word' id='word_1_25' title='bbox 409 324 574 376; x_wconf 85' lang='lat' dir='ltr'>potentia</span> <span class='ocrx_word' id='word_1_26' title='bbox 605 322 675 360; x_wconf 91' lang='lat' dir='ltr'>Dei</span> <span class='ocrx_word' id='word_1_27' title='bbox 714 324 760 360; x_wconf 82' lang='lat' dir='ltr'>ad</span> <span class='ocrx_word' id='word_1_28' title='bbox 804 323 874 361; x_wconf 82' lang='lat' dir='ltr'>hoc</span> <span class='ocrx_word' id='word_1_29' title='bbox 916 336 987 360; x_wconf 90' lang='lat' dir='ltr'>uon</span> <span class='ocrx_word' id='word_1_30' title='bbox 1017 321 1228 368; x_wconf 88' lang='lat' dir='ltr'>limitetur;</span> 
     </span>
     <span class='ocr_line' id='line_1_5' title="bbox 123 375 1230 440; baseline -0.002 -25"><span class='ocrx_word' id='word_1_31' title='bbox 123 409 150 430; x_wconf 79' lang='lat'>,‚</span> <span class='ocrx_word' id='word_1_32' title='bbox 178 378 355 440; x_wconf 69' lang='lat' dir='ltr'>potuisset</span> <span class='ocrx_word' id='word_1_33' title='bbox 383 378 485 415; x_wconf 89' lang='lat' dir='ltr'>enim</span> <span class='ocrx_word' id='word_1_34' title='bbox 514 377 626 414; x_wconf 88' lang='lat' dir='ltr'>etiam</span> <span class='ocrx_word' id='word_1_35' title='bbox 657 386 809 430; x_wconf 84' lang='lat' dir='ltr'>peccato</span> <span class='ocrx_word' id='word_1_36' title='bbox 829 389 900 414; x_wconf 90' lang='lat' dir='ltr'>non</span> <span class='ocrx_word' id='word_1_37' title='bbox 929 377 1105 414; x_wconf 73' lang='lat' dir='ltr'>existente</span> <span class='ocrx_word' id='word_1_38' title='bbox 1124 375 1230 413; x_wconf 84' lang='lat' dir='ltr'>Deus</span> 
     </span>
     <span class='ocr_line' id='line_1_6' title="bbox 115 430 808 481; baseline -0.003 -12"><span class='ocrx_word' id='word_1_39' title='bbox 115 460 147 481; x_wconf 87' lang='lat'>„</span> <span class='ocrx_word' id='word_1_40' title='bbox 176 430 369 469; x_wconf 78' lang='lat' dir='ltr'>incarnari</span> <span class='ocrx_word' id='word_1_41' title='bbox 390 433 416 452; x_wconf 89' lang='lat'><strong>“</strong></span> <span class='ocrx_word' id='word_1_42' title='bbox 433 456 444 468; x_wconf 94' lang='lat'><strong>.</strong></span> <span class='ocrx_word' id='word_1_43' title='bbox 805 431 808 434; x_wconf 81' lang='grc'><strong>’</strong></span> 
     </span>
    </p>

    <p class='ocr_par' dir='ltr' id='par_1_3' title="bbox 109 480 1230 1053">
     <span class='ocr_line' id='line_1_7' title="bbox 169 480 1229 537; baseline -0.005 -16"><span class='ocrx_word' id='word_1_44' title='bbox 169 481 237 535; x_wconf 83' lang='grc'>69.</span> <span class='ocrx_word' id='word_1_45' title='bbox 265 483 399 536; x_wconf 81' lang='lat' dir='ltr'>Neque</span> <span class='ocrx_word' id='word_1_46' title='bbox 427 496 517 521; x_wconf 85' lang='lat' dir='ltr'>vero</span> <span class='ocrx_word' id='word_1_47' title='bbox 546 482 616 522; x_wconf 78' lang='lat' dir='ltr'>lioc</span> <span class='ocrx_word' id='word_1_48' title='bbox 645 492 911 537; x_wconf 77' lang='lat' dir='ltr'>argumentum</span> <span class='ocrx_word' id='word_1_49' title='bbox 941 489 994 519; x_wconf 88' lang='lat' dir='ltr'>est</span> <span class='ocrx_word' id='word_1_50' title='bbox 1022 480 1229 519; x_wconf 77' lang='lat' dir='ltr'>solummo-</span> 
     </span>
     <span class='ocr_line' id='line_1_8' title="bbox 117 533 1229 589; baseline -0.004 -15"><span class='ocrx_word' id='word_1_51' title='bbox 117 535 166 574; x_wconf 80' lang='lat' dir='ltr'>do</span> <span class='ocrx_word' id='word_1_52' title='bbox 194 538 413 588; x_wconf 82' lang='lat' dir='ltr'>negativum</span> <span class='ocrx_word' id='word_1_53' title='bbox 435 551 446 583; x_wconf 90' lang='lat'>;</span> <span class='ocrx_word' id='word_1_54' title='bbox 475 550 563 574; x_wconf 79' lang='lat' dir='ltr'>nam</span> <span class='ocrx_word' id='word_1_55' title='bbox 595 539 720 589; x_wconf 90' lang='lat' dir='ltr'>primo</span> <span class='ocrx_word' id='word_1_56' title='bbox 742 537 924 576; x_wconf 82' lang='lat' dir='ltr'>habemus</span> <span class='ocrx_word' id='word_1_57' title='bbox 944 536 1055 571; x_wconf 79' lang='lat' dir='ltr'>etiam</span> <span class='ocrx_word' id='word_1_58' title='bbox 1072 533 1229 585; x_wconf 81' lang='lat' dir='ltr'>aliquod</span> 
     </span>
     <span class='ocr_line' id='line_1_9' title="bbox 117 585 1225 642; baseline -0.005 -14"><span class='ocrx_word' id='word_1_59' title='bbox 117 598 380 641; x_wconf 81' lang='lat' dir='ltr'>argumentum</span> <span class='ocrx_word' id='word_1_60' title='bbox 413 591 617 642; x_wconf 87' lang='lat' dir='ltr'>positivum</span> <span class='ocrx_word' id='word_1_61' title='bbox 648 592 687 629; x_wconf 91' lang='lat' dir='ltr'>iu</span> <span class='ocrx_word' id='word_1_62' title='bbox 717 589 783 627; x_wconf 84' lang='lat' dir='ltr'>illa</span> <span class='ocrx_word' id='word_1_63' title='bbox 826 587 1005 640; x_wconf 80' lang='lat' dir='ltr'>parabola</span> <span class='ocrx_word' id='word_1_64' title='bbox 1035 585 1194 624; x_wconf 74' lang='lat' dir='ltr'>Pastoris</span> <span class='ocrx_word' id='word_1_65' title='bbox 1214 616 1225 634; x_wconf 89' lang='lat'>,</span> 
     </span>
     <span class='ocr_line' id='line_1_10' title="bbox 116 638 1225 695; baseline -0.003 -16"><span class='ocrx_word' id='word_1_66' title='bbox 116 643 186 694; x_wconf 80' lang='lat' dir='ltr'>qni</span> <span class='ocrx_word' id='word_1_67' title='bbox 216 642 394 695; x_wconf 81' lang='lat' dir='ltr'>relinquit</span> <span class='ocrx_word' id='word_1_68' title='bbox 424 644 623 694; x_wconf 76' lang='lat' dir='ltr'>nonaginta</span> <span class='ocrx_word' id='word_1_69' title='bbox 652 656 787 682; x_wconf 86' lang='lat' dir='ltr'>novem</span> <span class='ocrx_word' id='word_1_70' title='bbox 816 654 902 679; x_wconf 90' lang='lat' dir='ltr'>oves</span> <span class='ocrx_word' id='word_1_71' title='bbox 931 644 970 676; x_wconf 86' lang='lat' dir='ltr'>in</span> <span class='ocrx_word' id='word_1_72' title='bbox 1002 638 1196 676; x_wconf 75' lang='lat' dir='ltr'>montibus</span> <span class='ocrx_word' id='word_1_73' title='bbox 1214 669 1225 687; x_wconf 90' lang='lat'>‚</span> 
     </span>
     <span class='ocr_line' id='line_1_11' title="bbox 115 691 1224 747; baseline -0.006 -11"><span class='ocrx_word' id='word_1_74' title='bbox 115 695 166 736; x_wconf 67' lang='lat'>(9&#39;</span> <span class='ocrx_word' id='word_1_75' title='bbox 181 695 285 734; x_wconf 78' lang='lat' dir='ltr'>vadit</span> <span class='ocrx_word' id='word_1_76' title='bbox 300 708 478 747; x_wconf 83' lang='lat' dir='ltr'>quoerere</span> <span class='ocrx_word' id='word_1_77' title='bbox 497 709 614 743; x_wconf 86' lang='lat' dir='ltr'>eam,</span> <span class='ocrx_word' id='word_1_78' title='bbox 633 708 722 746; x_wconf 81' lang='lat' dir='ltr'>quoe</span> <span class='ocrx_word' id='word_1_79' title='bbox 735 697 878 732; x_wconf 79' lang='lat' dir='ltr'>erravit</span> <span class='ocrx_word' id='word_1_80' title='bbox 893 718 903 730; x_wconf 97' lang='lat'><strong>.</strong></span> <span class='ocrx_word' id='word_1_81' title='bbox 924 691 1062 729; x_wconf 70' lang='lat' dir='ltr'>Mam».</span> <span class='ocrx_word' id='word_1_82' title='bbox 1080 691 1224 730; x_wconf 88' lang='lat' dir='ltr'>XVll&#39;l.</span> 
     </span>
     <span class='ocr_line' id='line_1_12' title="bbox 120 745 1222 801; baseline -0.003 -15"><span class='ocrx_word' id='word_1_83' title='bbox 120 760 211 797; x_wconf 81' lang='lat'>12.,</span> <span class='ocrx_word' id='word_1_84' title='bbox 239 763 313 788; x_wconf 89' lang='lat' dir='ltr'>non</span> <span class='ocrx_word' id='word_1_85' title='bbox 344 750 466 787; x_wconf 88' lang='lat' dir='ltr'>iturus</span> <span class='ocrx_word' id='word_1_86' title='bbox 494 749 688 801; x_wconf 72' lang='lat' dir='ltr'>profecte,</span> <span class='ocrx_word' id='word_1_87' title='bbox 723 748 797 785; x_wconf 88' lang='lat' dir='ltr'>nisi</span> <span class='ocrx_word' id='word_1_88' title='bbox 827 745 896 784; x_wconf 81' lang='lat' dir='ltr'>illa</span> <span class='ocrx_word' id='word_1_89' title='bbox 923 747 1003 784; x_wconf 90' lang='lat' dir='ltr'>ovis</span> <span class='ocrx_word' id='word_1_90' title='bbox 1033 754 1222 783; x_wconf 83' lang='lat' dir='ltr'>errasset.</span> 
     </span>
     <span class='ocr_line' id='line_1_13' title="bbox 112 795 1224 852; baseline -0.005 -12"><span class='ocrx_word' id='word_1_91' title='bbox 112 800 262 841; x_wconf 85' lang='lat' dir='ltr'>Deinde</span> <span class='ocrx_word' id='word_1_92' title='bbox 291 803 348 841; x_wconf 87' lang='lat' dir='ltr'>vis</span> <span class='ocrx_word' id='word_1_93' title='bbox 375 803 489 840; x_wconf 77' lang='lat' dir='ltr'>nostri</span> <span class='ocrx_word' id='word_1_94' title='bbox 531 801 744 852; x_wconf 79' lang='lat' dir='ltr'>argumenti</span> <span class='ocrx_word' id='word_1_95' title='bbox 774 800 902 838; x_wconf 87' lang='lat' dir='ltr'>nititur</span> <span class='ocrx_word' id='word_1_96' title='bbox 931 795 989 836; x_wconf 89' lang='lat' dir='ltr'>illi</span> <span class='ocrx_word' id='word_1_97' title='bbox 1032 799 1224 850; x_wconf 84' lang='lat' dir='ltr'>principio</span> 
     </span>
     <span class='ocr_line' id='line_1_14' title="bbox 117 850 1223 906; baseline -0.004 -14"><span class='ocrx_word' id='word_1_98' title='bbox 117 858 276 906; x_wconf 68' lang='lat' dir='ltr'>positivo</span> <span class='ocrx_word' id='word_1_99' title='bbox 297 884 308 903; x_wconf 90' lang='lat'>,</span> <span class='ocrx_word' id='word_1_100' title='bbox 351 855 388 892; x_wconf 65' lang='grc' dir='ltr'>δε</span> <span class='ocrx_word' id='word_1_101' title='bbox 414 856 649 901; x_wconf 84' lang='lat' dir='ltr'>certissimo,</span> <span class='ocrx_word' id='word_1_102' title='bbox 696 850 927 891; x_wconf 78' lang='lat' dir='ltr'>voluntatem</span> <span class='ocrx_word' id='word_1_103' title='bbox 960 850 1032 889; x_wconf 84' lang='lat' dir='ltr'>Dei</span> <span class='ocrx_word' id='word_1_104' title='bbox 1071 853 1115 889; x_wconf 90' lang='lat' dir='ltr'>in-</span> <span class='ocrx_word' id='word_1_105' title='bbox 1151 854 1223 899; x_wconf 85' lang='lat' dir='ltr'>iis,</span> 
     </span>
     <span class='ocr_line' id='line_1_15' title="bbox 113 905 1224 960; baseline -0.004 -15"><span class='ocrx_word' id='word_1_106' title='bbox 113 921 200 960; x_wconf 83' lang='lat' dir='ltr'>quae</span> <span class='ocrx_word' id='word_1_107' title='bbox 231 907 351 946; x_wconf 88' lang='lat' dir='ltr'>libere</span> <span class='ocrx_word' id='word_1_108' title='bbox 378 907 537 958; x_wconf 80' lang='lat' dir='ltr'>abipsa</span> <span class='ocrx_word' id='word_1_109' title='bbox 594 905 796 954; x_wconf 88' lang='lat' dir='ltr'>rocedunt,</span> <span class='ocrx_word' id='word_1_110' title='bbox 840 905 945 959; x_wconf 78' lang='lat' dir='ltr'>nobis</span> <span class='ocrx_word' id='word_1_111' title='bbox 973 918 1048 942; x_wconf 86' lang='lat' dir='ltr'>non</span> <span class='ocrx_word' id='word_1_112' title='bbox 1079 906 1224 942; x_wconf 87' lang='lat' dir='ltr'>innote-</span> 
     </span>
     <span class='ocr_line' id='line_1_16' title="bbox 109 921 1230 1013; baseline -0.002 -15"><span class='ocrx_word' id='word_1_113' title='bbox 109 973 213 1000; x_wconf 76' lang='lat' dir='ltr'>scere</span> <span class='ocrx_word' id='word_1_114' title='bbox 233 990 244 1009; x_wconf 94' lang='lat'>,</span> <span class='ocrx_word' id='word_1_115' title='bbox 273 962 348 999; x_wconf 87' lang='lat' dir='ltr'>nisi</span> <span class='ocrx_word' id='word_1_116' title='bbox 378 973 445 1013; x_wconf 85' lang='lat' dir='ltr'>per</span> <span class='ocrx_word' id='word_1_117' title='bbox 472 921 743 999; x_wconf 52' lang='lat' dir='ltr'>reverationem</span> <span class='ocrx_word' id='word_1_118' title='bbox 760 988 771 1007; x_wconf 95' lang='lat'>,</span> <span class='ocrx_word' id='word_1_119' title='bbox 800 972 889 1011; x_wconf 77' lang='lat' dir='ltr'>quas</span> <span class='ocrx_word' id='word_1_120' title='bbox 920 958 958 995; x_wconf 91' lang='lat' dir='ltr'>iu</span> <span class='ocrx_word' id='word_1_121' title='bbox 985 959 1099 996; x_wconf 82' lang='lat' dir='ltr'>sacris</span> <span class='ocrx_word' id='word_1_122' title='bbox 1127 958 1230 998; x_wconf 65' lang='lat' dir='ltr'>litte-</span> 
     </span>
     <span class='ocr_line' id='line_1_17' title="bbox 111 1014 427 1053; baseline -0.009 0"><span class='ocrx_word' id='word_1_123' title='bbox 111 1014 165 1053; x_wconf 84' lang='lat' dir='ltr'>ris</span> <span class='ocrx_word' id='word_1_124' title='bbox 192 1014 427 1053; x_wconf 85' lang='lat' dir='ltr'>continetur.</span> 
     </span>
    </p>

    <p class='ocr_par' dir='ltr' id='par_1_4' title="bbox 109 1063 1230 1540">
     <span class='ocr_line' id='line_1_18' title="bbox 169 1063 1224 1119; baseline -0.005 -13"><span class='ocrx_word' id='word_1_125' title='bbox 169 1080 234 1119; x_wconf 88' lang='lat'>70.</span> <span class='ocrx_word' id='word_1_126' title='bbox 261 1066 341 1105; x_wconf 90' lang='lat' dir='ltr'>Nec</span> <span class='ocrx_word' id='word_1_127' title='bbox 369 1067 489 1103; x_wconf 80' lang='lat' dir='ltr'>etiam·</span> <span class='ocrx_word' id='word_1_128' title='bbox 513 1065 589 1103; x_wconf 87' lang='lat' dir='ltr'>dici</span> <span class='ocrx_word' id='word_1_129' title='bbox 619 1073 769 1118; x_wconf 90' lang='lat' dir='ltr'>potest,</span> <span class='ocrx_word' id='word_1_130' title='bbox 812 1065 849 1103; x_wconf 90' lang='lat' dir='ltr'>id</span> <span class='ocrx_word' id='word_1_131' title='bbox 879 1063 989 1102; x_wconf 90' lang='lat' dir='ltr'>nobis</span> <span class='ocrx_word' id='word_1_132' title='bbox 1019 1065 1224 1102; x_wconf 82' lang='lat' dir='ltr'>innotesce-</span> 
     </span>
     <span class='ocr_line' id='line_1_19' title="bbox 112 1116 1224 1171; baseline -0.003 -14"><span class='ocrx_word' id='word_1_133' title='bbox 112 1130 154 1157; x_wconf 75' lang='lat' dir='ltr'>re</span> <span class='ocrx_word' id='word_1_134' title='bbox 181 1132 250 1171; x_wconf 86' lang='lat' dir='ltr'>per</span> <span class='ocrx_word' id='word_1_135' title='bbox 277 1118 537 1156; x_wconf 86' lang='lat' dir='ltr'>tradit-ionem.</span> <span class='ocrx_word' id='word_1_136' title='bbox 566 1117 667 1157; x_wconf 81' lang='lat' dir='ltr'>Nam</span> <span class='ocrx_word' id='word_1_137' title='bbox 687 1118 815 1156; x_wconf 75' lang='lat' dir='ltr'>Sancti</span> <span class='ocrx_word' id='word_1_138' title='bbox 846 1116 969 1154; x_wconf 69' lang='lat' dir='ltr'>Patres</span> <span class='ocrx_word' id='word_1_139' title='bbox 998 1116 1095 1155; x_wconf 84' lang='lat' dir='ltr'>bene</span> <span class='ocrx_word' id='word_1_140' title='bbox 1124 1118 1224 1155; x_wconf 83' lang='lat' dir='ltr'>mul-</span> 
     </span>
     <span class='ocr_line' id='line_1_20' title="bbox 109 1169 1225 1223; baseline -0.001 -15"><span class='ocrx_word' id='word_1_141' title='bbox 109 1172 139 1209; x_wconf 81' lang='lat' dir='ltr'>ti</span> <span class='ocrx_word' id='word_1_142' title='bbox 168 1179 330 1210; x_wconf 80' lang='lat' dir='ltr'>nostram</span> <span class='ocrx_word' id='word_1_143' title='bbox 360 1173 584 1210; x_wconf 76' lang='lat' dir='ltr'>sententiam</span> <span class='ocrx_word' id='word_1_144' title='bbox 614 1181 741 1223; x_wconf 89' lang='lat' dir='ltr'>aperte</span> <span class='ocrx_word' id='word_1_145' title='bbox 769 1169 1022 1217; x_wconf 75' lang='lat' dir='ltr'>confirmant,</span> <span class='ocrx_word' id='word_1_146' title='bbox 1066 1183 1108 1207; x_wconf 79' lang='lat' dir='ltr'>ex</span> <span class='ocrx_word' id='word_1_147' title='bbox 1138 1172 1225 1223; x_wconf 82' lang='lat' dir='ltr'>qui-</span> 
     </span>
     <span class='ocr_line' id='line_1_21' title="bbox 109 1222 1226 1270; baseline -0.001 -7"><span class='ocrx_word' id='word_1_148' title='bbox 109 1223 183 1263; x_wconf 88' lang='lat' dir='ltr'>bus</span> <span class='ocrx_word' id='word_1_149' title='bbox 210 1225 297 1264; x_wconf 87' lang='lat' dir='ltr'>satis</span> <span class='ocrx_word' id='word_1_150' title='bbox 325 1226 395 1263; x_wconf 88' lang='lat' dir='ltr'>erit</span> <span class='ocrx_word' id='word_1_151' title='bbox 421 1223 625 1270; x_wconf 61' lang='lat' dir='ltr'>nounuNos</span> <span class='ocrx_word' id='word_1_152' title='bbox 654 1225 690 1261; x_wconf 88' lang='lat' dir='ltr'>in</span> <span class='ocrx_word' id='word_1_153' title='bbox 712 1224 883 1262; x_wconf 87' lang='lat' dir='ltr'>medium</span> <span class='ocrx_word' id='word_1_154' title='bbox 912 1222 1046 1260; x_wconf 74' lang='lat' dir='ltr'>afferre</span> <span class='ocrx_word' id='word_1_155' title='bbox 1064 1249 1074 1261; x_wconf 91' lang='lat'><strong>.</strong></span> <span class='ocrx_word' id='word_1_156' title='bbox 1103 1223 1152 1261; x_wconf 82' lang='lat' dir='ltr'>Et</span> <span class='ocrx_word' id='word_1_157' title='bbox 1180 1237 1226 1262; x_wconf 73' lang='lat' dir='ltr'>ex</span> 
     </span>
     <span class='ocr_line' id='line_1_22' title="bbox 110 1275 1230 1329; baseline -0.002 -13"><span class='ocrx_word' id='word_1_158' title='bbox 110 1276 239 1316; x_wconf 75' lang='lat' dir='ltr'>latinis</span> <span class='ocrx_word' id='word_1_159' title='bbox 267 1279 416 1329; x_wconf 86' lang='lat' dir='ltr'>pri-mus</span> <span class='ocrx_word' id='word_1_160' title='bbox 444 1290 520 1314; x_wconf 84' lang='lat' dir='ltr'>sese</span> <span class='ocrx_word' id='word_1_161' title='bbox 547 1275 657 1314; x_wconf 70' lang='lat' dir='ltr'>offert</span> <span class='ocrx_word' id='word_1_162' title='bbox 685 1276 848 1314; x_wconf 85' lang='lat' dir='ltr'>Sanctus</span> <span class='ocrx_word' id='word_1_163' title='bbox 877 1276 1098 1314; x_wconf 78' lang='lat' dir='ltr'>Ambrosius</span> <span class='ocrx_word' id='word_1_164' title='bbox 1116 1306 1126 1324; x_wconf 91' lang='lat'>‚</span> <span class='ocrx_word' id='word_1_165' title='bbox 1156 1278 1230 1328; x_wconf 83' lang='lat' dir='ltr'>qui-</span> 
     </span>
     <span class='ocr_line' id='line_1_23' title="bbox 110 1328 1224 1382; baseline -0.002 -14"><span class='ocrx_word' id='word_1_166' title='bbox 110 1330 152 1368; x_wconf 91' lang='lat' dir='ltr'>in</span> <span class='ocrx_word' id='word_1_167' title='bbox 182 1330 272 1368; x_wconf 87' lang='lat' dir='ltr'>Lib.</span> <span class='ocrx_word' id='word_1_168' title='bbox 301 1329 350 1368; x_wconf 76' lang='lat' dir='ltr'>cle</span> <span class='ocrx_word' id='word_1_169' title='bbox 378 1329 591 1368; x_wconf 78' lang='lat' dir='ltr'>Incarnat.</span> <span class='ocrx_word' id='word_1_170' title='bbox 621 1344 706 1382; x_wconf 87' lang='lat' dir='ltr'>cap.</span> <span class='ocrx_word' id='word_1_171' title='bbox 735 1329 774 1368; x_wconf 82' lang='lat'>6.</span> <span class='ocrx_word' id='word_1_172' title='bbox 803 1330 849 1366; x_wconf 88' lang='lat' dir='ltr'>de</span> <span class='ocrx_word' id='word_1_173' title='bbox 877 1329 965 1367; x_wconf 84' lang='lat' dir='ltr'>Jesu</span> <span class='ocrx_word' id='word_1_174' title='bbox 995 1328 1142 1367; x_wconf 80' lang='lat' dir='ltr'>Christo</span> <span class='ocrx_word' id='word_1_175' title='bbox 1170 1330 1224 1366; x_wconf 89' lang='lat' dir='ltr'>lo-</span> 
     </span>
     <span class='ocr_line' id='line_1_24' title="bbox 112 1381 1225 1435; baseline 0.002 -16"><span class='ocrx_word' id='word_1_176' title='bbox 112 1396 233 1434; x_wconf 86' lang='lat' dir='ltr'>quens</span> <span class='ocrx_word' id='word_1_177' title='bbox 252 1411 265 1430; x_wconf 89' lang='lat'>,</span> <span class='ocrx_word' id='word_1_178' title='bbox 308 1381 539 1430; x_wconf 73' lang='lat' dir='ltr'>Diclicistis,</span> <span class='ocrx_word' id='word_1_179' title='bbox 570 1384 718 1435; x_wconf 86' lang='lat' dir='ltr'>inquit,</span> <span class='ocrx_word' id='word_1_180' title='bbox 765 1386 857 1433; x_wconf 83' lang='lat' dir='ltr'>quia</span> <span class='ocrx_word' id='word_1_181' title='bbox 901 1381 1148 1433; x_wconf 84' lang='lat' dir='ltr'>sacrificium</span> <span class='ocrx_word' id='word_1_182' title='bbox 1176 1382 1225 1421; x_wconf 79' lang='lat' dir='ltr'>cle</span> 
     </span>
     <span class='ocr_line' id='line_1_25' title="bbox 112 1433 1226 1485; baseline 0.001 -13"><span class='ocrx_word' id='word_1_183' title='bbox 112 1444 246 1474; x_wconf 82' lang='lat' dir='ltr'>nostro</span> <span class='ocrx_word' id='word_1_184' title='bbox 273 1434 433 1474; x_wconf 71' lang='lat' dir='ltr'>obtulit.</span> <span class='ocrx_word' id='word_1_185' title='bbox 463 1434 577 1474; x_wconf 90' lang='lat' dir='ltr'>Nam</span> <span class='ocrx_word' id='word_1_186' title='bbox 605 1449 694 1485; x_wconf 84' lang='lat' dir='ltr'>quae</span> <span class='ocrx_word' id='word_1_187' title='bbox 722 1445 811 1474; x_wconf 85' lang='lat' dir='ltr'>erat</span> <span class='ocrx_word' id='word_1_188' title='bbox 831 1448 956 1473; x_wconf 84' lang='lat' dir='ltr'>causa</span> <span class='ocrx_word' id='word_1_189' title='bbox 974 1433 1226 1474; x_wconf 77' lang='lat' dir='ltr'>Itzcarnatio-</span> 
     </span>
     <span class='ocr_line' id='line_1_26' title="bbox 117 1487 1227 1540; baseline 0 -15"><span class='ocrx_word' id='word_1_190' title='bbox 117 1491 180 1525; x_wconf 70' lang='lat' dir='ltr'>rii-s</span> <span class='ocrx_word' id='word_1_191' title='bbox 194 1518 204 1536; x_wconf 92' lang='lat'>,</span> <span class='ocrx_word' id='word_1_192' title='bbox 227 1492 303 1525; x_wconf 86' lang='lat' dir='ltr'>nisi</span> <span class='ocrx_word' id='word_1_193' title='bbox 319 1497 359 1524; x_wconf 90' lang='lat' dir='ltr'>ut</span> <span class='ocrx_word' id='word_1_194' title='bbox 378 1500 475 1526; x_wconf 86' lang='lat' dir='ltr'>caro</span> <span class='ocrx_word' id='word_1_195' title='bbox 491 1519 502 1536; x_wconf 89' lang='lat'>,</span> <span class='ocrx_word' id='word_1_196' title='bbox 532 1501 620 1540; x_wconf 77' lang='lat' dir='ltr'>quae</span> <span class='ocrx_word' id='word_1_197' title='bbox 637 1498 873 1538; x_wconf 73' lang='lat' dir='ltr'>peccaverat</span> <span class='ocrx_word' id='word_1_198' title='bbox 894 1519 905 1536; x_wconf 91' lang='lat'>‚</span> <span class='ocrx_word' id='word_1_199' title='bbox 934 1487 1227 1526; x_wconf 74' lang='lat' dir='ltr'>redimeretur?</span> 
     </span>
    </p>

    <p class='ocr_par' dir='ltr' id='par_1_5' title="bbox 111 1540 1226 1697">
     <span class='ocr_line' id='line_1_27' title="bbox 171 1540 1226 1592; baseline 0.001 -14"><span class='ocrx_word' id='word_1_200' title='bbox 171 1554 234 1592; x_wconf 82' lang='lat'>71.</span> <span class='ocrx_word' id='word_1_201' title='bbox 263 1540 520 1579; x_wconf 77' lang='lat' dir='ltr'>Disertissime</span> <span class='ocrx_word' id='word_1_202' title='bbox 548 1550 673 1578; x_wconf 84' lang='lat' dir='ltr'>autem</span> <span class='ocrx_word' id='word_1_203' title='bbox 692 1571 702 1588; x_wconf 94' lang='lat'>,</span> <span class='ocrx_word' id='word_1_204' title='bbox 745 1541 779 1577; x_wconf 73' lang='grc'>8(</span> <span class='ocrx_word' id='word_1_205' title='bbox 808 1542 892 1578; x_wconf 68' lang='lat' dir='ltr'>data</span> <span class='ocrx_word' id='word_1_206' title='bbox 934 1554 1050 1592; x_wconf 83' lang='lat' dir='ltr'>opera</span> <span class='ocrx_word' id='word_1_207' title='bbox 1081 1541 1151 1579; x_wconf 82' lang='lat' dir='ltr'>bae</span> <span class='ocrx_word' id='word_1_208' title='bbox 1180 1543 1226 1579; x_wconf 90' lang='lat' dir='ltr'>de</span> 
     </span>
     <span class='ocr_line' id='line_1_28' title="bbox 111 1593 1226 1645; baseline -0.001 -14"><span class='ocrx_word' id='word_1_209' title='bbox 111 1605 154 1632; x_wconf 79' lang='lat' dir='ltr'>re</span> <span class='ocrx_word' id='word_1_210' title='bbox 182 1601 313 1631; x_wconf 83' lang='lat' dir='ltr'>tractat</span> <span class='ocrx_word' id='word_1_211' title='bbox 341 1593 498 1631; x_wconf 85' lang='lat' dir='ltr'>Sanctus</span> <span class='ocrx_word' id='word_1_212' title='bbox 531 1595 762 1645; x_wconf 79' lang='lat' dir='ltr'>Augustinus</span> <span class='ocrx_word' id='word_1_213' title='bbox 791 1593 880 1631; x_wconf 88' lang='lat' dir='ltr'>Lib.</span> <span class='ocrx_word' id='word_1_214' title='bbox 910 1594 939 1630; x_wconf 90' lang='grc' dir='ltr'>Ι.</span> <span class='ocrx_word' id='word_1_215' title='bbox 969 1593 1017 1630; x_wconf 80' lang='lat' dir='ltr'>(le</span> <span class='ocrx_word' id='word_1_216' title='bbox 1045 1603 1226 1642; x_wconf 85' lang='lat' dir='ltr'>peccato-</span> 
     </span>
     <span class='ocr_line' id='line_1_29' title="bbox 112 1644 1223 1697; baseline 0 -13"><span class='ocrx_word' id='word_1_217' title='bbox 112 1657 204 1684; x_wconf 87' lang='lat' dir='ltr'>rum</span> <span class='ocrx_word' id='word_1_218' title='bbox 251 1649 429 1694; x_wconf 79' lang='lat' dir='ltr'>meritis,</span> <span class='ocrx_word' id='word_1_219' title='bbox 475 1647 526 1687; x_wconf 63' lang='grc' dir='ltr'>ὠ*</span> <span class='ocrx_word' id='word_1_220' title='bbox 553 1650 787 1684; x_wconf 79' lang='lat' dir='ltr'>remissione</span> <span class='ocrx_word' id='word_1_221' title='bbox 816 1659 901 1697; x_wconf 77' lang='lat' dir='ltr'>cap.</span> <span class='ocrx_word' id='word_1_222' title='bbox 934 1645 998 1683; x_wconf 77' lang='lat'>26.</span> <span class='ocrx_word' id='word_1_223' title='bbox 1028 1646 1141 1683; x_wconf 82' lang='lat' dir='ltr'>Tom.</span> <span class='ocrx_word' id='word_1_224' title='bbox 1171 1644 1223 1684; x_wconf 92' lang='lat' dir='ltr'>X.</span> 
     </span>
    </p>
   </div>
   <div class='ocr_carea' id='block_1_3' title="bbox 125 358 157 379">
    <p class='ocr_par' dir='ltr' id='par_1_6' title="bbox 125 358 157 379">
     <span class='ocr_line' id='line_1_30' title="bbox 125 358 157 379; baseline 0 0"><span class='ocrx_word' id='word_1_225' title='bbox 125 358 157 379; x_wconf 63' lang='lat'>’2</span> 
     </span>
    </p>
   </div>
   <div class='ocr_carea' id='block_1_4' title="bbox 111 1697 1231 1752">
    <p class='ocr_par' dir='ltr' id='par_1_7' title="bbox 111 1697 1231 1752">
     <span class='ocr_line' id='line_1_31' title="bbox 111 1697 1231 1752; baseline 0 -15"><span class='ocrx_word' id='word_1_226' title='bbox 111 1697 212 1738; x_wconf 85' lang='lat' dir='ltr'>Part.</span> <span class='ocrx_word' id='word_1_227' title='bbox 235 1701 264 1738; x_wconf 86' lang='lat'>1.</span> <span class='ocrx_word' id='word_1_228' title='bbox 293 1701 490 1752; x_wconf 86' lang='lat' dir='ltr'>inquiens:</span> <span class='ocrx_word' id='word_1_229' title='bbox 521 1729 548 1748; x_wconf 92' lang='lat'>„</span> <span class='ocrx_word' id='word_1_230' title='bbox 568 1700 694 1738; x_wconf 83' lang='lat' dir='ltr'>Nimis</span> <span class='ocrx_word' id='word_1_231' title='bbox 721 1699 880 1750; x_wconf 82' lang='lat' dir='ltr'>longum</span> <span class='ocrx_word' id='word_1_232' title='bbox 910 1699 974 1736; x_wconf 84' lang='lat' dir='ltr'>fiet</span> <span class='ocrx_word' id='word_1_233' title='bbox 991 1728 1002 1747; x_wconf 94' lang='lat'>,</span> <span class='ocrx_word' id='word_1_234' title='bbox 1032 1700 1061 1737; x_wconf 89' lang='lat' dir='ltr'>si</span> <span class='ocrx_word' id='word_1_235' title='bbox 1079 1699 1124 1736; x_wconf 76' lang='lat' dir='ltr'>ad</span> <span class='ocrx_word' id='word_1_236' title='bbox 1147 1700 1231 1737; x_wconf 77' lang='lat' dir='ltr'>sin-</span> 
     </span>
    </p>
   </div>
   <div class='ocr_carea' id='block_1_5' title="bbox 107 1752 1225 2386">
    <p class='ocr_par' dir='ltr' id='par_1_8' title="bbox 107 1752 1225 2386">
     <span class='ocr_line' id='line_1_32' title="bbox 114 1752 1224 1805; baseline 0 -15"><span class='ocrx_word' id='word_1_237' title='bbox 114 1781 147 1801; x_wconf 32' lang='lat'>„1</span> <span class='ocrx_word' id='word_1_238' title='bbox 170 1752 260 1804; x_wconf 80' lang='lat' dir='ltr'>gula</span> <span class='ocrx_word' id='word_1_239' title='bbox 279 1754 492 1791; x_wconf 81' lang='lat' dir='ltr'>testimonia</span> <span class='ocrx_word' id='word_1_240' title='bbox 508 1753 682 1791; x_wconf 88' lang='lat' dir='ltr'>similiter</span> <span class='ocrx_word' id='word_1_241' title='bbox 711 1754 970 1805; x_wconf 84' lang='lat' dir='ltr'>disputemus:</span> <span class='ocrx_word' id='word_1_242' title='bbox 999 1752 1100 1791; x_wconf 84' lang='lat' dir='ltr'>unde</span> <span class='ocrx_word' id='word_1_243' title='bbox 1120 1765 1224 1790; x_wconf 88' lang='lat' dir='ltr'>com-</span> 
     </span>
     <span class='ocr_line' id='line_1_33' title="bbox 111 1805 1222 1858; baseline -0.001 -14"><span class='ocrx_word' id='word_1_244' title='bbox 111 1833 140 1854; x_wconf 85' lang='lat'>„</span> <span class='ocrx_word' id='word_1_245' title='bbox 171 1807 318 1844; x_wconf 85' lang='lat' dir='ltr'>modius</span> <span class='ocrx_word' id='word_1_246' title='bbox 347 1819 423 1844; x_wconf 81' lang='lat' dir='ltr'>esse</span> <span class='ocrx_word' id='word_1_247' title='bbox 451 1805 640 1852; x_wconf 85' lang='lat' dir='ltr'>arbitror,</span> <span class='ocrx_word' id='word_1_248' title='bbox 683 1808 889 1844; x_wconf 80' lang='lat' dir='ltr'>acervatim</span> <span class='ocrx_word' id='word_1_249' title='bbox 930 1818 1087 1855; x_wconf 83' lang='lat' dir='ltr'>cogere,</span> <span class='ocrx_word' id='word_1_250' title='bbox 1134 1819 1222 1858; x_wconf 85' lang='lat' dir='ltr'>quae</span> 
     </span>
     <span class='ocr_line' id='line_1_34' title="bbox 111 1857 1223 1912; baseline 0.001 -16"><span class='ocrx_word' id='word_1_251' title='bbox 111 1886 146 1907; x_wconf 76' lang='lat'><strong>„</strong></span> <span class='ocrx_word' id='word_1_252' title='bbox 168 1871 366 1896; x_wconf 86' lang='lat' dir='ltr'>occurrere</span> <span class='ocrx_word' id='word_1_253' title='bbox 395 1860 605 1910; x_wconf 85' lang='lat' dir='ltr'>potuerint,</span> <span class='ocrx_word' id='word_1_254' title='bbox 635 1858 694 1896; x_wconf 91' lang='lat' dir='ltr'>vel</span> <span class='ocrx_word' id='word_1_255' title='bbox 724 1873 812 1912; x_wconf 79' lang='lat' dir='ltr'>quae</span> <span class='ocrx_word' id='word_1_256' title='bbox 842 1857 1016 1896; x_wconf 82' lang='lat' dir='ltr'>sufficere</span> <span class='ocrx_word' id='word_1_257' title='bbox 1037 1859 1223 1897; x_wconf 87' lang='lat' dir='ltr'>videbun—</span> 
     </span>
     <span class='ocr_line' id='line_1_35' title="bbox 114 1911 1222 1964; baseline 0.002 -16"><span class='ocrx_word' id='word_1_258' title='bbox 114 1939 142 1959; x_wconf 91' lang='lat'><strong>„</strong></span> <span class='ocrx_word' id='word_1_259' title='bbox 172 1920 259 1959; x_wconf 89' lang='lat' dir='ltr'>tur,</span> <span class='ocrx_word' id='word_1_260' title='bbox 288 1912 429 1964; x_wconf 86' lang='lat' dir='ltr'>quibus</span> <span class='ocrx_word' id='word_1_261' title='bbox 458 1921 665 1964; x_wconf 79' lang='lat' dir='ltr'>appareat,</span> <span class='ocrx_word' id='word_1_262' title='bbox 712 1912 921 1950; x_wconf 81' lang='lat' dir='ltr'>Dominum</span> <span class='ocrx_word' id='word_1_263' title='bbox 951 1912 1079 1950; x_wconf 85' lang='lat' dir='ltr'>Jesum</span> <span class='ocrx_word' id='word_1_264' title='bbox 1109 1911 1222 1950; x_wconf 81' lang='lat' dir='ltr'>Chri-</span> 
     </span>
     <span class='ocr_line' id='line_1_36' title="bbox 113 1964 1221 2015; baseline 0.001 -13"><span class='ocrx_word' id='word_1_265' title='bbox 113 1992 140 2012; x_wconf 87' lang='lat'>„</span> <span class='ocrx_word' id='word_1_266' title='bbox 170 1974 267 2002; x_wconf 85' lang='lat' dir='ltr'>stum</span> <span class='ocrx_word' id='word_1_267' title='bbox 296 1978 376 2002; x_wconf 89' lang='lat' dir='ltr'>non</span> <span class='ocrx_word' id='word_1_268' title='bbox 406 1965 534 2002; x_wconf 84' lang='lat' dir='ltr'>aliam</span> <span class='ocrx_word' id='word_1_269' title='bbox 561 1964 608 2002; x_wconf 86' lang='lat' dir='ltr'>ob</span> <span class='ocrx_word' id='word_1_270' title='bbox 636 1978 806 2003; x_wconf 85' lang='lat' dir='ltr'>causam</span> <span class='ocrx_word' id='word_1_271' title='bbox 837 1966 875 2002; x_wconf 87' lang='lat' dir='ltr'>in</span> <span class='ocrx_word' id='word_1_272' title='bbox 904 1978 1019 2002; x_wconf 84' lang='lat' dir='ltr'>carne</span> <span class='ocrx_word' id='word_1_273' title='bbox 1048 1967 1221 2015; x_wconf 87' lang='lat' dir='ltr'>venisse,</span> 
     </span>
     <span class='ocr_line' id='line_1_37' title="bbox 113 2018 1222 2069; baseline 0 -13"><span class='ocrx_word' id='word_1_274' title='bbox 113 2045 139 2065; x_wconf 89' lang='lat'>„</span> <span class='ocrx_word' id='word_1_275' title='bbox 163 2031 212 2056; x_wconf 90' lang='lat' dir='ltr'>·ac</span> <span class='ocrx_word' id='word_1_276' title='bbox 242 2018 363 2055; x_wconf 81' lang='lat' dir='ltr'>forma</span> <span class='ocrx_word' id='word_1_277' title='bbox 409 2020 507 2055; x_wconf 85' lang='lat' dir='ltr'>servi</span> <span class='ocrx_word' id='word_1_278' title='bbox 537 2027 693 2069; x_wconf 84' lang='lat' dir='ltr'>accepta</span> <span class='ocrx_word' id='word_1_279' title='bbox 721 2019 866 2056; x_wconf 81' lang='lat' dir='ltr'>factum</span> <span class='ocrx_word' id='word_1_280' title='bbox 907 2018 1147 2056; x_wconf 84' lang='lat' dir='ltr'>obedientem</span> <span class='ocrx_word' id='word_1_281' title='bbox 1181 2033 1222 2056; x_wconf 91' lang='lat' dir='ltr'>u-</span> 
     </span>
     <span class='ocr_line' id='line_1_38' title="bbox 109 2071 1222 2124; baseline 0.002 -16"><span class='ocrx_word' id='word_1_282' title='bbox 109 2098 137 2119; x_wconf 84' lang='lat'><strong>„</strong></span> <span class='ocrx_word' id='word_1_283' title='bbox 166 2084 259 2122; x_wconf 86' lang='lat' dir='ltr'>sque</span> <span class='ocrx_word' id='word_1_284' title='bbox 286 2071 333 2108; x_wconf 79' lang='lat' dir='ltr'>ad</span> <span class='ocrx_word' id='word_1_285' title='bbox 364 2080 528 2108; x_wconf 86' lang='lat' dir='ltr'>mortem·</span> <span class='ocrx_word' id='word_1_286' title='bbox 551 2073 675 2108; x_wconf 89' lang='lat' dir='ltr'>crucis</span> <span class='ocrx_word' id='word_1_287' title='bbox 691 2101 701 2119; x_wconf 95' lang='lat'>,</span> <span class='ocrx_word' id='word_1_288' title='bbox 731 2072 803 2109; x_wconf 86' lang='lat' dir='ltr'>nisi</span> <span class='ocrx_word' id='word_1_289' title='bbox 826 2080 865 2109; x_wconf 87' lang='lat' dir='ltr'>ut</span> <span class='ocrx_word' id='word_1_290' title='bbox 888 2071 1222 2124; x_wconf 78' lang='lat' dir='ltr'>hac-dispensatio-</span> 
     </span>
     <span class='ocr_line' id='line_1_39' title="bbox 109 2124 1225 2177; baseline 0.002 -17"><span class='ocrx_word' id='word_1_291' title='bbox 109 2151 138 2171; x_wconf 88' lang='lat'><strong>„</strong></span> <span class='ocrx_word' id='word_1_292' title='bbox 166 2137 213 2160; x_wconf 90' lang='lat' dir='ltr'>ne</span> <span class='ocrx_word' id='word_1_293' title='bbox 241 2124 660 2162; x_wconf 75' lang='lat' dir='ltr'>misericordiosissimae</span> <span class='ocrx_word' id='word_1_294' title='bbox 696 2126 827 2175; x_wconf 77' lang='lat' dir='ltr'>gratiae</span> <span class='ocrx_word' id='word_1_295' title='bbox 872 2138 1005 2163; x_wconf 88' lang='lat' dir='ltr'>omnes</span> <span class='ocrx_word' id='word_1_296' title='bbox 1027 2155 1037 2173; x_wconf 91' lang='lat'>,</span> <span class='ocrx_word' id='word_1_297' title='bbox 1080 2125 1225 2177; x_wconf 81' lang='lat' dir='ltr'>quibus</span> 
     </span>
     <span class='ocr_line' id='line_1_40' title="bbox 108 2176 1222 2231; baseline 0.003 -18"><span class='ocrx_word' id='word_1_298' title='bbox 108 2203 136 2224; x_wconf 85' lang='lat'>„</span> <span class='ocrx_word' id='word_1_299' title='bbox 166 2184 360 2229; x_wconf 77' lang='lat' dir='ltr'>tamquam</span> <span class='ocrx_word' id='word_1_300' title='bbox 381 2176 566 2215; x_wconf 87' lang='lat' dir='ltr'>membris</span> <span class='ocrx_word' id='word_1_301' title='bbox 596 2178 720 2216; x_wconf 88' lang='lat' dir='ltr'>insuo</span> <span class='ocrx_word' id='word_1_302' title='bbox 747 2190 905 2231; x_wconf 88' lang='lat' dir='ltr'>corpore</span> <span class='ocrx_word' id='word_1_303' title='bbox 933 2180 1140 2220; x_wconf 82' lang='lat' dir='ltr'>constitutis</span> <span class='ocrx_word' id='word_1_304' title='bbox 1161 2192 1222 2216; x_wconf 77' lang='lat' dir='ltr'>ca-</span> 
     </span>
     <span class='ocr_line' id='line_1_41' title="bbox 108 2230 1221 2282; baseline 0.002 -16"><span class='ocrx_word' id='word_1_305' title='bbox 108 2256 135 2277; x_wconf 92' lang='lat'>„</span> <span class='ocrx_word' id='word_1_306' title='bbox 163 2238 229 2281; x_wconf 89' lang='lat' dir='ltr'>put</span> <span class='ocrx_word' id='word_1_307' title='bbox 258 2239 336 2278; x_wconf 88' lang='lat' dir='ltr'>est,</span> <span class='ocrx_word' id='word_1_308' title='bbox 379 2230 425 2268; x_wconf 82' lang='lat' dir='ltr'>ad</span> <span class='ocrx_word' id='word_1_309' title='bbox 454 2231 727 2282; x_wconf 78' lang='lat' dir='ltr'>capessendum</span> <span class='ocrx_word' id='word_1_310' title='bbox 756 2244 917 2282; x_wconf 85' lang='lat' dir='ltr'>regnum</span> <span class='ocrx_word' id='word_1_311' title='bbox 947 2231 1132 2268; x_wconf 79' lang='lat' dir='ltr'>caelorum</span> <span class='ocrx_word' id='word_1_312' title='bbox 1163 2232 1221 2268; x_wconf 90' lang='lat' dir='ltr'>vi-</span> 
     </span>
     <span class='ocr_line' id='line_1_42' title="bbox 107 2281 1219 2331; baseline 0 -12"><span class='ocrx_word' id='word_1_313' title='bbox 107 2309 136 2329; x_wconf 90' lang='lat'><strong>„</strong></span> <span class='ocrx_word' id='word_1_314' title='bbox 166 2281 362 2331; x_wconf 85' lang='lat' dir='ltr'>vificaret,</span> <span class='ocrx_word' id='word_1_315' title='bbox 392 2282 512 2322; x_wconf 83' lang='lat' dir='ltr'>salvos</span> <span class='ocrx_word' id='word_1_316' title='bbox 542 2283 707 2330; x_wconf 80' lang='lat' dir='ltr'>faceret,</span> <span class='ocrx_word' id='word_1_317' title='bbox 746 2283 955 2330; x_wconf 81' lang='lat' dir='ltr'>liberaret,</span> <span class='ocrx_word' id='word_1_318' title='bbox 986 2284 1219 2331; x_wconf 85' lang='lat' dir='ltr'>redimeret,</span> 
     </span>
     <span class='ocr_line' id='line_1_43' title="bbox 109 2332 1218 2386; baseline 0.002 -16"><span class='ocrx_word' id='word_1_319' title='bbox 109 2360 136 2379; x_wconf 86' lang='lat'><strong>„</strong></span> <span class='ocrx_word' id='word_1_320' title='bbox 167 2332 400 2372; x_wconf 85' lang='lat' dir='ltr'>illuminaret</span> <span class='ocrx_word' id='word_1_321' title='bbox 428 2335 501 2372; x_wconf 83' lang='lat' dir='ltr'>&amp;c.</span> <span class='ocrx_word' id='word_1_322' title='bbox 522 2339 578 2380; x_wconf 76' lang='lat'>“5</span> <span class='ocrx_word' id='word_1_323' title='bbox 626 2336 727 2386; x_wconf 84' lang='lat' dir='ltr'>quod</span> <span class='ocrx_word' id='word_1_324' title='bbox 771 2337 989 2373; x_wconf 81' lang='lat' dir='ltr'>innumeris</span> <span class='ocrx_word' id='word_1_325' title='bbox 1027 2348 1070 2372; x_wconf 83' lang='lat' dir='ltr'>ex</span> <span class='ocrx_word' id='word_1_326' title='bbox 1100 2334 1218 2373; x_wconf 85' lang='lat' dir='ltr'>Sacra</span> 
     </span>
    </p>
   </div>
   <div class='ocr_carea' id='block_1_6' title="bbox 104 2383 1218 2490">
    <p class='ocr_par' dir='ltr' id='par_1_9' title="bbox 104 2383 1218 2490">
     <span class='ocr_line' id='line_1_44' title="bbox 106 2383 1218 2438; baseline 0.004 -17"><span class='ocrx_word' id='word_1_327' title='bbox 106 2383 304 2436; x_wconf 78' lang='lat' dir='ltr'>Scriptura</span> <span class='ocrx_word' id='word_1_328' title='bbox 333 2388 513 2438; x_wconf 83' lang='lat' dir='ltr'>congestis</span> <span class='ocrx_word' id='word_1_329' title='bbox 554 2388 778 2424; x_wconf 84' lang='lat' dir='ltr'>testimoniis</span> <span class='ocrx_word' id='word_1_330' title='bbox 807 2388 940 2438; x_wconf 78' lang='lat' dir='ltr'>probat</span> <span class='ocrx_word' id='word_1_331' title='bbox 959 2414 967 2424; x_wconf 92' lang='lat'>.</span> <span class='ocrx_word' id='word_1_332' title='bbox 1015 2387 1064 2425; x_wconf 88' lang='lat' dir='ltr'>Et</span> <span class='ocrx_word' id='word_1_333' title='bbox 1093 2387 1218 2426; x_wconf 78' lang='lat' dir='ltr'>adhuc</span> 
     </span>
     <span class='ocr_line' id='line_1_45' title="bbox 104 2436 1218 2490; baseline 0.004 -17"><span class='ocrx_word' id='word_1_334' title='bbox 104 2436 248 2476; x_wconf 81' lang='lat' dir='ltr'>clarius</span> <span class='ocrx_word' id='word_1_335' title='bbox 288 2440 328 2476; x_wconf 89' lang='lat' dir='ltr'>in</span> <span class='ocrx_word' id='word_1_336' title='bbox 357 2440 483 2477; x_wconf 70' lang='lat' dir='ltr'>Seru»</span> <span class='ocrx_word' id='word_1_337' title='bbox 509 2439 725 2476; x_wconf 79' lang='lat' dir='ltr'><strong>CLXXIV.</strong></span> <span class='ocrx_word' id='word_1_338' title='bbox 754 2453 839 2490; x_wconf 81' lang='lat' dir='ltr'>cap.</span> <span class='ocrx_word' id='word_1_339' title='bbox 873 2454 909 2490; x_wconf 87' lang='lat'>7.</span> <span class='ocrx_word' id='word_1_340' title='bbox 939 2439 1052 2477; x_wconf 82' lang='lat' dir='ltr'>Tom.</span> <span class='ocrx_word' id='word_1_341' title='bbox 1084 2439 1134 2477; x_wconf 88' lang='lat' dir='ltr'>V.</span> <span class='ocrx_word' id='word_1_342' title='bbox 1171 2442 1218 2478; x_wconf 89' lang='lat' dir='ltr'>de</span> 
     </span>
    </p>
   </div>
   <div class='ocr_carea' id='block_1_7' title="bbox 105 2489 1229 2543">
    <p class='ocr_par' dir='ltr' id='par_1_10' title="bbox 105 2489 1229 2543">
     <span class='ocr_line' id='line_1_46' title="bbox 105 2489 1229 2543; baseline 0.001 -15"><span class='ocrx_word' id='word_1_343' title='bbox 105 2489 193 2528; x_wconf 60' lang='lat' dir='ltr'>J‘esu</span> <span class='ocrx_word' id='word_1_344' title='bbox 216 2490 396 2543; x_wconf 88' lang='lat' dir='ltr'>loquens,</span> <span class='ocrx_word' id='word_1_345' title='bbox 431 2490 593 2541; x_wconf 76' lang='lat' dir='ltr'>Quare,</span> <span class='ocrx_word' id='word_1_346' title='bbox 624 2492 747 2543; x_wconf 90' lang='lat' dir='ltr'>inquit</span> <span class='ocrx_word' id='word_1_347' title='bbox 764 2521 774 2538; x_wconf 92' lang='lat'>,</span> <span class='ocrx_word' id='word_1_348' title='bbox 803 2495 961 2529; x_wconf 73' lang='lat' dir='ltr'>venitin</span> <span class='ocrx_word' id='word_1_349' title='bbox 990 2491 1181 2529; x_wconf 78' lang='lat' dir='ltr'>mundum</span> <span class='ocrx_word' id='word_1_350' title='bbox 1193 2492 1229 2530; x_wconf 69' lang='lat'>,2</span> 
     </span>
    </p>
   </div>
   <div class='ocr_carea' id='block_1_8' title="bbox 103 2542 1220 3386">
    <p class='ocr_par' dir='ltr' id='par_1_11' title="bbox 103 2542 1216 2702">
     <span class='ocr_line' id='line_1_47' title="bbox 106 2542 1215 2596; baseline 0.002 -16"><span class='ocrx_word' id='word_1_351' title='bbox 106 2542 342 2582; x_wconf 77' lang='lat' dir='ltr'>Peccatores</span> <span class='ocrx_word' id='word_1_352' title='bbox 370 2544 498 2582; x_wconf 68' lang='lat' dir='ltr'>salros</span> <span class='ocrx_word' id='word_1_353' title='bbox 514 2544 691 2595; x_wconf 78' lang='lat' dir='ltr'>jacere.</span> <span class='ocrx_word' id='word_1_354' title='bbox 723 2545 814 2582; x_wconf 83' lang='lat' dir='ltr'>Alia</span> <span class='ocrx_word' id='word_1_355' title='bbox 844 2558 971 2582; x_wconf 84' lang='lat' dir='ltr'>causa</span> <span class='ocrx_word' id='word_1_356' title='bbox 998 2543 1215 2596; x_wconf 85' lang='lat' dir='ltr'>nonfuit,</span> 
     </span>
     <span class='ocr_line' id='line_1_48' title="bbox 106 2597 1216 2650; baseline 0.005 -19"><span class='ocrx_word' id='word_1_357' title='bbox 106 2608 231 2646; x_wconf 82' lang='lat' dir='ltr'>quare</span> <span class='ocrx_word' id='word_1_358' title='bbox 259 2600 403 2635; x_wconf 72' lang='lat' dir='ltr'>veniret</span> <span class='ocrx_word' id='word_1_359' title='bbox 432 2601 473 2634; x_wconf 86' lang='lat' dir='ltr'>in</span> <span class='ocrx_word' id='word_1_360' title='bbox 503 2597 694 2635; x_wconf 70' lang='lat' dir='ltr'>mundum</span> <span class='ocrx_word' id='word_1_361' title='bbox 712 2624 723 2635; x_wconf 90' lang='lat'><strong>.</strong></span> <span class='ocrx_word' id='word_1_362' title='bbox 761 2597 873 2646; x_wconf 89' lang='lat' dir='ltr'>Quod</span> <span class='ocrx_word' id='word_1_363' title='bbox 903 2600 1034 2650; x_wconf 80' lang='lat' dir='ltr'>repetit</span> <span class='ocrx_word' id='word_1_364' title='bbox 1063 2597 1150 2637; x_wconf 83' lang='lat' dir='ltr'>aliis</span> <span class='ocrx_word' id='word_1_365' title='bbox 1179 2613 1216 2636; x_wconf 86' lang='lat' dir='ltr'>e-</span> 
     </span>
     <span class='ocr_line' id='line_1_49' title="bbox 103 2649 681 2702; baseline 0.003 -16"><span class='ocrx_word' id='word_1_366' title='bbox 103 2650 197 2687; x_wconf 83' lang='lat' dir='ltr'>tiam</span> <span class='ocrx_word' id='word_1_367' title='bbox 227 2650 267 2687; x_wconf 86' lang='lat' dir='ltr'>in</span> <span class='ocrx_word' id='word_1_368' title='bbox 297 2649 389 2688; x_wconf 87' lang='lat' dir='ltr'>locis</span> <span class='ocrx_word' id='word_1_369' title='bbox 418 2662 491 2689; x_wconf 87' lang='lat' dir='ltr'>non</span> <span class='ocrx_word' id='word_1_370' title='bbox 521 2651 681 2702; x_wconf 83' lang='lat' dir='ltr'>paucis.</span> 
     </span>
    </p>

    <p class='ocr_par' dir='ltr' id='par_1_12' title="bbox 104 2702 1219 3289">
     <span class='ocr_line' id='line_1_50' title="bbox 161 2702 1218 2754; baseline 0.003 -14"><span class='ocrx_word' id='word_1_371' title='bbox 161 2716 225 2754; x_wconf 82' lang='lat'>72.</span> <span class='ocrx_word' id='word_1_372' title='bbox 257 2702 448 2742; x_wconf 85' lang='lat' dir='ltr'>Accedunt</span> <span class='ocrx_word' id='word_1_373' title='bbox 478 2703 553 2741; x_wconf 90' lang='lat' dir='ltr'>duo</span> <span class='ocrx_word' id='word_1_374' title='bbox 581 2702 782 2744; x_wconf 81' lang='lat' dir='ltr'>Pontifices</span> <span class='ocrx_word' id='word_1_375' title='bbox 811 2705 962 2742; x_wconf 76' lang='lat' dir='ltr'>scientia</span> <span class='ocrx_word' id='word_1_376' title='bbox 981 2735 991 2752; x_wconf 87' lang='lat'><strong>‚</strong></span> <span class='ocrx_word' id='word_1_377' title='bbox 1021 2705 1061 2741; x_wconf 73' lang='grc' dir='ltr'>ἃ·</span> <span class='ocrx_word' id='word_1_378' title='bbox 1085 2706 1218 2743; x_wconf 63' lang='lat' dir='ltr'>&amp;sucti-</span> 
     </span>
     <span class='ocr_line' id='line_1_51' title="bbox 104 2756 1219 2810; baseline 0.002 -17"><span class='ocrx_word' id='word_1_379' title='bbox 104 2763 176 2793; x_wconf 83' lang='lat' dir='ltr'>tate</span> <span class='ocrx_word' id='word_1_380' title='bbox 205 2768 292 2794; x_wconf 90' lang='lat' dir='ltr'>vere</span> <span class='ocrx_word' id='word_1_381' title='bbox 322 2758 450 2805; x_wconf 75' lang='lat' dir='ltr'>magui</span> <span class='ocrx_word' id='word_1_382' title='bbox 474 2756 576 2805; x_wconf 57' lang='lat' dir='ltr'>lan,</span> <span class='ocrx_word' id='word_1_383' title='bbox 605 2756 638 2794; x_wconf 73' lang='lat' dir='ltr'>&amp;c</span> <span class='ocrx_word' id='word_1_384' title='bbox 669 2758 900 2809; x_wconf 82' lang='lat' dir='ltr'>Gregorius;</span> <span class='ocrx_word' id='word_1_385' title='bbox 929 2771 1092 2810; x_wconf 87' lang='lat' dir='ltr'>quornm</span> <span class='ocrx_word' id='word_1_386' title='bbox 1116 2760 1219 2809; x_wconf 86' lang='lat' dir='ltr'>prior</span> 
     </span>
     <span class='ocr_line' id='line_1_52' title="bbox 104 2807 1218 2863; baseline 0.003 -18"><span class='ocrx_word' id='word_1_387' title='bbox 104 2808 153 2847; x_wconf 66' lang='lat' dir='ltr'>iu,</span> <span class='ocrx_word' id='word_1_388' title='bbox 173 2807 296 2848; x_wconf 89' lang='lat' dir='ltr'>Serm.</span> <span class='ocrx_word' id='word_1_389' title='bbox 330 2808 530 2859; x_wconf 67' lang='lat' dir='ltr'>LXXVII.</span> <span class='ocrx_word' id='word_1_390' title='bbox 561 2809 603 2847; x_wconf 88' lang='lat' dir='ltr'>Si</span> <span class='ocrx_word' id='word_1_391' title='bbox 631 2810 776 2857; x_wconf 77' lang='lat' dir='ltr'>homo,</span> <span class='ocrx_word' id='word_1_392' title='bbox 807 2812 931 2863; x_wconf 81' lang='lat' dir='ltr'>iuquit</span> <span class='ocrx_word' id='word_1_393' title='bbox 949 2841 960 2858; x_wconf 85' lang='lat'>,</span> <span class='ocrx_word' id='word_1_394' title='bbox 990 2810 1054 2849; x_wconf 68' lang='lat' dir='ltr'>art</span> <span class='ocrx_word' id='word_1_395' title='bbox 1073 2815 1218 2862; x_wconf 75' lang='lat' dir='ltr'>imagi-</span> 
     </span>
     <span class='ocr_line' id='line_1_53' title="bbox 107 2862 1219 2916; baseline 0.004 -19"><span class='ocrx_word' id='word_1_396' title='bbox 107 2871 200 2898; x_wconf 85' lang='lat' dir='ltr'>nem</span> <span class='ocrx_word' id='word_1_397' title='bbox 217 2892 228 2909; x_wconf 90' lang='lat'>,</span> <span class='ocrx_word' id='word_1_398' title='bbox 256 2864 315 2904; x_wconf 68' lang='lat'>&amp;²-</span> <span class='ocrx_word' id='word_1_399' title='bbox 334 2863 633 2901; x_wconf 64' lang='lat' dir='ltr'>similitudinem</span> <span class='ocrx_word' id='word_1_400' title='bbox 648 2862 726 2901; x_wconf 89' lang='lat' dir='ltr'>Dei</span> <span class='ocrx_word' id='word_1_401' title='bbox 743 2862 889 2916; x_wconf 75' lang='lat' dir='ltr'>jactus</span> <span class='ocrx_word' id='word_1_402' title='bbox 917 2868 958 2901; x_wconf 85' lang='lat' dir='ltr'>in</span> <span class='ocrx_word' id='word_1_403' title='bbox 986 2877 1070 2901; x_wconf 82' lang='lat' dir='ltr'>suae</span> <span class='ocrx_word' id='word_1_404' title='bbox 1100 2863 1219 2901; x_wconf 74' lang='lat' dir='ltr'>hono-</span> 
     </span>
     <span class='ocr_line' id='line_1_54' title="bbox 109 2917 1219 2955; baseline 0.006 -7"><span class='ocrx_word' id='word_1_405' title='bbox 109 2924 152 2949; x_wconf 87' lang='lat' dir='ltr'>re</span> <span class='ocrx_word' id='word_1_406' title='bbox 179 2923 336 2954; x_wconf 80' lang='lat' dir='ltr'>naturoe</span> <span class='ocrx_word' id='word_1_407' title='bbox 363 2920 578 2955; x_wconf 79' lang='lat' dir='ltr'>mansisset</span> <span class='ocrx_word' id='word_1_408' title='bbox 598 2943 652 2955; x_wconf 90' lang='lat'><strong>....</strong></span> <span class='ocrx_word' id='word_1_409' title='bbox 678 2917 843 2955; x_wconf 79' lang='lat' dir='ltr'>Creator</span> <span class='ocrx_word' id='word_1_410' title='bbox 863 2917 1002 2955; x_wconf 76' lang='lat' dir='ltr'>mundi</span> <span class='ocrx_word' id='word_1_411' title='bbox 1031 2927 1219 2955; x_wconf 77' lang='lat' dir='ltr'>creatura</span> 
     </span>
     <span class='ocr_line' id='line_1_55' title="bbox 109 2965 1216 3023; baseline 0.004 -18"><span class='ocrx_word' id='word_1_412' title='bbox 109 2976 191 3001; x_wconf 75' lang='lat' dir='ltr'>non</span> <span class='ocrx_word' id='word_1_413' title='bbox 213 2965 362 3018; x_wconf 80' lang='lat' dir='ltr'>fieret.</span> <span class='ocrx_word' id='word_1_414' title='bbox 406 2969 510 3008; x_wconf 84' lang='lat' dir='ltr'>Alter</span> <span class='ocrx_word' id='word_1_415' title='bbox 537 2984 628 3009; x_wconf 83' lang='lat' dir='ltr'>vero</span> <span class='ocrx_word' id='word_1_416' title='bbox 658 2971 746 3009; x_wconf 90' lang='lat' dir='ltr'>Lib.</span> <span class='ocrx_word' id='word_1_417' title='bbox 776 2970 844 3009; x_wconf 84' lang='lat' dir='ltr'>lv.</span> <span class='ocrx_word' id='word_1_418' title='bbox 877 2973 914 3009; x_wconf 89' lang='lat' dir='ltr'>iu</span> <span class='ocrx_word' id='word_1_419' title='bbox 945 2971 1093 3019; x_wconf 65' lang='lat' dir='ltr'>Lib.‚1.</span> <span class='ocrx_word' id='word_1_420' title='bbox 1128 2969 1216 3023; x_wconf 77' lang='lat' dir='ltr'>Reg-</span> 
     </span>
     <span class='ocr_line' id='line_1_56' title="bbox 111 3019 1218 3077; baseline 0.007 -23"><span class='ocrx_word' id='word_1_421' title='bbox 111 3030 197 3068; x_wconf 83' lang='lat' dir='ltr'>cap.</span> <span class='ocrx_word' id='word_1_422' title='bbox 224 3031 256 3056; x_wconf 83' lang='grc' dir='ltr'>ι.</span> <span class='ocrx_word' id='word_1_423' title='bbox 286 3019 372 3059; x_wconf 82' lang='lat' dir='ltr'>Nisi</span> <span class='ocrx_word' id='word_1_424' title='bbox 402 3022 533 3060; x_wconf 77' lang='lat' dir='ltr'>Adam</span> <span class='ocrx_word' id='word_1_425' title='bbox 560 3033 772 3074; x_wconf 79' lang='lat' dir='ltr'>peccaret,</span> <span class='ocrx_word' id='word_1_426' title='bbox 803 3026 953 3077; x_wconf 85' lang='lat' dir='ltr'>inquit,</span> <span class='ocrx_word' id='word_1_427' title='bbox 983 3023 1218 3075; x_wconf 74' lang='lat' dir='ltr'>Redempto-</span> 
     </span>
     <span class='ocr_line' id='line_1_57' title="bbox 111 3081 1217 3128; baseline 0.008 -21"><span class='ocrx_word' id='word_1_428' title='bbox 111 3082 205 3108; x_wconf 85' lang='lat' dir='ltr'>rem-</span> <span class='ocrx_word' id='word_1_429' title='bbox 226 3081 403 3111; x_wconf 81' lang='lat' dir='ltr'>nostrum</span> <span class='ocrx_word' id='word_1_430' title='bbox 432 3088 606 3114; x_wconf 87' lang='lat' dir='ltr'>carnem·</span> <span class='ocrx_word' id='word_1_431' title='bbox 644 3082 841 3125; x_wconf 79' lang='lat' dir='ltr'>suscipere</span> <span class='ocrx_word' id='word_1_432' title='bbox 870 3091 950 3116; x_wconf 87' lang='lat' dir='ltr'>non</span> <span class='ocrx_word' id='word_1_433' title='bbox 992 3087 1185 3128; x_wconf 78' lang='lat' dir='ltr'>oporteret</span> <span class='ocrx_word' id='word_1_434' title='bbox 1205 3103 1217 3116; x_wconf 91' lang='lat'><strong>.</strong></span> 
     </span>
     <span class='ocr_line' id='line_1_58' title="bbox 112 3121 1218 3183; baseline 0.006 -22"><span class='ocrx_word' id='word_1_435' title='bbox 112 3121 203 3161; x_wconf 82' lang='grc' dir='ltr'><em>Νοιι</em></span> <span class='ocrx_word' id='word_1_436' title='bbox 235 3128 342 3161; x_wconf 85' lang='lat' dir='ltr'>enim</span> <span class='ocrx_word' id='word_1_437' title='bbox 370 3131 470 3164; x_wconf 85' lang='lat' dir='ltr'>venit</span> <span class='ocrx_word' id='word_1_438' title='bbox 499 3142 639 3168; x_wconf 78' lang='lat' dir='ltr'>vocare</span> <span class='ocrx_word' id='word_1_439' title='bbox 680 3133 807 3183; x_wconf 84' lang='lat' dir='ltr'>justos</span> <span class='ocrx_word' id='word_1_440' title='bbox 828 3162 838 3180; x_wconf 93' lang='lat'>,</span> <span class='ocrx_word' id='word_1_441' title='bbox 881 3131 949 3170; x_wconf 73' lang='lat' dir='ltr'>sed</span> <span class='ocrx_word' id='word_1_442' title='bbox 989 3140 1218 3180; x_wconf 74' lang='lat' dir='ltr'>peccatores</span> 
     </span>
     <span class='ocr_line' id='line_1_59' title="bbox 110 3175 1215 3236; baseline 0.007 -24"><span class='ocrx_word' id='word_1_443' title='bbox 110 3175 167 3213; x_wconf 79' lang='lat' dir='ltr'>ad</span> <span class='ocrx_word' id='word_1_444' title='bbox 193 3181 490 3226; x_wconf 75' lang='lat' dir='ltr'>poenitentiam.</span> <span class='ocrx_word' id='word_1_445' title='bbox 521 3181 563 3218; x_wconf 72' lang='lat' dir='ltr'>Sa·</span> <span class='ocrx_word' id='word_1_446' title='bbox 590 3196 682 3234; x_wconf 79' lang='lat' dir='ltr'>ergo</span> <span class='ocrx_word' id='word_1_447' title='bbox 711 3198 780 3236; x_wconf 84' lang='lat' dir='ltr'>pro</span> <span class='ocrx_word' id='word_1_448' title='bbox 794 3184 1062 3235; x_wconf 74' lang='lat' dir='ltr'>peccatoribus</span> <span class='ocrx_word' id='word_1_449' title='bbox 1091 3187 1215 3232; x_wconf 68' lang='lat' dir='ltr'>venit,</span> 
     </span>
     <span class='ocr_line' id='line_1_60' title="bbox 110 3231 1216 3289; baseline 0.007 -23"><span class='ocrx_word' id='word_1_450' title='bbox 110 3232 145 3267; x_wconf 85' lang='lat' dir='ltr'>si</span> <span class='ocrx_word' id='word_1_451' title='bbox 173 3240 343 3279; x_wconf 82' lang='lat' dir='ltr'>peccata</span> <span class='ocrx_word' id='word_1_452' title='bbox 372 3231 550 3270; x_wconf 79' lang='lat' dir='ltr'>deessent</span> <span class='ocrx_word' id='word_1_453' title='bbox 568 3264 577 3281; x_wconf 85' lang='lat'>‚</span> <span class='ocrx_word' id='word_1_454' title='bbox 607 3248 698 3272; x_wconf 88' lang='lat' dir='ltr'>eum</span> <span class='ocrx_word' id='word_1_455' title='bbox 728 3243 856 3276; x_wconf 78' lang='lat' dir='ltr'>venire</span> <span class='ocrx_word' id='word_1_456' title='bbox 885 3251 966 3275; x_wconf 85' lang='lat' dir='ltr'>non</span> <span class='ocrx_word' id='word_1_457' title='bbox 995 3245 1216 3289; x_wconf 72' lang='lat' dir='ltr'>oporteret.</span> 
     </span>
    </p>

    <p class='ocr_par' dir='ltr' id='par_1_13' title="bbox 109 3283 1220 3386">
     <span class='ocr_line' id='line_1_61' title="bbox 168 3283 1220 3341; baseline 0.006 -21"><span class='ocrx_word' id='word_1_458' title='bbox 168 3283 231 3334; x_wconf 81' lang='grc'>75.</span> <span class='ocrx_word' id='word_1_459' title='bbox 254 3284 339 3341; x_wconf 30' lang='lat' dir='ltr'>‘Nec</span> <span class='ocrx_word' id='word_1_460' title='bbox 367 3285 517 3323; x_wconf 82' lang='lat' dir='ltr'>diversa</span> <span class='ocrx_word' id='word_1_461' title='bbox 552 3295 603 3324; x_wconf 85' lang='lat' dir='ltr'>est</span> <span class='ocrx_word' id='word_1_462' title='bbox 631 3287 857 3329; x_wconf 83' lang='lat' dir='ltr'>Graecorum</span> <span class='ocrx_word' id='word_1_463' title='bbox 887 3290 1050 3329; x_wconf 72' lang='lat' dir='ltr'>Pati-nm</span> <span class='ocrx_word' id='word_1_464' title='bbox 1082 3291 1220 3328; x_wconf 73' lang='lat' dir='ltr'>doctri-</span> 
     </span>
     <span class='ocr_line' id='line_1_62' title="bbox 109 3337 1219 3386; baseline 0.006 -11"><span class='ocrx_word' id='word_1_465' title='bbox 109 3348 185 3378; x_wconf 69' lang='lat' dir='ltr'>na.</span> <span class='ocrx_word' id='word_1_466' title='bbox 231 3337 338 3377; x_wconf 59' lang='lat' dir='ltr'>Bam·</span> <span class='ocrx_word' id='word_1_467' title='bbox 360 3338 522 3379; x_wconf 69' lang='lat' dir='ltr'>Sanctus</span> <span class='ocrx_word' id='word_1_468' title='bbox 549 3340 715 3380; x_wconf 81' lang='lat' dir='ltr'>Irenaeus</span> <span class='ocrx_word' id='word_1_469' title='bbox 742 3342 831 3385; x_wconf 85' lang='lat' dir='ltr'>Lib.</span> <span class='ocrx_word' id='word_1_470' title='bbox 859 3343 910 3384; x_wconf 84' lang='lat' dir='ltr'>V.</span> <span class='ocrx_word' id='word_1_471' title='bbox 940 3344 1030 3386; x_wconf 67' lang='lat' dir='ltr'>adr.</span> <span class='ocrx_word' id='word_1_472' title='bbox 1059 3343 1219 3383; x_wconf 82' lang='lat' dir='ltr'>Haeres.</span> 
     </span>
    </p>
   </div>
   <div class='ocr_carea' id='block_1_9' title="bbox 1285 214 2417 3335">
    <p class='ocr_par' dir='ltr' id='par_1_14' title="bbox 1291 214 2416 1379">
     <span class='ocr_line' id='line_1_63' title="bbox 1297 214 2405 267; baseline -0.001 -15"><span class='ocrx_word' id='word_1_473' title='bbox 1297 228 1381 266; x_wconf 80' lang='lat' dir='ltr'>cap.</span> <span class='ocrx_word' id='word_1_474' title='bbox 1418 214 1476 258; x_wconf 70' lang='lat'>¹4·</span> <span class='ocrx_word' id='word_1_475' title='bbox 1507 214 1548 252; x_wconf 84' lang='lat' dir='ltr'>Si</span> <span class='ocrx_word' id='word_1_476' title='bbox 1576 229 1657 252; x_wconf 76' lang='lat' dir='ltr'>non</span> <span class='ocrx_word' id='word_1_477' title='bbox 1687 214 1871 262; x_wconf 78' lang='lat' dir='ltr'>haberet,</span> <span class='ocrx_word' id='word_1_478' title='bbox 1902 214 2058 267; x_wconf 71' lang='lat' dir='ltr'>inquit,</span> <span class='ocrx_word' id='word_1_479' title='bbox 2100 225 2197 252; x_wconf 89' lang='lat' dir='ltr'>caro</span> <span class='ocrx_word' id='word_1_480' title='bbox 2223 214 2373 252; x_wconf 71' lang='lat' dir='ltr'>salvari</span> <span class='ocrx_word' id='word_1_481' title='bbox 2393 244 2405 262; x_wconf 90' lang='lat'><strong><em>‚</em></strong></span> 
     </span>
     <span class='ocr_line' id='line_1_64' title="bbox 1297 267 2405 318; baseline -0.001 -14"><span class='ocrx_word' id='word_1_482' title='bbox 1297 280 1554 318; x_wconf 79' lang='lat' dir='ltr'>nequaquam</span> <span class='ocrx_word' id='word_1_483' title='bbox 1588 267 1757 306; x_wconf 74' lang='lat' dir='ltr'>Verbum</span> <span class='ocrx_word' id='word_1_484' title='bbox 1788 268 1862 305; x_wconf 80' lang='lat' dir='ltr'>Hei</span> <span class='ocrx_word' id='word_1_485' title='bbox 1892 280 1987 304; x_wconf 83' lang='lat' dir='ltr'>caro</span> <span class='ocrx_word' id='word_1_486' title='bbox 2005 267 2171 317; x_wconf 21' lang='lat' dir='ltr'>„suctum</span> <span class='ocrx_word' id='word_1_487' title='bbox 2199 277 2322 305; x_wconf 82' lang='lat' dir='ltr'>esset.</span> <span class='ocrx_word' id='word_1_488' title='bbox 2352 270 2405 303; x_wconf 80' lang='lat'>0-</span> 
     </span>
     <span class='ocr_line' id='line_1_65' title="bbox 1297 319 2405 372; baseline -0.002 -14"><span class='ocrx_word' id='word_1_489' title='bbox 1297 321 1442 372; x_wconf 80' lang='lat' dir='ltr'>rigeues</span> <span class='ocrx_word' id='word_1_490' title='bbox 1474 320 1616 359; x_wconf 82' lang='lat' dir='ltr'>llornil.</span> <span class='ocrx_word' id='word_1_491' title='bbox 1648 321 1796 359; x_wconf 80' lang='lat' dir='ltr'><strong>XXIV.</strong></span> <span class='ocrx_word' id='word_1_492' title='bbox 1825 323 1862 359; x_wconf 85' lang='lat' dir='ltr'>iu</span> <span class='ocrx_word' id='word_1_493' title='bbox 1893 321 2100 358; x_wconf 75' lang='lat' dir='ltr'>Numeros:</span> <span class='ocrx_word' id='word_1_494' title='bbox 2130 320 2170 358; x_wconf 88' lang='lat' dir='ltr'>Si</span> <span class='ocrx_word' id='word_1_495' title='bbox 2200 319 2405 371; x_wconf 79' lang='lat' dir='ltr'>nonsuis-</span> 
     </span>
     <span class='ocr_line' id='line_1_66' title="bbox 1297 372 2409 425; baseline 0 -16"><span class='ocrx_word' id='word_1_496' title='bbox 1297 381 1357 410; x_wconf 83' lang='lat' dir='ltr'>set</span> <span class='ocrx_word' id='word_1_497' title='bbox 1392 383 1624 422; x_wconf 74' lang='lat' dir='ltr'>peccatum,</span> <span class='ocrx_word' id='word_1_498' title='bbox 1668 387 1747 411; x_wconf 86' lang='lat' dir='ltr'>non</span> <span class='ocrx_word' id='word_1_499' title='bbox 1789 387 1950 411; x_wconf 59' lang='lat' dir='ltr'>necesse</span> <span class='ocrx_word' id='word_1_500' title='bbox 1981 374 2126 425; x_wconf 80' lang='lat' dir='ltr'>suerat</span> <span class='ocrx_word' id='word_1_501' title='bbox 2156 372 2296 410; x_wconf 80' lang='lat' dir='ltr'>Filium</span> <span class='ocrx_word' id='word_1_502' title='bbox 2327 373 2409 410; x_wconf 67' lang='lat' dir='ltr'>Dei</span> 
     </span>
     <span class='ocr_line' id='line_1_67' title="bbox 1296 426 2403 478; baseline 0.002 -16"><span class='ocrx_word' id='word_1_503' title='bbox 1296 438 1450 477; x_wconf 77' lang='lat' dir='ltr'>agnum</span> <span class='ocrx_word' id='word_1_504' title='bbox 1465 426 1596 478; x_wconf 75' lang='lat' dir='ltr'>fieri;</span> <span class='ocrx_word' id='word_1_505' title='bbox 1641 439 1712 464; x_wconf 85' lang='lat' dir='ltr'>nec</span> <span class='ocrx_word' id='word_1_506' title='bbox 1740 440 1833 476; x_wconf 87' lang='lat' dir='ltr'>opus</span> <span class='ocrx_word' id='word_1_507' title='bbox 1863 427 2009 477; x_wconf 72' lang='lat' dir='ltr'>suerat</span> <span class='ocrx_word' id='word_1_508' title='bbox 2030 457 2040 475; x_wconf 91' lang='lat'>,</span> <span class='ocrx_word' id='word_1_509' title='bbox 2088 440 2180 463; x_wconf 85' lang='lat' dir='ltr'>eum</span> <span class='ocrx_word' id='word_1_510' title='bbox 2208 431 2247 462; x_wconf 78' lang='lat' dir='ltr'>iu.</span> <span class='ocrx_word' id='word_1_511' title='bbox 2278 439 2403 464; x_wconf 58' lang='lat' dir='ltr'>carne</span> 
     </span>
     <span class='ocr_line' id='line_1_68' title="bbox 1294 479 2403 532; baseline 0 -17"><span class='ocrx_word' id='word_1_512' title='bbox 1294 483 1463 529; x_wconf 82' lang='lat' dir='ltr'>positum</span> <span class='ocrx_word' id='word_1_513' title='bbox 1496 479 1702 532; x_wconf 79' lang='lat' dir='ltr'>jugulari,</span> <span class='ocrx_word' id='word_1_514' title='bbox 1744 479 1814 517; x_wconf 64' lang='lat' dir='ltr'>sed</span> <span class='ocrx_word' id='word_1_515' title='bbox 1843 485 2055 518; x_wconf 70' lang='lat' dir='ltr'>mansisset</span> <span class='ocrx_word' id='word_1_516' title='bbox 2086 479 2184 526; x_wconf 76' lang='lat' dir='ltr'>hoc,</span> <span class='ocrx_word' id='word_1_517' title='bbox 2232 479 2332 529; x_wconf 66' lang='lat' dir='ltr'>quod</span> <span class='ocrx_word' id='word_1_518' title='bbox 2361 485 2403 516; x_wconf 81' lang='lat' dir='ltr'>iu.</span> 
     </span>
     <span class='ocr_line' id='line_1_69' title="bbox 1293 531 2402 582; baseline 0.001 -14"><span class='ocrx_word' id='word_1_519' title='bbox 1293 535 1484 582; x_wconf 81' lang='lat' dir='ltr'>principio</span> <span class='ocrx_word' id='word_1_520' title='bbox 1511 541 1597 569; x_wconf 83' lang='lat' dir='ltr'>erat</span> <span class='ocrx_word' id='word_1_521' title='bbox 1629 531 1740 570; x_wconf 85' lang='lat' dir='ltr'>Deus</span> <span class='ocrx_word' id='word_1_522' title='bbox 1772 531 1962 571; x_wconf 78' lang='lat' dir='ltr'>Verbum.</span> <span class='ocrx_word' id='word_1_523' title='bbox 1991 533 2132 571; x_wconf 79' lang='lat' dir='ltr'>Pariter</span> <span class='ocrx_word' id='word_1_524' title='bbox 2162 531 2321 570; x_wconf 82' lang='lat' dir='ltr'>Sanctus</span> <span class='ocrx_word' id='word_1_525' title='bbox 2351 533 2402 569; x_wconf 75' lang='lat' dir='ltr'>A·</span> 
     </span>
     <span class='ocr_line' id='line_1_70' title="bbox 1294 583 2405 632; baseline -0.001 -10"><span class='ocrx_word' id='word_1_526' title='bbox 1294 584 1484 623; x_wconf 76' lang='lat' dir='ltr'>tliauasius</span> <span class='ocrx_word' id='word_1_527' title='bbox 1506 585 1618 626; x_wconf 74' lang='lat' dir='ltr'>Orat.</span> <span class='ocrx_word' id='word_1_528' title='bbox 1650 586 1716 622; x_wconf 86' lang='lat' dir='ltr'>lll.</span> <span class='ocrx_word' id='word_1_529' title='bbox 1745 595 1844 623; x_wconf 88' lang='lat' dir='ltr'>cont.</span> <span class='ocrx_word' id='word_1_530' title='bbox 1875 585 2048 624; x_wconf 71' lang='lat' dir='ltr'>Arianos:</span> <span class='ocrx_word' id='word_1_531' title='bbox 2080 583 2315 632; x_wconf 66' lang='lat' dir='ltr'>Humanae,</span> <span class='ocrx_word' id='word_1_532' title='bbox 2347 586 2405 622; x_wconf 87' lang='lat' dir='ltr'>iu-</span> 
     </span>
     <span class='ocr_line' id='line_1_71' title="bbox 1293 637 2409 689; baseline -0.001 -14"><span class='ocrx_word' id='word_1_533' title='bbox 1293 639 1401 689; x_wconf 80' lang='lat' dir='ltr'>quit,</span> <span class='ocrx_word' id='word_1_534' title='bbox 1446 647 1606 676; x_wconf 77' lang='lat' dir='ltr'>naturae</span> <span class='ocrx_word' id='word_1_535' title='bbox 1635 642 1922 688; x_wconf 75' lang='lat' dir='ltr'>susceptionem</span> <span class='ocrx_word' id='word_1_536' title='bbox 1964 637 2160 676; x_wconf 73' lang='lat' dir='ltr'>antecedit</span> <span class='ocrx_word' id='word_1_537' title='bbox 2198 637 2409 676; x_wconf 79' lang='lat' dir='ltr'>hominum</span> 
     </span>
     <span class='ocr_line' id='line_1_72' title="bbox 1292 689 2405 742; baseline -0.001 -14"><span class='ocrx_word' id='word_1_538' title='bbox 1292 695 1512 729; x_wconf 72' lang='lat' dir='ltr'>necessitas</span> <span class='ocrx_word' id='word_1_539' title='bbox 1533 722 1543 739; x_wconf 92' lang='lat'>,</span> <span class='ocrx_word' id='word_1_540' title='bbox 1573 695 1658 729; x_wconf 82' lang='lat' dir='ltr'>sine</span> <span class='ocrx_word' id='word_1_541' title='bbox 1686 705 1765 742; x_wconf 84' lang='lat' dir='ltr'>qua</span> <span class='ocrx_word' id='word_1_542' title='bbox 1793 704 1962 729; x_wconf 85' lang='lat' dir='ltr'>carnem</span> <span class='ocrx_word' id='word_1_543' title='bbox 1991 704 2069 727; x_wconf 83' lang='lat' dir='ltr'>non</span> <span class='ocrx_word' id='word_1_544' title='bbox 2099 691 2311 729; x_wconf 65' lang='lat' dir='ltr'>induisset.</span> <span class='ocrx_word' id='word_1_545' title='bbox 2356 689 2405 727; x_wconf 85' lang='lat' dir='ltr'>Et</span> 
     </span>
     <span class='ocr_line' id='line_1_73' title="bbox 1292 743 2414 796; baseline 0.002 -16"><span class='ocrx_word' id='word_1_546' title='bbox 1292 745 1429 781; x_wconf 82' lang='lat' dir='ltr'>iterum</span> <span class='ocrx_word' id='word_1_547' title='bbox 1459 745 1506 782; x_wconf 90' lang='lat' dir='ltr'>de</span> <span class='ocrx_word' id='word_1_548' title='bbox 1533 745 1616 782; x_wconf 88' lang='lat' dir='ltr'>Deo</span> <span class='ocrx_word' id='word_1_549' title='bbox 1644 743 1828 796; x_wconf 76' lang='lat' dir='ltr'>loquens,</span> <span class='ocrx_word' id='word_1_550' title='bbox 1875 743 1987 794; x_wconf 45' lang='lat' dir='ltr'>Quotl</span> <span class='ocrx_word' id='word_1_551' title='bbox 2035 754 2174 781; x_wconf 84' lang='lat' dir='ltr'>autem</span> <span class='ocrx_word' id='word_1_552' title='bbox 2192 774 2202 792; x_wconf 92' lang='lat'>,</span> <span class='ocrx_word' id='word_1_553' title='bbox 2245 744 2371 796; x_wconf 88' lang='lat' dir='ltr'>iuquit</span> <span class='ocrx_word' id='word_1_554' title='bbox 2391 772 2414 790; x_wconf 93' lang='lat'>‚.</span> 
     </span>
     <span class='ocr_line' id='line_1_74' title="bbox 1291 795 2402 849; baseline -0.001 -15"><span class='ocrx_word' id='word_1_555' title='bbox 1291 795 1407 834; x_wconf 78' lang='lat' dir='ltr'>homo</span> <span class='ocrx_word' id='word_1_556' title='bbox 1435 807 1494 835; x_wconf 86' lang='lat' dir='ltr'>est</span> <span class='ocrx_word' id='word_1_557' title='bbox 1509 796 1654 849; x_wconf 82' lang='lat' dir='ltr'>sactus</span> <span class='ocrx_word' id='word_1_558' title='bbox 1671 827 1681 844; x_wconf 91' lang='lat'>,</span> <span class='ocrx_word' id='word_1_559' title='bbox 1723 810 1931 848; x_wconf 81' lang='lat' dir='ltr'>nunquam</span> <span class='ocrx_word' id='word_1_560' title='bbox 1958 797 2191 845; x_wconf 71' lang='lat' dir='ltr'>accidisset,</span> <span class='ocrx_word' id='word_1_561' title='bbox 2235 801 2310 834; x_wconf 83' lang='lat' dir='ltr'>nisi</span> <span class='ocrx_word' id='word_1_562' title='bbox 2337 795 2402 832; x_wconf 76' lang='lat' dir='ltr'>ho-</span> 
     </span>
     <span class='ocr_line' id='line_1_75' title="bbox 1293 849 2404 902; baseline 0.001 -16"><span class='ocrx_word' id='word_1_563' title='bbox 1293 854 1449 888; x_wconf 86' lang='lat' dir='ltr'>minum</span> <span class='ocrx_word' id='word_1_564' title='bbox 1478 855 1696 888; x_wconf 70' lang='lat' dir='ltr'>necessitas</span> <span class='ocrx_word' id='word_1_565' title='bbox 1725 863 1897 888; x_wconf 86' lang='lat' dir='ltr'>causam</span> <span class='ocrx_word' id='word_1_566' title='bbox 1925 850 2150 902; x_wconf 65' lang='lat' dir='ltr'>praebuisset</span> <span class='ocrx_word' id='word_1_567' title='bbox 2169 877 2178 888; x_wconf 93' lang='lat'><strong>.</strong></span> <span class='ocrx_word' id='word_1_568' title='bbox 2211 850 2266 887; x_wconf 82' lang='lat' dir='ltr'>Ac</span> <span class='ocrx_word' id='word_1_569' title='bbox 2294 849 2404 887; x_wconf 87' lang='lat' dir='ltr'>deni·</span> 
     </span>
     <span class='ocr_line' id='line_1_76' title="bbox 1291 902 2399 956; baseline -0.004 -14"><span class='ocrx_word' id='word_1_570' title='bbox 1291 917 1366 956; x_wconf 85' lang='lat' dir='ltr'>que</span> <span class='ocrx_word' id='word_1_571' title='bbox 1395 903 1590 942; x_wconf 86' lang='lat' dir='ltr'>nonnullis</span> <span class='ocrx_word' id='word_1_572' title='bbox 1619 903 1706 942; x_wconf 86' lang='lat' dir='ltr'>aliis</span> <span class='ocrx_word' id='word_1_573' title='bbox 1734 905 1908 950; x_wconf 84' lang='lat' dir='ltr'>omissis,</span> <span class='ocrx_word' id='word_1_574' title='bbox 1938 903 1978 941; x_wconf 90' lang='lat' dir='ltr'>S.</span> <span class='ocrx_word' id='word_1_575' title='bbox 2000 904 2205 954; x_wconf 80' lang='lat' dir='ltr'>Gregorius</span> <span class='ocrx_word' id='word_1_576' title='bbox 2221 902 2399 940; x_wconf 74' lang='lat' dir='ltr'>Nazianz.</span> 
     </span>
     <span class='ocr_line' id='line_1_77' title="bbox 1292 955 2404 1008; baseline -0.003 -14"><span class='ocrx_word' id='word_1_577' title='bbox 1292 957 1396 994; x_wconf 74' lang='lat' dir='ltr'>Orat.</span> <span class='ocrx_word' id='word_1_578' title='bbox 1427 956 1560 995; x_wconf 88' lang='lat' dir='ltr'><strong>XXX.</strong></span> <span class='ocrx_word' id='word_1_579' title='bbox 1591 959 1606 1008; x_wconf 95' lang='lat'>(</span> <span class='ocrx_word' id='word_1_580' title='bbox 1637 957 1730 995; x_wconf 79' lang='lat' dir='ltr'>alias</span> <span class='ocrx_word' id='word_1_581' title='bbox 1759 955 1948 995; x_wconf 83' lang='lat' dir='ltr'><strong>XXXVI.</strong></span> <span class='ocrx_word' id='word_1_582' title='bbox 1978 970 2081 994; x_wconf 89' lang='lat' dir='ltr'>num.</span> <span class='ocrx_word' id='word_1_583' title='bbox 2115 970 2149 994; x_wconf 77' lang='lat'>2.</span> <span class='ocrx_word' id='word_1_584' title='bbox 2181 955 2294 992; x_wconf 81' lang='lat' dir='ltr'>Tum.</span> <span class='ocrx_word' id='word_1_585' title='bbox 2325 955 2355 991; x_wconf 90' lang='lat'>1.</span> <span class='ocrx_word' id='word_1_586' title='bbox 2388 955 2404 1001; x_wconf 90' lang='lat'><strong>)</strong></span> 
     </span>
     <span class='ocr_line' id='line_1_78' title="bbox 1297 1008 2404 1060; baseline -0.003 -14"><span class='ocrx_word' id='word_1_587' title='bbox 1297 1008 1397 1060; x_wconf 81' lang='lat' dir='ltr'>Quce</span> <span class='ocrx_word' id='word_1_588' title='bbox 1425 1019 1561 1047; x_wconf 84' lang='lat' dir='ltr'>autem</span> <span class='ocrx_word' id='word_1_589' title='bbox 1583 1040 1593 1059; x_wconf 95' lang='lat'>,</span> <span class='ocrx_word' id='word_1_590' title='bbox 1641 1011 1721 1058; x_wconf 81' lang='lat' dir='ltr'>ait,</span> <span class='ocrx_word' id='word_1_591' title='bbox 1768 1009 2031 1047; x_wconf 77' lang='lat' dir='ltr'>humanitatis</span> <span class='ocrx_word' id='word_1_592' title='bbox 2060 1022 2087 1046; x_wconf 87' lang='lat' dir='ltr'>a</span> <span class='ocrx_word' id='word_1_593' title='bbox 2118 1008 2204 1046; x_wconf 86' lang='lat' dir='ltr'>Deo</span> <span class='ocrx_word' id='word_1_594' title='bbox 2243 1015 2404 1059; x_wconf 84' lang='lat' dir='ltr'>propter</span> 
     </span>
     <span class='ocr_line' id='line_1_79' title="bbox 1291 1058 2413 1113; baseline -0.001 -14"><span class='ocrx_word' id='word_1_595' title='bbox 1291 1076 1366 1100; x_wconf 79' lang='lat' dir='ltr'>nos</span> <span class='ocrx_word' id='word_1_596' title='bbox 1394 1072 1588 1113; x_wconf 83' lang='lat' dir='ltr'>susceptae</span> <span class='ocrx_word' id='word_1_597' title='bbox 1617 1076 1743 1101; x_wconf 85' lang='lat' dir='ltr'>causa</span> <span class='ocrx_word' id='word_1_598' title='bbox 1786 1061 1959 1100; x_wconf 70' lang='lat' dir='ltr'>extitit?</span> <span class='ocrx_word' id='word_1_599' title='bbox 2001 1061 2184 1112; x_wconf 74' lang='lat' dir='ltr'>Profecto</span> <span class='ocrx_word' id='word_1_600' title='bbox 2227 1069 2267 1098; x_wconf 87' lang='lat' dir='ltr'>ut</span> <span class='ocrx_word' id='word_1_601' title='bbox 2296 1058 2413 1098; x_wconf 76' lang='lat' dir='ltr'>nobis.</span> 
     </span>
     <span class='ocr_line' id='line_1_80' title="bbox 1293 1111 2404 1167; baseline -0.002 -15"><span class='ocrx_word' id='word_1_602' title='bbox 1293 1117 1402 1153; x_wconf 81' lang='lat' dir='ltr'>salus</span> <span class='ocrx_word' id='word_1_603' title='bbox 1430 1125 1666 1167; x_wconf 82' lang='lat' dir='ltr'>pararetur.</span> <span class='ocrx_word' id='word_1_604' title='bbox 1710 1115 1812 1166; x_wconf 69' lang='lat' dir='ltr'>Quid</span> <span class='ocrx_word' id='word_1_605' title='bbox 1841 1119 1948 1153; x_wconf 82' lang='lat' dir='ltr'>enim</span> <span class='ocrx_word' id='word_1_606' title='bbox 1979 1115 2087 1153; x_wconf 74' lang='lat' dir='ltr'>aliud</span> <span class='ocrx_word' id='word_1_607' title='bbox 2116 1127 2253 1152; x_wconf 79' lang='lat' dir='ltr'>causae</span> <span class='ocrx_word' id='word_1_608' title='bbox 2281 1111 2404 1161; x_wconf 81' lang='lat' dir='ltr'>affer-</span> 
     </span>
     <span class='ocr_line' id='line_1_81' title="bbox 1293 1167 2416 1219; baseline -0.004 -13"><span class='ocrx_word' id='word_1_609' title='bbox 1293 1173 1327 1205; x_wconf 90' lang='lat' dir='ltr'>ri</span> <span class='ocrx_word' id='word_1_610' title='bbox 1363 1168 1519 1219; x_wconf 80' lang='lat' dir='ltr'>possit?</span> <span class='ocrx_word' id='word_1_611' title='bbox 1566 1170 1805 1206; x_wconf 78' lang='lat' dir='ltr'>Omitteudus</span> <span class='ocrx_word' id='word_1_612' title='bbox 1847 1178 1972 1206; x_wconf 86' lang='lat' dir='ltr'>tamen</span> <span class='ocrx_word' id='word_1_613' title='bbox 2018 1182 2096 1206; x_wconf 84' lang='lat' dir='ltr'>non</span> <span class='ocrx_word' id='word_1_614' title='bbox 2123 1177 2172 1204; x_wconf 86' lang='lat' dir='ltr'>est</span> <span class='ocrx_word' id='word_1_615' title='bbox 2202 1168 2241 1205; x_wconf 90' lang='lat' dir='ltr'>S.</span> <span class='ocrx_word' id='word_1_616' title='bbox 2271 1167 2416 1204; x_wconf 61' lang='lat' dir='ltr'>Joanu-</span> 
     </span>
     <span class='ocr_line' id='line_1_82' title="bbox 1292 1219 2405 1274; baseline -0.004 -15"><span class='ocrx_word' id='word_1_617' title='bbox 1292 1222 1582 1274; x_wconf 78' lang='lat' dir='ltr'>Chrysostomus</span> <span class='ocrx_word' id='word_1_618' title='bbox 1602 1252 1612 1269; x_wconf 92' lang='lat'>,</span> <span class='ocrx_word' id='word_1_619' title='bbox 1640 1224 1707 1273; x_wconf 89' lang='lat' dir='ltr'>qui</span> <span class='ocrx_word' id='word_1_620' title='bbox 1732 1222 1844 1259; x_wconf 89' lang='lat' dir='ltr'>Hom.</span> <span class='ocrx_word' id='word_1_621' title='bbox 1867 1220 2017 1260; x_wconf 80' lang='lat' dir='ltr'><strong>XXXI.</strong></span> <span class='ocrx_word' id='word_1_622' title='bbox 2038 1223 2077 1257; x_wconf 88' lang='lat' dir='ltr'>iu</span> <span class='ocrx_word' id='word_1_623' title='bbox 2099 1219 2234 1258; x_wconf 67' lang='lat' dir='ltr'>Mutth.</span> <span class='ocrx_word' id='word_1_624' title='bbox 2255 1220 2301 1258; x_wconf 83' lang='lat' dir='ltr'>de</span> <span class='ocrx_word' id='word_1_625' title='bbox 2325 1219 2405 1256; x_wconf 89' lang='lat' dir='ltr'>Deo</span> 
     </span>
     <span class='ocr_line' id='line_1_83' title="bbox 1294 1272 2415 1327; baseline -0.004 -15"><span class='ocrx_word' id='word_1_626' title='bbox 1294 1274 1447 1313; x_wconf 83' lang='lat' dir='ltr'>homine</span> <span class='ocrx_word' id='word_1_627' title='bbox 1477 1276 1602 1327; x_wconf 86' lang='lat' dir='ltr'>inquit</span> <span class='ocrx_word' id='word_1_628' title='bbox 1620 1305 1630 1323; x_wconf 84' lang='lat'>,</span> <span class='ocrx_word' id='word_1_629' title='bbox 1661 1273 1763 1313; x_wconf 79' lang='lat' dir='ltr'>adeo</span> <span class='ocrx_word' id='word_1_630' title='bbox 1780 1275 1915 1325; x_wconf 84' lang='lat' dir='ltr'>procul</span> <span class='ocrx_word' id='word_1_631' title='bbox 1944 1272 2055 1310; x_wconf 80' lang='lat' dir='ltr'>abest</span> <span class='ocrx_word' id='word_1_632' title='bbox 2072 1303 2082 1320; x_wconf 87' lang='lat'>‚</span> <span class='ocrx_word' id='word_1_633' title='bbox 2111 1280 2338 1322; x_wconf 73' lang='lat' dir='ltr'>peccatores</span> <span class='ocrx_word' id='word_1_634' title='bbox 2358 1284 2415 1308; x_wconf 78' lang='grc' dir='ltr'>α·-</span> 
     </span>
     <span class='ocr_line' id='line_1_84' title="bbox 1294 1325 2315 1379; baseline -0.003 -14"><span class='ocrx_word' id='word_1_635' title='bbox 1294 1326 1538 1376; x_wconf 63' lang='lat' dir='ltr'>imminetur,</span> <span class='ocrx_word' id='word_1_636' title='bbox 1571 1337 1610 1365; x_wconf 86' lang='lat' dir='ltr'>ut</span> <span class='ocrx_word' id='word_1_637' title='bbox 1638 1337 1796 1379; x_wconf 85' lang='lat' dir='ltr'>propter</span> <span class='ocrx_word' id='word_1_638' title='bbox 1825 1331 1926 1377; x_wconf 84' lang='lat' dir='ltr'>ipsos</span> <span class='ocrx_word' id='word_1_639' title='bbox 1956 1327 2058 1364; x_wconf 87' lang='lat' dir='ltr'>solos</span> <span class='ocrx_word' id='word_1_640' title='bbox 2086 1325 2288 1365; x_wconf 75' lang='lat' dir='ltr'>advenerit</span> <span class='ocrx_word' id='word_1_641' title='bbox 2305 1351 2315 1363; x_wconf 91' lang='lat'><strong>.</strong></span> 
     </span>
    </p>

    <p class='ocr_par' dir='ltr' id='par_1_15' title="bbox 1289 1377 2417 1960">
     <span class='ocr_line' id='line_1_85' title="bbox 1350 1377 2416 1431; baseline -0.004 -12"><span class='ocrx_word' id='word_1_642' title='bbox 1350 1382 1413 1431; x_wconf 74' lang='grc'>74.</span> <span class='ocrx_word' id='word_1_643' title='bbox 1443 1382 1539 1419; x_wconf 80' lang='lat' dir='ltr'>Haec</span> <span class='ocrx_word' id='word_1_644' title='bbox 1561 1411 1572 1430; x_wconf 95' lang='lat'>,</span> <span class='ocrx_word' id='word_1_645' title='bbox 1602 1381 1638 1418; x_wconf 86' lang='lat'>&amp;</span> <span class='ocrx_word' id='word_1_646' title='bbox 1664 1381 1740 1419; x_wconf 79' lang='lat' dir='ltr'>alia</span> <span class='ocrx_word' id='word_1_647' title='bbox 1769 1381 1896 1419; x_wconf 77' lang='lat' dir='ltr'>sanct.</span> <span class='ocrx_word' id='word_1_648' title='bbox 1925 1379 2079 1417; x_wconf 76' lang='lat' dir='ltr'>Panum</span> <span class='ocrx_word' id='word_1_649' title='bbox 2109 1377 2249 1426; x_wconf 81' lang='lat' dir='ltr'>verba,</span> <span class='ocrx_word' id='word_1_650' title='bbox 2279 1379 2310 1416; x_wconf 89' lang='lat' dir='ltr'>si</span> <span class='ocrx_word' id='word_1_651' title='bbox 2340 1377 2416 1416; x_wconf 65' lang='lat' dir='ltr'>he-⁴</span> 
     </span>
     <span class='ocr_line' id='line_1_86' title="bbox 1294 1431 2414 1486; baseline -0.004 -14"><span class='ocrx_word' id='word_1_652' title='bbox 1294 1448 1339 1472; x_wconf 83' lang='lat' dir='ltr'>ne</span> <span class='ocrx_word' id='word_1_653' title='bbox 1370 1435 1651 1486; x_wconf 83' lang='lat' dir='ltr'>perpendantur</span> <span class='ocrx_word' id='word_1_654' title='bbox 1673 1464 1684 1482; x_wconf 93' lang='lat'>,</span> <span class='ocrx_word' id='word_1_655' title='bbox 1722 1433 1848 1471; x_wconf 89' lang='lat' dir='ltr'>nullus</span> <span class='ocrx_word' id='word_1_656' title='bbox 1877 1431 2042 1484; x_wconf 86' lang='lat' dir='ltr'>amplius</span> <span class='ocrx_word' id='word_1_657' title='bbox 2072 1433 2141 1469; x_wconf 87' lang='lat' dir='ltr'>erit</span> <span class='ocrx_word' id='word_1_658' title='bbox 2171 1431 2230 1470; x_wconf 84' lang='lat' dir='ltr'>illi</span> <span class='ocrx_word' id='word_1_659' title='bbox 2259 1431 2414 1469; x_wconf 57' lang='lat' dir='ltr'>Adver«</span> 
     </span>
     <span class='ocr_line' id='line_1_87' title="bbox 1295 1483 2417 1539; baseline -0.003 -16"><span class='ocrx_word' id='word_1_660' title='bbox 1295 1490 1481 1524; x_wconf 78' lang='lat' dir='ltr'>sariorum</span> <span class='ocrx_word' id='word_1_661' title='bbox 1511 1489 1723 1539; x_wconf 85' lang='lat' dir='ltr'>exceptioni</span> <span class='ocrx_word' id='word_1_662' title='bbox 1769 1485 1894 1523; x_wconf 84' lang='lat' dir='ltr'>locus:</span> <span class='ocrx_word' id='word_1_663' title='bbox 1938 1499 2016 1537; x_wconf 79' lang='lat' dir='ltr'>qua</span> <span class='ocrx_word' id='word_1_664' title='bbox 2043 1485 2206 1532; x_wconf 86' lang='lat' dir='ltr'>dicunt,</span> <span class='ocrx_word' id='word_1_665' title='bbox 2248 1483 2417 1521; x_wconf 56' lang='lat' dir='ltr'>sanctos«</span> 
     </span>
     <span class='ocr_line' id='line_1_88' title="bbox 1295 1537 2406 1584; baseline -0.003 -8"><span class='ocrx_word' id='word_1_666' title='bbox 1295 1539 1420 1577; x_wconf 79' lang='lat' dir='ltr'>Patres</span> <span class='ocrx_word' id='word_1_667' title='bbox 1449 1542 1486 1578; x_wconf 86' lang='lat' dir='ltr'>id</span> <span class='ocrx_word' id='word_1_668' title='bbox 1517 1540 1754 1577; x_wconf 81' lang='lat' dir='ltr'>solummodo</span> <span class='ocrx_word' id='word_1_669' title='bbox 1784 1539 1983 1577; x_wconf 81' lang='lat' dir='ltr'>intendisse</span> <span class='ocrx_word' id='word_1_670' title='bbox 2012 1538 2143 1575; x_wconf 90' lang='lat' dir='ltr'>docere</span> <span class='ocrx_word' id='word_1_671' title='bbox 2165 1567 2176 1584; x_wconf 92' lang='lat'>,</span> <span class='ocrx_word' id='word_1_672' title='bbox 2218 1549 2294 1574; x_wconf 90' lang='lat' dir='ltr'>non</span> <span class='ocrx_word' id='word_1_673' title='bbox 2325 1537 2406 1573; x_wconf 84' lang='lat' dir='ltr'>exi·</span> 
     </span>
     <span class='ocr_line' id='line_1_89' title="bbox 1293 1589 2405 1643; baseline -0.003 -14"><span class='ocrx_word' id='word_1_674' title='bbox 1293 1601 1410 1629; x_wconf 86' lang='lat' dir='ltr'>steute</span> <span class='ocrx_word' id='word_1_675' title='bbox 1438 1603 1592 1643; x_wconf 77' lang='lat' dir='ltr'>peccato</span> <span class='ocrx_word' id='word_1_676' title='bbox 1623 1594 1789 1630; x_wconf 78' lang='lat' dir='ltr'>futuram</span> <span class='ocrx_word' id='word_1_677' title='bbox 1820 1606 1890 1630; x_wconf 83' lang='lat' dir='ltr'>non</span> <span class='ocrx_word' id='word_1_678' title='bbox 1921 1592 2034 1629; x_wconf 79' lang='lat' dir='ltr'>fuisse</span> <span class='ocrx_word' id='word_1_679' title='bbox 2061 1591 2149 1628; x_wconf 88' lang='lat' dir='ltr'>Jesu</span> <span class='ocrx_word' id='word_1_680' title='bbox 2164 1589 2303 1627; x_wconf 84' lang='lat' dir='ltr'>Christi</span> <span class='ocrx_word' id='word_1_681' title='bbox 2322 1603 2405 1641; x_wconf 79' lang='lat' dir='ltr'>pas-</span> 
     </span>
     <span class='ocr_line' id='line_1_90' title="bbox 1293 1642 2412 1697; baseline 0 -17"><span class='ocrx_word' id='word_1_682' title='bbox 1293 1645 1463 1692; x_wconf 86' lang='lat' dir='ltr'>sionem,</span> <span class='ocrx_word' id='word_1_683' title='bbox 1507 1645 1542 1679; x_wconf 85' lang='lat'>&amp;-</span> <span class='ocrx_word' id='word_1_684' title='bbox 1571 1654 1756 1692; x_wconf 80' lang='lat' dir='ltr'>mortem,</span> <span class='ocrx_word' id='word_1_685' title='bbox 1799 1659 1876 1697; x_wconf 83' lang='lat' dir='ltr'>qua</span> <span class='ocrx_word' id='word_1_686' title='bbox 1905 1657 1974 1695; x_wconf 84' lang='lat' dir='ltr'>pro</span> <span class='ocrx_word' id='word_1_687' title='bbox 2001 1644 2136 1681; x_wconf 86' lang='lat' dir='ltr'>nostris</span> <span class='ocrx_word' id='word_1_688' title='bbox 2165 1642 2292 1694; x_wconf 85' lang='lat' dir='ltr'>culpis</span> <span class='ocrx_word' id='word_1_689' title='bbox 2317 1643 2412 1680; x_wconf 79' lang='lat' dir='ltr'>sati--</span> 
     </span>
     <span class='ocr_line' id='line_1_91' title="bbox 1292 1696 2413 1744; baseline -0.002 -11"><span class='ocrx_word' id='word_1_690' title='bbox 1292 1696 1400 1734; x_wconf 81' lang='lat' dir='ltr'>sfecit</span> <span class='ocrx_word' id='word_1_691' title='bbox 1422 1726 1433 1744; x_wconf 92' lang='lat'>,</span> <span class='ocrx_word' id='word_1_692' title='bbox 1465 1698 1633 1734; x_wconf 81' lang='lat' dir='ltr'>futuram</span> <span class='ocrx_word' id='word_1_693' title='bbox 1662 1706 1788 1734; x_wconf 79' lang='lat' dir='ltr'>tamen</span> <span class='ocrx_word' id='word_1_694' title='bbox 1818 1699 1933 1734; x_wconf 82' lang='lat' dir='ltr'>fuisse</span> <span class='ocrx_word' id='word_1_695' title='bbox 1949 1696 2195 1732; x_wconf 75' lang='lat' dir='ltr'>Dominicam</span> <span class='ocrx_word' id='word_1_696' title='bbox 2226 1696 2413 1732; x_wconf 71' lang='lat' dir='ltr'>incarna-</span> 
     </span>
     <span class='ocr_line' id='line_1_92' title="bbox 1292 1746 2406 1800; baseline -0.002 -14"><span class='ocrx_word' id='word_1_697' title='bbox 1292 1750 1434 1787; x_wconf 83' lang='lat' dir='ltr'>tionem</span> <span class='ocrx_word' id='word_1_698' title='bbox 1463 1749 1511 1787; x_wconf 86' lang='lat' dir='ltr'>ad</span> <span class='ocrx_word' id='word_1_699' title='bbox 1541 1750 1636 1788; x_wconf 89' lang='lat' dir='ltr'>alios</span> <span class='ocrx_word' id='word_1_700' title='bbox 1665 1750 1971 1800; x_wconf 81' lang='lat' dir='ltr'>sapientissimos.</span> <span class='ocrx_word' id='word_1_701' title='bbox 1989 1748 2135 1785; x_wconf 80' lang='lat' dir='ltr'>diviuae</span> <span class='ocrx_word' id='word_1_702' title='bbox 2152 1746 2406 1784; x_wconf 65' lang='lat' dir='ltr'>Providentia!</span> 
     </span>
     <span class='ocr_line' id='line_1_93' title="bbox 1295 1801 2417 1848; baseline -0.003 -8"><span class='ocrx_word' id='word_1_703' title='bbox 1295 1801 1416 1848; x_wconf 77' lang='lat' dir='ltr'>fiues3</span> <span class='ocrx_word' id='word_1_704' title='bbox 1460 1817 1522 1840; x_wconf 85' lang='lat' dir='ltr'>seu</span> <span class='ocrx_word' id='word_1_705' title='bbox 1553 1801 1754 1841; x_wconf 82' lang='lat' dir='ltr'>Christum·</span> <span class='ocrx_word' id='word_1_706' title='bbox 1775 1816 1850 1840; x_wconf 91' lang='lat' dir='ltr'>non</span> <span class='ocrx_word' id='word_1_707' title='bbox 1881 1801 1995 1838; x_wconf 83' lang='lat' dir='ltr'>fuisse</span> <span class='ocrx_word' id='word_1_708' title='bbox 2023 1808 2228 1838; x_wconf 85' lang='lat' dir='ltr'>venturum</span> <span class='ocrx_word' id='word_1_709' title='bbox 2259 1801 2296 1838; x_wconf 90' lang='lat' dir='ltr'>in</span> <span class='ocrx_word' id='word_1_710' title='bbox 2324 1813 2417 1838; x_wconf 78' lang='lat' dir='ltr'>car--</span> 
     </span>
     <span class='ocr_line' id='line_1_94' title="bbox 1290 1855 2405 1906; baseline -0.002 -13"><span class='ocrx_word' id='word_1_711' title='bbox 1290 1855 1567 1906; x_wconf 76' lang='lat' dir='ltr'>xie-passibili,</span> <span class='ocrx_word' id='word_1_712' title='bbox 1596 1856 1646 1896; x_wconf 61' lang='grc' dir='ltr'>Φ·</span> <span class='ocrx_word' id='word_1_713' title='bbox 1667 1855 1850 1902; x_wconf 76' lang='lat' dir='ltr'>mortali,</span> <span class='ocrx_word' id='word_1_714' title='bbox 1879 1861 2083 1892; x_wconf 87' lang='lat' dir='ltr'>venturum</span> <span class='ocrx_word' id='word_1_715' title='bbox 2113 1861 2237 1891; x_wconf 85' lang='lat' dir='ltr'>tamen</span> <span class='ocrx_word' id='word_1_716' title='bbox 2268 1855 2308 1891; x_wconf 90' lang='lat' dir='ltr'>in</span> <span class='ocrx_word' id='word_1_717' title='bbox 2322 1867 2405 1891; x_wconf 84' lang='lat' dir='ltr'>car—</span> 
     </span>
     <span class='ocr_line' id='line_1_95' title="bbox 1289 1906 1976 1960; baseline -0.003 -13"><span class='ocrx_word' id='word_1_718' title='bbox 1289 1922 1337 1947; x_wconf 88' lang='lat' dir='ltr'>ne</span> <span class='ocrx_word' id='word_1_719' title='bbox 1366 1909 1607 1957; x_wconf 79' lang='lat' dir='ltr'>immortali,</span> <span class='ocrx_word' id='word_1_720' title='bbox 1637 1909 1686 1949; x_wconf 66' lang='lat'>(9¹</span> <span class='ocrx_word' id='word_1_721' title='bbox 1715 1906 1976 1960; x_wconf 78' lang='lat' dir='ltr'>impassibili.</span> 
     </span>
    </p>

    <p class='ocr_par' dir='ltr' id='par_1_16' title="bbox 1285 1958 2417 2491">
     <span class='ocr_line' id='line_1_96' title="bbox 1347 1958 2417 2014; baseline -0.006 -13"><span class='ocrx_word' id='word_1_722' title='bbox 1347 1963 1410 2014; x_wconf 84' lang='lat'>75.</span> <span class='ocrx_word' id='word_1_723' title='bbox 1439 1963 1580 2000; x_wconf 86' lang='lat' dir='ltr'>Nullus</span> <span class='ocrx_word' id='word_1_724' title='bbox 1609 1963 1768 2013; x_wconf 77' lang='lat' dir='ltr'>inquam</span> <span class='ocrx_word' id='word_1_725' title='bbox 1798 1970 1850 1999; x_wconf 89' lang='lat' dir='ltr'>est</span> <span class='ocrx_word' id='word_1_726' title='bbox 1880 1960 1968 1998; x_wconf 87' lang='lat' dir='ltr'>huic</span> <span class='ocrx_word' id='word_1_727' title='bbox 2016 1960 2226 2010; x_wconf 80' lang='lat' dir='ltr'>exceptioni</span> <span class='ocrx_word' id='word_1_728' title='bbox 2270 1958 2417 1999; x_wconf 80' lang='lat' dir='ltr'>locus..</span> 
     </span>
     <span class='ocr_line' id='line_1_97' title="bbox 1289 2012 2417 2068; baseline -0.004 -14"><span class='ocrx_word' id='word_1_729' title='bbox 1289 2015 1390 2054; x_wconf 80' lang='lat' dir='ltr'>Nam</span> <span class='ocrx_word' id='word_1_730' title='bbox 1421 2018 1548 2068; x_wconf 88' lang='lat' dir='ltr'>primo</span> <span class='ocrx_word' id='word_1_731' title='bbox 1575 2024 1716 2053; x_wconf 83' lang='lat' dir='ltr'>temere</span> <span class='ocrx_word' id='word_1_732' title='bbox 1757 2015 1972 2053; x_wconf 86' lang='lat' dir='ltr'>obtruditur</span> <span class='ocrx_word' id='word_1_733' title='bbox 2000 2014 2067 2050; x_wconf 85' lang='lat' dir='ltr'>iste</span> <span class='ocrx_word' id='word_1_734' title='bbox 2096 2013 2234 2049; x_wconf 79' lang='lat' dir='ltr'>Christi</span> <span class='ocrx_word' id='word_1_735' title='bbox 2263 2012 2417 2050; x_wconf 81' lang='lat' dir='ltr'>adven--</span> 
     </span>
     <span class='ocr_line' id='line_1_98' title="bbox 1290 2063 2402 2116; baseline -0.002 -11"><span class='ocrx_word' id='word_1_736' title='bbox 1290 2078 1348 2107; x_wconf 87' lang='lat' dir='ltr'>tus</span> <span class='ocrx_word' id='word_1_737' title='bbox 1378 2070 1417 2108; x_wconf 91' lang='lat' dir='ltr'>in</span> <span class='ocrx_word' id='word_1_738' title='bbox 1460 2083 1573 2108; x_wconf 83' lang='lat' dir='ltr'>earne</span> <span class='ocrx_word' id='word_1_739' title='bbox 1615 2068 1863 2115; x_wconf 82' lang='lat' dir='ltr'>immortali,</span> <span class='ocrx_word' id='word_1_740' title='bbox 1905 2067 1954 2106; x_wconf 62' lang='grc' dir='ltr'>ἔθ’</span> <span class='ocrx_word' id='word_1_741' title='bbox 1984 2063 2243 2114; x_wconf 81' lang='lat' dir='ltr'>impassibili,</span> <span class='ocrx_word' id='word_1_742' title='bbox 2293 2064 2402 2116; x_wconf 82' lang='lat' dir='ltr'>oujus</span> 
     </span>
     <span class='ocr_line' id='line_1_99' title="bbox 1290 2117 2402 2174; baseline -0.004 -14"><span class='ocrx_word' id='word_1_743' title='bbox 1290 2135 1412 2174; x_wconf 85' lang='lat' dir='ltr'>neque</span> <span class='ocrx_word' id='word_1_744' title='bbox 1441 2124 1482 2160; x_wconf 87' lang='lat' dir='ltr'>in</span> <span class='ocrx_word' id='word_1_745' title='bbox 1511 2123 1634 2160; x_wconf 85' lang='lat' dir='ltr'>sacris·</span> <span class='ocrx_word' id='word_1_746' title='bbox 1656 2122 1832 2173; x_wconf 79' lang='lat' dir='ltr'>paginis,</span> <span class='ocrx_word' id='word_1_747' title='bbox 1870 2131 1994 2170; x_wconf 78' lang='lat' dir='ltr'>neque</span> <span class='ocrx_word' id='word_1_748' title='bbox 2023 2120 2062 2155; x_wconf 91' lang='lat' dir='ltr'>iu</span> <span class='ocrx_word' id='word_1_749' title='bbox 2090 2119 2215 2156; x_wconf 84' lang='lat' dir='ltr'>Sanct.</span> <span class='ocrx_word' id='word_1_750' title='bbox 2248 2117 2402 2156; x_wconf 82' lang='lat' dir='ltr'>Patrum</span> 
     </span>
     <span class='ocr_line' id='line_1_100' title="bbox 1289 2170 2413 2226; baseline -0.003 -14"><span class='ocrx_word' id='word_1_751' title='bbox 1289 2175 1469 2226; x_wconf 83' lang='lat' dir='ltr'>operibus</span> <span class='ocrx_word' id='word_1_752' title='bbox 1499 2174 1578 2212; x_wconf 81' lang='lat' dir='ltr'>ulla</span> <span class='ocrx_word' id='word_1_753' title='bbox 1607 2175 1796 2212; x_wconf 79' lang='lat' dir='ltr'>invenitur</span> <span class='ocrx_word' id='word_1_754' title='bbox 1824 2174 1966 2210; x_wconf 85' lang='lat' dir='ltr'>mentio</span> <span class='ocrx_word' id='word_1_755' title='bbox 1987 2197 1998 2208; x_wconf 88' lang='lat'><strong>.</strong></span> <span class='ocrx_word' id='word_1_756' title='bbox 2028 2171 2176 2209; x_wconf 86' lang='lat' dir='ltr'>Deinde</span> <span class='ocrx_word' id='word_1_757' title='bbox 2205 2170 2319 2209; x_wconf 74' lang='lat' dir='ltr'>allata</span> <span class='ocrx_word' id='word_1_758' title='bbox 2339 2186 2413 2209; x_wconf 87' lang='lat' dir='ltr'>su·-</span> 
     </span>
     <span class='ocr_line' id='line_1_101' title="bbox 1290 2224 2401 2277; baseline -0.001 -14"><span class='ocrx_word' id='word_1_759' title='bbox 1290 2228 1417 2277; x_wconf 86' lang='lat' dir='ltr'>perius</span> <span class='ocrx_word' id='word_1_760' title='bbox 1446 2227 1659 2265; x_wconf 79' lang='lat' dir='ltr'>testimonia</span> <span class='ocrx_word' id='word_1_761' title='bbox 1689 2227 1790 2264; x_wconf 83' lang='lat' dir='ltr'>hunc</span> <span class='ocrx_word' id='word_1_762' title='bbox 1810 2225 2019 2263; x_wconf 87' lang='lat' dir='ltr'>secundum</span> <span class='ocrx_word' id='word_1_763' title='bbox 2035 2224 2174 2263; x_wconf 85' lang='lat' dir='ltr'>Christi</span> <span class='ocrx_word' id='word_1_764' title='bbox 2195 2224 2401 2262; x_wconf 84' lang='lat' dir='ltr'>adventum</span> 
     </span>
     <span class='ocr_line' id='line_1_102' title="bbox 1287 2278 2413 2331; baseline 0.001 -16"><span class='ocrx_word' id='word_1_765' title='bbox 1287 2288 1414 2331; x_wconf 83' lang='lat' dir='ltr'>aperte</span> <span class='ocrx_word' id='word_1_766' title='bbox 1443 2280 1648 2318; x_wconf 85' lang='lat' dir='ltr'>excludunt</span> <span class='ocrx_word' id='word_1_767' title='bbox 1676 2293 1767 2318; x_wconf 85' lang='lat' dir='ltr'>cum</span> <span class='ocrx_word' id='word_1_768' title='bbox 1796 2279 1950 2326; x_wconf 87' lang='lat' dir='ltr'>dicunt,</span> <span class='ocrx_word' id='word_1_769' title='bbox 1979 2278 2109 2315; x_wconf 89' lang='lat' dir='ltr'>solam</span> <span class='ocrx_word' id='word_1_770' title='bbox 2130 2278 2413 2318; x_wconf 45' lang='lat' dir='ltr'>incarnationis.</span> 
     </span>
     <span class='ocr_line' id='line_1_103' title="bbox 1285 2330 2414 2384; baseline 0 -15"><span class='ocrx_word' id='word_1_771' title='bbox 1285 2345 1439 2370; x_wconf 82' lang='lat' dir='ltr'>causam</span> <span class='ocrx_word' id='word_1_772' title='bbox 1470 2333 1587 2371; x_wconf 78' lang='lat' dir='ltr'>fuisse</span> <span class='ocrx_word' id='word_1_773' title='bbox 1607 2330 2253 2384; x_wconf 84' lang='lat' dir='ltr'>redemptionem-generis·humani</span> <span class='ocrx_word' id='word_1_774' title='bbox 2273 2345 2414 2382; x_wconf 57' lang='lat' dir='ltr'>a-pec-</span> 
     </span>
     <span class='ocr_line' id='line_1_104' title="bbox 1285 2384 2414 2437; baseline 0 -15"><span class='ocrx_word' id='word_1_775' title='bbox 1285 2395 1394 2434; x_wconf 89' lang='lat' dir='ltr'>cato,</span> <span class='ocrx_word' id='word_1_776' title='bbox 1423 2399 1500 2437; x_wconf 89' lang='lat' dir='ltr'>quo</span> <span class='ocrx_word' id='word_1_777' title='bbox 1528 2399 1601 2424; x_wconf 90' lang='lat' dir='ltr'>non</span> <span class='ocrx_word' id='word_1_778' title='bbox 1623 2389 1826 2433; x_wconf 78' lang='lat' dir='ltr'>existente,</span> <span class='ocrx_word' id='word_1_779' title='bbox 1857 2398 2108 2437; x_wconf 81' lang='lat' dir='ltr'>nequaquam.</span> <span class='ocrx_word' id='word_1_780' title='bbox 2121 2384 2292 2423; x_wconf 86' lang='lat' dir='ltr'>Verbum</span> <span class='ocrx_word' id='word_1_781' title='bbox 2309 2386 2414 2422; x_wconf 80' lang='lat' dir='ltr'>fuis·-</span> 
     </span>
     <span class='ocr_line' id='line_1_105' title="bbox 1285 2447 1864 2491; baseline 0.002 -16"><span class='ocrx_word' id='word_1_782' title='bbox 1285 2447 1338 2476; x_wconf 84' lang='lat' dir='ltr'>set</span> <span class='ocrx_word' id='word_1_783' title='bbox 1369 2453 1535 2477; x_wconf 76' lang='lat' dir='ltr'>carnem</span> <span class='ocrx_word' id='word_1_784' title='bbox 1555 2449 1864 2491; x_wconf 69' lang='lat' dir='ltr'>assumpturum.</span> 
     </span>
    </p>

    <p class='ocr_par' dir='ltr' id='par_1_17' title="bbox 1285 2489 2410 3335">
     <span class='ocr_line' id='line_1_106' title="bbox 1344 2489 2408 2544; baseline -0.005 -14"><span class='ocrx_word' id='word_1_785' title='bbox 1344 2491 1406 2542; x_wconf 88' lang='grc'>76.</span> <span class='ocrx_word' id='word_1_786' title='bbox 1437 2492 1529 2543; x_wconf 83' lang='lat' dir='ltr'>Obj.</span> <span class='ocrx_word' id='word_1_787' title='bbox 1560 2494 1686 2544; x_wconf 78' lang='lat' dir='ltr'>primo</span> <span class='ocrx_word' id='word_1_788' title='bbox 1716 2506 1761 2530; x_wconf 84' lang='lat' dir='ltr'>ex</span> <span class='ocrx_word' id='word_1_789' title='bbox 1790 2491 2111 2530; x_wconf 78' lang='lat' dir='ltr'>sacris-Litteris.</span> <span class='ocrx_word' id='word_1_790' title='bbox 2149 2489 2259 2528; x_wconf 76' lang='lat' dir='ltr'>Prov.</span> <span class='ocrx_word' id='word_1_791' title='bbox 2291 2490 2408 2529; x_wconf 80' lang='lat' dir='ltr'>Vm..</span> 
     </span>
     <span class='ocr_line' id='line_1_107' title="bbox 1288 2542 2408 2595; baseline -0.002 -13"><span class='ocrx_word' id='word_1_792' title='bbox 1288 2556 1352 2582; x_wconf 82' lang='lat'>22.</span> <span class='ocrx_word' id='word_1_793' title='bbox 1382 2545 1578 2595; x_wconf 81' lang='lat' dir='ltr'>Sapientia</span> <span class='ocrx_word' id='word_1_794' title='bbox 1608 2547 1800 2583; x_wconf 78' lang='lat' dir='ltr'>incarnata</span> <span class='ocrx_word' id='word_1_795' title='bbox 1828 2544 1919 2581; x_wconf 89' lang='lat' dir='ltr'>dicit</span> <span class='ocrx_word' id='word_1_796' title='bbox 1948 2544 1995 2580; x_wconf 89' lang='lat' dir='ltr'>de</span> <span class='ocrx_word' id='word_1_797' title='bbox 2022 2546 2143 2594; x_wconf 83' lang='lat' dir='ltr'>seipsa</span> <span class='ocrx_word' id='word_1_798' title='bbox 2158 2555 2175 2580; x_wconf 92' lang='lat'>:.</span> <span class='ocrx_word' id='word_1_799' title='bbox 2204 2542 2408 2580; x_wconf 69' lang='lat' dir='ltr'>Dominus</span> 
     </span>
     <span class='ocr_line' id='line_1_108' title="bbox 1285 2597 2398 2646; baseline 0 -13"><span class='ocrx_word' id='word_1_800' title='bbox 1285 2597 1454 2646; x_wconf 74' lang='lat' dir='ltr'>possedit</span> <span class='ocrx_word' id='word_1_801' title='bbox 1483 2609 1546 2634; x_wconf 88' lang='lat' dir='ltr'>me</span> <span class='ocrx_word' id='word_1_802' title='bbox 1566 2601 1608 2633; x_wconf 84' lang='lat' dir='ltr'>in</span> <span class='ocrx_word' id='word_1_803' title='bbox 1632 2600 1741 2634; x_wconf 85' lang='lat' dir='ltr'>initio</span> <span class='ocrx_word' id='word_1_804' title='bbox 1771 2600 1924 2633; x_wconf 84' lang='lat' dir='ltr'>viarum</span> <span class='ocrx_word' id='word_1_805' title='bbox 1953 2608 2146 2643; x_wconf 86' lang='lat' dir='ltr'>suarum,</span> <span class='ocrx_word' id='word_1_806' title='bbox 2175 2604 2398 2644; x_wconf 81' lang='lat' dir='ltr'>antequam</span> 
     </span>
     <span class='ocr_line' id='line_1_109' title="bbox 1287 2646 2410 2701; baseline -0.002 -14"><span class='ocrx_word' id='word_1_807' title='bbox 1287 2648 1502 2700; x_wconf 76' lang='lat' dir='ltr'>quidquam</span> <span class='ocrx_word' id='word_1_808' title='bbox 1520 2648 1687 2701; x_wconf 86' lang='lat' dir='ltr'>faceret</span> <span class='ocrx_word' id='word_1_809' title='bbox 1707 2662 1734 2685; x_wconf 91' lang='lat' dir='ltr'>a</span> <span class='ocrx_word' id='word_1_810' title='bbox 1753 2650 1942 2698; x_wconf 80' lang='lat' dir='ltr'>principio</span> <span class='ocrx_word' id='word_1_811' title='bbox 1958 2661 1972 2690; x_wconf 91' lang='lat'><em>;</em></span> <span class='ocrx_word' id='word_1_812' title='bbox 2002 2646 2072 2686; x_wconf 85' lang='lat' dir='ltr'>hoe</span> <span class='ocrx_word' id='word_1_813' title='bbox 2100 2655 2154 2685; x_wconf 85' lang='lat' dir='ltr'>est</span> <span class='ocrx_word' id='word_1_814' title='bbox 2182 2656 2410 2685; x_wconf 81' lang='lat' dir='ltr'>ante-mun·-</span> 
     </span>
     <span class='ocr_line' id='line_1_110' title="bbox 1287 2700 2407 2753; baseline -0.002 -13"><span class='ocrx_word' id='word_1_815' title='bbox 1287 2704 1335 2740; x_wconf 82' lang='lat' dir='ltr'>di·</span> <span class='ocrx_word' id='word_1_816' title='bbox 1356 2704 1606 2749; x_wconf 80' lang='lat' dir='ltr'>creationem,</span> <span class='ocrx_word' id='word_1_817' title='bbox 1653 2715 1696 2740; x_wconf 82' lang='lat' dir='ltr'>ac</span> <span class='ocrx_word' id='word_1_818' title='bbox 1726 2701 1881 2753; x_wconf 87' lang='lat' dir='ltr'>proinde</span> <span class='ocrx_word' id='word_1_819' title='bbox 1908 2708 1994 2737; x_wconf 84' lang='lat' dir='ltr'>ante</span> <span class='ocrx_word' id='word_1_820' title='bbox 2028 2707 2229 2751; x_wconf 85' lang='lat' dir='ltr'>peccatum</span> <span class='ocrx_word' id='word_1_821' title='bbox 2259 2700 2407 2740; x_wconf 84' lang='lat' dir='ltr'>Adami.</span> 
     </span>
     <span class='ocr_line' id='line_1_111' title="bbox 1289 2753 2409 2807; baseline -0.003 -13"><span class='ocrx_word' id='word_1_822' title='bbox 1289 2755 1367 2807; x_wconf 81' lang='lat' dir='ltr'>jam</span> <span class='ocrx_word' id='word_1_823' title='bbox 1398 2769 1425 2792; x_wconf 80' lang='lat' dir='ltr'>a</span> <span class='ocrx_word' id='word_1_824' title='bbox 1454 2759 1643 2807; x_wconf 72' lang='lat' dir='ltr'>principio</span> <span class='ocrx_word' id='word_1_825' title='bbox 1682 2754 1930 2792; x_wconf 78' lang='lat' dir='ltr'>determinata</span> <span class='ocrx_word' id='word_1_826' title='bbox 1959 2761 2035 2790; x_wconf 80' lang='lat' dir='ltr'>erat</span> <span class='ocrx_word' id='word_1_827' title='bbox 2065 2753 2270 2791; x_wconf 83' lang='lat' dir='ltr'>incarnatio</span> <span class='ocrx_word' id='word_1_828' title='bbox 2298 2753 2409 2791; x_wconf 83' lang='lat' dir='ltr'>divi--</span> 
     </span>
     <span class='ocr_line' id='line_1_112' title="bbox 1288 2804 2405 2857; baseline 0 -11"><span class='ocrx_word' id='word_1_829' title='bbox 1288 2811 1328 2847; x_wconf 90' lang='lat' dir='ltr'>ni</span> <span class='ocrx_word' id='word_1_830' title='bbox 1362 2807 1507 2846; x_wconf 89' lang='lat' dir='ltr'>Verbi.</span> <span class='ocrx_word' id='word_1_831' title='bbox 1546 2808 1643 2846; x_wconf 89' lang='lat' dir='ltr'>Hinc</span> <span class='ocrx_word' id='word_1_832' title='bbox 1673 2817 1724 2845; x_wconf 89' lang='lat' dir='ltr'>est</span> <span class='ocrx_word' id='word_1_833' title='bbox 1754 2808 1893 2852; x_wconf 74' lang='lat' dir='ltr'>etiam,</span> <span class='ocrx_word' id='word_1_834' title='bbox 1935 2806 2036 2857; x_wconf 84' lang='lat' dir='ltr'>quod</span> <span class='ocrx_word' id='word_1_835' title='bbox 2065 2805 2225 2844; x_wconf 79' lang='lat' dir='ltr'>Sanctus</span> <span class='ocrx_word' id='word_1_836' title='bbox 2256 2804 2405 2846; x_wconf 84' lang='lat' dir='ltr'>Paulus-</span> 
     </span>
     <span class='ocr_line' id='line_1_113' title="bbox 1287 2858 2398 2912; baseline -0.003 -12"><span class='ocrx_word' id='word_1_837' title='bbox 1287 2863 1332 2900; x_wconf 86' lang='lat' dir='ltr'>ad</span> <span class='ocrx_word' id='word_1_838' title='bbox 1367 2861 1474 2899; x_wconf 79' lang='lat' dir='ltr'>Rom.</span> <span class='ocrx_word' id='word_1_839' title='bbox 1504 2862 1534 2899; x_wconf 89' lang='lat' dir='ltr'>l.</span> <span class='ocrx_word' id='word_1_840' title='bbox 1565 2861 1601 2901; x_wconf 84' lang='lat'>5.</span> <span class='ocrx_word' id='word_1_841' title='bbox 1634 2860 1666 2897; x_wconf 85' lang='lat'>&amp;</span> <span class='ocrx_word' id='word_1_842' title='bbox 1696 2875 1774 2912; x_wconf 80' lang='lat' dir='ltr'>seq.</span> <span class='ocrx_word' id='word_1_843' title='bbox 1802 2860 1848 2897; x_wconf 83' lang='lat' dir='ltr'>de</span> <span class='ocrx_word' id='word_1_844' title='bbox 1875 2858 2024 2896; x_wconf 77' lang='lat' dir='ltr'>Christo</span> <span class='ocrx_word' id='word_1_845' title='bbox 2051 2859 2166 2896; x_wconf 85' lang='lat' dir='ltr'>dicit:</span> <span class='ocrx_word' id='word_1_846' title='bbox 2218 2858 2295 2909; x_wconf 82' lang='lat' dir='ltr'>Qui</span> <span class='ocrx_word' id='word_1_847' title='bbox 2318 2859 2398 2911; x_wconf 86' lang='lat' dir='ltr'>fa·</span> 
     </span>
     <span class='ocr_line' id='line_1_114' title="bbox 1289 2910 2397 2962; baseline -0.001 -10"><span class='ocrx_word' id='word_1_848' title='bbox 1289 2924 1372 2953; x_wconf 82' lang='lat' dir='ltr'>ctus</span> <span class='ocrx_word' id='word_1_849' title='bbox 1401 2924 1469 2953; x_wconf 80' lang='lat' dir='ltr'>est·</span> <span class='ocrx_word' id='word_1_850' title='bbox 1489 2918 1523 2951; x_wconf 75' lang='lat' dir='ltr'>ei</span> <span class='ocrx_word' id='word_1_851' title='bbox 1554 2928 1606 2952; x_wconf 65' lang='lat' dir='ltr'>ea:</span> <span class='ocrx_word' id='word_1_852' title='bbox 1635 2918 1787 2951; x_wconf 87' lang='lat' dir='ltr'>semine</span> <span class='ocrx_word' id='word_1_853' title='bbox 1801 2910 1945 2950; x_wconf 56' lang='lat' dir='ltr'>Dama</span> <span class='ocrx_word' id='word_1_854' title='bbox 1962 2911 2185 2950; x_wconf 75' lang='lat' dir='ltr'>secundum</span> <span class='ocrx_word' id='word_1_855' title='bbox 2206 2923 2397 2962; x_wconf 85' lang='lat' dir='ltr'>carnem,</span> 
     </span>
     <span class='ocr_line' id='line_1_115' title="bbox 1287 2964 2406 3021; baseline -0.002 -15"><span class='ocrx_word' id='word_1_856' title='bbox 1287 2973 1351 3021; x_wconf 86' lang='lat' dir='ltr'>qui</span> <span class='ocrx_word' id='word_1_857' title='bbox 1389 2967 1695 3020; x_wconf 76' lang='lat' dir='ltr'>proedestinatus</span> <span class='ocrx_word' id='word_1_858' title='bbox 1724 2975 1781 3004; x_wconf 84' lang='lat' dir='ltr'>est</span> <span class='ocrx_word' id='word_1_859' title='bbox 1811 2965 1926 3018; x_wconf 83' lang='lat' dir='ltr'>filius</span> <span class='ocrx_word' id='word_1_860' title='bbox 1956 2964 2033 3003; x_wconf 86' lang='lat' dir='ltr'>Dei</span> <span class='ocrx_word' id='word_1_861' title='bbox 2061 2969 2102 3002; x_wconf 85' lang='lat' dir='ltr'>in</span> <span class='ocrx_word' id='word_1_862' title='bbox 2130 2969 2264 3003; x_wconf 73' lang='lat' dir='ltr'>virtute</span> <span class='ocrx_word' id='word_1_863' title='bbox 2285 2979 2297 3002; x_wconf 96' lang='grc'><strong>.·</strong></span> <span class='ocrx_word' id='word_1_864' title='bbox 2321 2996 2345 3014; x_wconf 83' lang='grc'>,,</span> <span class='ocrx_word' id='word_1_865' title='bbox 2368 2968 2406 3004; x_wconf 73' lang='lat' dir='ltr'>i-</span> 
     </span>
     <span class='ocr_line' id='line_1_116' title="bbox 1290 3017 2395 3109; baseline -0.001 -50"><span class='ocrx_word' id='word_1_866' title='bbox 1290 3053 1316 3072; x_wconf 85' lang='lat'><strong>„</strong></span> <span class='ocrx_word' id='word_1_867' title='bbox 1345 3023 1447 3070; x_wconf 89' lang='lat' dir='ltr'>dest,</span> <span class='ocrx_word' id='word_1_868' title='bbox 1479 3031 1517 3058; x_wconf 89' lang='lat' dir='ltr'>ut</span> <span class='ocrx_word' id='word_1_869' title='bbox 1544 3022 1627 3059; x_wconf 85' lang='lat' dir='ltr'>Jac.</span> <span class='ocrx_word' id='word_1_870' title='bbox 1656 3019 1830 3058; x_wconf 78' lang='lat' dir='ltr'>Naclanti</span> <span class='ocrx_word' id='word_1_871' title='bbox 1860 3017 2139 3109; x_wconf 52' lang='lat' dir='ltr'>explicatsag.</span> <span class='ocrx_word' id='word_1_872' title='bbox 2161 3017 2254 3066; x_wconf 70' lang='grc' dir='ltr'>4ο»,</span> <span class='ocrx_word' id='word_1_873' title='bbox 2286 3018 2395 3072; x_wconf 79' lang='lat' dir='ltr'>longe</span> 
     </span>
     <span class='ocr_line' id='line_1_117' title="bbox 1304 3071 2404 3126; baseline -0.003 -13"><span class='ocrx_word' id='word_1_874' title='bbox 1304 3106 1314 3124; x_wconf 93' lang='lat'>,</span> <span class='ocrx_word' id='word_1_875' title='bbox 1343 3084 1547 3126; x_wconf 84' lang='lat' dir='ltr'>antequam</span> <span class='ocrx_word' id='word_1_876' title='bbox 1578 3073 1683 3111; x_wconf 86' lang='lat' dir='ltr'>fieret</span> <span class='ocrx_word' id='word_1_877' title='bbox 1711 3086 1756 3110; x_wconf 86' lang='lat' dir='ltr'>ex</span> <span class='ocrx_word' id='word_1_878' title='bbox 1777 3073 1919 3110; x_wconf 81' lang='lat' dir='ltr'>semine</span> <span class='ocrx_word' id='word_1_879' title='bbox 1939 3071 2036 3110; x_wconf 79' lang='lat' dir='ltr'>Davi</span> <span class='ocrx_word' id='word_1_880' title='bbox 2084 3072 2293 3110; x_wconf 84' lang='lat' dir='ltr'>secuudum</span> <span class='ocrx_word' id='word_1_881' title='bbox 2315 3086 2404 3111; x_wconf 68' lang='lat' dir='ltr'>car·</span> 
     </span>
     <span class='ocr_line' id='line_1_118' title="bbox 1287 3123 2405 3177; baseline 0 -12"><span class='ocrx_word' id='word_1_882' title='bbox 1287 3159 1313 3177; x_wconf 90' lang='lat'><em>„</em></span> <span class='ocrx_word' id='word_1_883' title='bbox 1345 3143 1429 3165; x_wconf 86' lang='lat' dir='ltr'>nem</span> <span class='ocrx_word' id='word_1_884' title='bbox 1457 3127 1659 3173; x_wconf 83' lang='lat' dir='ltr'>definitus,</span> <span class='ocrx_word' id='word_1_885' title='bbox 1690 3140 1734 3162; x_wconf 84' lang='lat' dir='ltr'>ac</span> <span class='ocrx_word' id='word_1_886' title='bbox 1763 3126 1940 3163; x_wconf 78' lang='lat' dir='ltr'>decretus</span> <span class='ocrx_word' id='word_1_887' title='bbox 1959 3133 2012 3163; x_wconf 85' lang='lat' dir='ltr'>est</span> <span class='ocrx_word' id='word_1_888' title='bbox 2032 3123 2153 3164; x_wconf 83' lang='lat' dir='ltr'>Filius</span> <span class='ocrx_word' id='word_1_889' title='bbox 2173 3125 2247 3163; x_wconf 88' lang='lat' dir='ltr'>Dei</span> <span class='ocrx_word' id='word_1_890' title='bbox 2276 3125 2347 3165; x_wconf 69' lang='grc' dir='ltr'><strong>ἃς.</strong></span> <span class='ocrx_word' id='word_1_891' title='bbox 2368 3129 2405 3149; x_wconf 68' lang='grc'>“’</span> 
     </span>
     <span class='ocr_line' id='line_1_119' title="bbox 1286 3178 2399 3231; baseline -0.002 -12"><span class='ocrx_word' id='word_1_892' title='bbox 1286 3183 1337 3219; x_wconf 71' lang='lat' dir='ltr'>ita</span> <span class='ocrx_word' id='word_1_893' title='bbox 1353 3190 1391 3218; x_wconf 91' lang='lat' dir='ltr'>ut</span> <span class='ocrx_word' id='word_1_894' title='bbox 1408 3179 1626 3229; x_wconf 75' lang='lat' dir='ltr'>hujusmodi</span> <span class='ocrx_word' id='word_1_895' title='bbox 1649 3179 1929 3230; x_wconf 65' lang='lat' dir='ltr'>praedestinatio</span> <span class='ocrx_word' id='word_1_896' title='bbox 1946 3178 2148 3218; x_wconf 75' lang='lat' dir='ltr'>antecedat·</span> <span class='ocrx_word' id='word_1_897' title='bbox 2161 3179 2399 3231; x_wconf 79' lang='lat' dir='ltr'>etiamprae·</span> 
     </span>
     <span class='ocr_line' id='line_1_120' title="bbox 1287 3231 2404 3284; baseline -0.004 -13"><span class='ocrx_word' id='word_1_898' title='bbox 1287 3236 1471 3271; x_wconf 86' lang='lat' dir='ltr'>visionem</span> <span class='ocrx_word' id='word_1_899' title='bbox 1503 3233 1673 3284; x_wconf 79' lang='lat' dir='ltr'>peccati3</span> <span class='ocrx_word' id='word_1_900' title='bbox 1712 3235 1901 3283; x_wconf 82' lang='lat' dir='ltr'>quoniam</span> <span class='ocrx_word' id='word_1_901' title='bbox 1919 3262 1930 3279; x_wconf 88' lang='lat'>,</span> <span class='ocrx_word' id='word_1_902' title='bbox 1972 3241 2012 3269; x_wconf 88' lang='lat' dir='ltr'>ut</span> <span class='ocrx_word' id='word_1_903' title='bbox 2040 3232 2140 3270; x_wconf 89' lang='lat' dir='ltr'>idem</span> <span class='ocrx_word' id='word_1_904' title='bbox 2170 3231 2307 3269; x_wconf 85' lang='lat' dir='ltr'>Paulus</span> <span class='ocrx_word' id='word_1_905' title='bbox 2335 3233 2404 3268; x_wconf 88' lang='lat' dir='ltr'>di·-</span> 
     </span>
     <span class='ocr_line' id='line_1_121' title="bbox 1288 3285 2404 3335; baseline -0.005 -9"><span class='ocrx_word' id='word_1_906' title='bbox 1288 3289 1336 3326; x_wconf 83' lang='lat' dir='ltr'>eit</span> <span class='ocrx_word' id='word_1_907' title='bbox 1367 3286 1506 3324; x_wconf 69' lang='lat' dir='ltr'>Coloss.</span> <span class='ocrx_word' id='word_1_908' title='bbox 1538 3286 1567 3324; x_wconf 87' lang='lat' dir='ltr'>l.</span> <span class='ocrx_word' id='word_1_909' title='bbox 1606 3285 1664 3324; x_wconf 84' lang='lat'>16.</span> <span class='ocrx_word' id='word_1_910' title='bbox 1682 3315 1692 3332; x_wconf 93' lang='lat'>‚</span> <span class='ocrx_word' id='word_1_911' title='bbox 1723 3289 1762 3322; x_wconf 88' lang='lat' dir='ltr'>in</span> <span class='ocrx_word' id='word_1_912' title='bbox 1793 3289 1875 3335; x_wconf 83' lang='lat' dir='ltr'>ipso</span> <span class='ocrx_word' id='word_1_913' title='bbox 1902 3293 1994 3322; x_wconf 80' lang='lat' dir='ltr'>sunt</span> <span class='ocrx_word' id='word_1_914' title='bbox 2020 3285 2183 3323; x_wconf 76' lang='lat' dir='ltr'>condita</span> <span class='ocrx_word' id='word_1_915' title='bbox 2211 3290 2404 3322; x_wconf 67' lang='lat' dir='ltr'>unic-ersaz</span> 
     </span>
    </p>
   </div>
   <div class='ocr_carea' id='block_1_10' title="bbox 1290 3334 2405 3424">
    <p class='ocr_par' dir='ltr' id='par_1_18' title="bbox 1290 3334 2405 3424">
     <span class='ocr_line' id='line_1_122' title="bbox 1290 3334 2405 3396; baseline -0.001 -18"><span class='ocrx_word' id='word_1_916' title='bbox 1290 3344 1330 3378; x_wconf 80' lang='lat' dir='ltr'>in</span> <span class='ocrx_word' id='word_1_917' title='bbox 1358 3339 1494 3389; x_wconf 82' lang='lat' dir='ltr'>ecelis,</span> <span class='ocrx_word' id='word_1_918' title='bbox 1536 3339 1586 3382; x_wconf 62' lang='lat'>&lt;9-</span> <span class='ocrx_word' id='word_1_919' title='bbox 1614 3343 1656 3378; x_wconf 88' lang='lat' dir='ltr'>in</span> <span class='ocrx_word' id='word_1_920' title='bbox 1684 3342 2030 3380; x_wconf 76' lang='lat' dir='ltr'>terra-.....omnia</span> <span class='ocrx_word' id='word_1_921' title='bbox 2056 3350 2124 3390; x_wconf 82' lang='lat' dir='ltr'>per</span> <span class='ocrx_word' id='word_1_922' title='bbox 2153 3341 2316 3396; x_wconf 47' lang='lat' dir='ltr'>ipsum,v</span> <span class='ocrx_word' id='word_1_923' title='bbox 2341 3334 2405 3377; x_wconf 58' lang='grc' dir='ltr'>Θῆ·</span> 
     </span>
     <span class='ocr_line' id='line_1_123' title="bbox 2297 3397 2352 3424; baseline 0 0"><span class='ocrx_word' id='word_1_924' title='bbox 2297 3397 2352 3424; x_wconf 80' lang='lat' dir='ltr'>m.</span> 
     </span>
    </p>
   </div>
   <div class='ocr_carea' id='block_1_11' title="bbox 1287 3105 1298 3123">
    <p class='ocr_par' dir='ltr' id='par_1_19' title="bbox 1287 3105 1298 3123">
     <span class='ocr_line' id='line_1_124' title="bbox 1287 3105 1298 3123; baseline 0 0"><span class='ocrx_word' id='word_1_925' title='bbox 1287 3105 1298 3123; x_wconf 73' lang='lat'><em>2</em></span> 
     </span>
    </p>
   </div>
  </div>
 </body>
</html>
