2583 3685
899 100 978 145 DE
1015 100 1280 145 VULNER.
1313 99 1572 145 ANIMAE.

89 197 178 229 ‹ctns
207 185 319 228 fuerit
343 213 354 232 ‚
400 181 434 220 ἃ
462 180 683 221 certissimae
727 180 837 218 morti
868 182 1083 232 expositus,
1130 181 1206 218 nisi

97 245 187 296 <pius
214 237 470 279 Samaritanus
499 244 636 288 praesto
665 235 699 271 ei
730 235 882 281 suisset,
924 247 996 271 non
1025 248 1112 270 euin
1144 247 1208 270 ve-

100 294 240 334 oriendo
265 291 476 336 duntaxat,
505 286 796 338 seclczllegimdo
826 287 985 325 vulnera
1015 288 1127 338 ejus,
1157 286 1206 326 Φ

95 343 341 400 infundendo
368 343 497 380 oleum
515 371 526 390 ,
555 342 604 382 (9⁶
635 346 767 379 vinum
783 367 793 378 .

92 422 103 429 -
159 396 246 436 166.
276 395 389 434 Ρ101).
418 396 580 433 secundo
609 408 652 431 ex
673 393 853 432 Conciliis
876 394 1105 432 arausicano
1134 391 1204 439 ll.,

92 450 130 488 ἃ
158 450 406 496 Tridentino,
453 461 615 500 quorum
656 449 824 500 primum
867 460 950 484 cau.
989 459 1019 482 1.
1049 457 1117 495 per
1144 442 1205 495 os-

80 502 256 557 sensam
293 505 631 554 proevaezrt'cationis
663 501 761 538 Atae
807 508 932 537 totum
973 497 1204 543 hominem,

94 557 193 595 idest
222 554 437 594 secundum
467 568 606 604 corpus
623 584 633 601 ,
662 556 710 593 Θ·
732 557 916 591 animam
934 580 945 597 ,
975 554 1013 586 in
1035 549 1204 586 <leterius

78 610 217 663 juisse
258 617 577 655 commutatum,
620 608 739 651 dicit3
780 617 865 642 can.
901 603 960 641 15.
997 601 1204 639 arbitrium

88 664 301 703 voluntatis
329 666 369 700 in
396 665 523 711 pn'mo
552 660 708 697 homine
737 658 1014 709 insinnatum;
1055 654 1087 690 ἃ
1116 669 1201 693 can.

94 717 161 756 23.
191 715 355 754 liberum
383 713 588 752 arbitrium
632 718 882 749 attenuatum
900 737 910 755 ,
953 707 1003 748 ὠ
1032 709 1201 745 inclina-

86 779 175 808 tum
193 795 204 808 .
245 766 461 808 Concilium
489 774 616 805 autem
647 763 916 801 Tridentinum
944 760 1042 799 Sess.
1072 761 1122 799 V.
1151 760 1201 799 (le

86 836 197 875 pecc.
225 827 325 876 orig.
354 834 438 859 can.
474 833 507 857 1.
542 847 568 866 ,,
589 817 629 855 Si
658 817 744 869 quis
774 829 847 853 non
875 814 1102 863 confitetur,
1139 819 1200 851 in-

91 905 118 926 „
146 880 248 927 quit,
285 875 461 928 primum
490 871 680 909 hominem
701 899 712 917 ,
754 882 844 906 cum
873 867 1094 905 mandatum
1123 867 1198 906 Dei

94 959 122 979 ,‚
152 931 192 968 in
222 929 394 981 paradiso
422 925 550 963 fuisset
579 931 826 974 transgressus
848 952 859 970 ,
897 923 1020 958 statim
1050 922 1199 959 santita-

86 1012 117 1033 ,‚
145 991 220 1020 tem
241 1011 252 1029 ‚
293 980 328 1017 ἃ
356 978 566 1030 justitiam,
610 976 652 1015 in
679 989 754 1028 qua
789 977 1005 1013 constitutus
1047 974 1197 1024 suerat,

86 1064 115 1085 „
143 1035 311 1073 amisisse
331 1039 602 1082 ...rictumque
625 1029 747 1067 Adam
778 1042 844 1079 per
875 1027 982 1065 illam
1013 1029 1195 1079 praevari-

87 1117 115 1138 „
143 1087 297 1127 cationis
315 1084 521 1132 offensam,
540 1082 748 1120 secundum
766 1095 903 1133 corpus
920 1110 929 1128 ,
951 1080 985 1116 &
1005 1082 1171 1118 animam
1184 1111 1196 1130 ,

81 1170 116 1190 Ἃ
145 1141 183 1178 111
210 1140 372 1178 deterius
386 1145 660 1177 commutatum
683 1136 824 1183 fuisse,
853 1133 1055 1172 anathema
1083 1135 1130 1172 sit
1146 1137 1196 1173 “-

83 1193 134 1233 Et
160 1194 260 1232 Sess.
289 1191 356 1230 Vl.
384 1204 471 1242 cap.
508 1203 541 1227 1.
570 1198 723 1241 peccato
750 1187 928 1239 originali
958 1188 1071 1225 fuisse
1102 1186 1198 1226 libe-

84 1260 172 1286 tum
201 1246 403 1285 arbitrium
431 1241 570 1280 viribus
617 1250 868 1278 attenuatum
892 1270 903 1289 ,
951 1240 999 1280 (ty
1029 1241 1198 1279 inclina-

85 1309 173 1338 tum
199 1298 393 1344 declarat,
422 1296 566 1334 tametsi
596 1307 671 1333 11011
701 1295 910 1332 extinctum
922 1319 937 1332 ›-

147 1351 233 1402 167.
264 1349 480 1389 Adversarii
511 1348 620 1396 haec,
662 1347 813 1436 αΙιεἻιιε
853 1348 1051 1385 innumera
1083 1346 1197 1399 hujus

81 1437 84 1440 .
113 1406 236 1444 enei-is
265 1404 475 1442 testimonia
493 1431 503 1450 ,
533 1416 570 1439 se
592 1400 705 1438 facile
734 1401 886 1438 endere
917 1413 1022 1451 posse
1045 1410 1196 1452 putant,

80 1419 272 1497 diceutes:
300 1454 460 1492 [lber-nm
478 1453 685 1491 arbitrium
713 1461 994 1500 attenuatum,
1025 1453 1194 1491 inclina.-

79 1520 170 1549 ⁴tum
190 1538 202 1558 ‚
231 1508 512 1561 infirmatum,
547 1514 672 1555 *atque
701 1508 742 1541 in
771 1503 941 1542 (leterius
971 1516 1193 1543 commuta·

77 1572 168 1602 -tum
195 1560 381 1614 appellari
401 1572 485 1598 com
518 1559 685 1597 aratione
704 1558 869 1606 virium,
899 1571 994 1609 quas
1023 1558 1123 1594 idem
1146 1558 1193 1595 li-

77 1615 219 1654 berum
248 1613 450 1654 arbitrium
501 1611 654 1650 nabebat
683 1611 722 1648 in
753 1619 848 1648 statu
877 1611 1100 1648 innocentiae
1130 1611 1193 1648 de-

76 1670 218 1708 rivatas
246 1683 268 1706 a
297 1666 440 1719 justitia
467 1664 646 1718 originali
667 1679 678 1711 ;
707 1677 778 1702 non
794 1676 883 1702 vero
913 1664 1194 1714 comparatione

79 1722 224 1761 -virium
243 1751 254 1771 ,
289 1735 385 1774 quas
412 1719 633 1768 habuisset,
675 1718 706 1757 si
736 1717 848 1757 homo
876 1718 916 1756 in
941 1718 1052 1769 ‚puris
1075 1726 1193 1756 -natu-

79 1773 227 1814 talibus
257 1775 385 1813 fuisset
413 1774 602 1813 conditus--

143 1827 230 1867 168.
259 1827 404 1865 verum
432 1829 534 1865 enim
565 1839 654 1865 vero
681 1827 711 1866 si
741 1827 791 1865 ita
820 1834 944 1866 nostro
975 1833 1128 1874 marte,
1157 1825 1192 1863 8<

81 1881 165 1920 siue
191 1879 371 1930 gravibus
401 1880 653 1918 fundamentis
690 1881 963 1920 ecclesiasticas
1004 1879 1193 1919 definitio-

78 1947 149 1973 nes
176 1933 370 1985 explicare
396 1932 533 1981 liceat,
564 1933 661 1972 nihil
691 1935 761 1972 erit
791 1944 865 1972 tam
896 1935 1095 1986 perspicue
1116 1963 1126 1983 ‚
1158 1932 1192 1970 &

78 1986 248 2026 dilucide
293 1987 410 2026 sacris
438 1986 646 2024 canonibus
689 2000 936 2040 expressum,
983 1987 1084 2039 qnod
1117 2000 1193 2025 non

76 2041 194 2092 possit
222 2040 381 2092 figurate
398 2069 410 2088 ,
439 2039 717 2091 metaphorice,
747 2040 781 2082 ἃ
804 2041 926 2079 minus
957 2041 1110 2093 proprie
1130 2053 1193 2079 ac-

74 2094 157 2145 cipi
175 2123 186 2141 ,
216 2093 250 2130 δι
281 2093 332 2131 ita
358 2094 518 2132 distortis
547 2093 916 2145 interpretationibus
944 2095 1173 2146 depravari.

136 2144 222 2198 169.
251 2145 324 2184 Sed
355 2156 542 2198 praeterea
568 2146 849 2186 observandum
881 2156 963 2195 est,
994 2149 1031 2186 iu
1059 2146 1193 2185 lauda-

78 2199 127 2237 tis
155 2199 441 2238 definitionibus
470 2198 761 2251 expoliationem
789 2201 1040 2251 gratuitorum
1070 2200 1192 2238 avul-

74 2251 235 2291 neribus
264 2252 418 2291 inflictis
446 2254 533 2290 satis
559 2262 688 2305 aperte
716 2254 924 2305 distingui5
956 2254 1093 2292 frustra
1124 2267 1191 2291 au-

73 2311 156 2342 lem
184 2313 278 2343 esset
315 2304 396 2343 haec
426 2305 638 2353 distinctio,
664 2307 699 2344 si
727 2305 891 2345 vulnera
930 2306 1030 2344 nihil
1076 2315 1193 2345 essent

77 2355 183 2394 aliud
201 2387 211 2405 ,
241 2370 356 2409 quain
385 2358 635 2408 gratuitorum
655 2359 838 2396 donorum
869 2361 1059 2411 privatio,
1090 2359 1193 2397 Prae-

77 2410 112 2446 ci
145 2422 192 2446 ue
216 2418 345 2448 autem
375 2418 501 2447 notatu
529 2410 645 2462 digna
675 2419 726 2447 est
753 2425 796 2449 ea
827 2411 1043 2450 Tridentini
1087 2427 1157 2451 vox
1180 2444 1191 2462 ,

79 2423 249 2499 liiierum
279 2460 482 2500 arbitrium
515 2461 628 2499 fuisse
656 2471 914 2510 attenuatum,
957 2464 991 2499 8:
1021 2467 1190 2502 inclina-

77 2523 188 2562 tum,
219 2515 350 2566 utique
377 2514 423 2551 ad
454 2513 628 2562 malum,
658 2528 733 2566 qua
761 2513 908 2566 aliquid
931 2514 1043 2566 plus,
1073 2531 1190 2568 quam

74 2565 245 2606 libet-um
273 2566 477 2605 arbitrium
497 2568 679 2605 duntaxat
707 2568 920 2617 spoliatum
942 2569 1047 2605 innui
1067 2597 1077 2614 ,
1109 2583 1190 2607 ma-

71 2620 253 2657 nifestum
295 2627 374 2667 est,
421 2628 501 2657 tum
546 2633 591 2657 ex
622 2622 702 2672 ipsa
745 2622 847 2658 vocis
888 2620 1188 2671 significatione,

72 2678 153 2710 tum
183 2685 227 2710 ex
248 2680 424 2710 consueta
442 2673 608 2711 Concilii
640 2672 766 2724 phrasi
784 2687 795 2718 3
823 2687 912 2710 nam
935 2675 1065 2711 endem
1086 2673 1184 2713 Sess.

71 2737 159 2763 can.
186 2723 259 2763 ult.
290 2724 445 2777 loquens
472 2726 519 2764 de
538 2727 840 2778 concupiscentia
868 2727 984 2773 dicit,
1013 2740 1096 2764 eam
1118 2741 1185 2766 vo-

71 2779 152 2816 cari
182 2787 377 2830 peccatum
394 2808 406 2828 ,
435 2782 528 2831 quia
558 2792 611 2818 ex
629 2788 793 2830 peccato
822 2788 903 2828 est,
933 2779 983 2820 ὠ
1011 2778 1067 2818 ad
1093 2792 1185 2830 pec·

72 2839 210 2870 catum
237 2832 405 2870 inclinat
422 2862 433 2880 ,
461 2846 538 2885 quo
565 2842 665 2871 certe
693 2832 777 2871 loco
792 2845 900 2870 nemo
916 2835 1182 2883 somniaverit,

71 2883 190 2922 verbo
217 2885 383 2924 inclinat
411 2884 529 2924 solam
560 2885 855 2938 expoliationem
885 2886 1091 2937 significari
1109 2913 1120 2924 .

131 2947 219 2986 170.
246 2937 320 2976 Sed
348 2937 472 2977 adhuc
501 2938 731 2978 luculentius
746 2948 868 2978 nostra
897 2941 1077 2978 sententia
1094 2952 1181 2992 pro-

75 2984 188 3026 hatur
215 3002 260 3028 ex
278 2989 347 3029 SS.
366 2991 563 3041 Patribus,
595 2994 834 3045 potissimum
865 3006 954 3031 vero
982 3006 1025 3031 ex
1046 2993 1089 3032 S.
1106 2993 1184 3031 Αιι-

72 3041 242 3092 gustinO,
265 3042 428 3096 ejusque
459 3045 686 3098 discipulis.
717 3045 757 3085 S.
781 3046 918 3084 Doctor
945 3047 1068 3085 Serm.
1096 3046 1182 3086 132.

72 3105 183 3133 num.
207 3092 251 3131 ’6.
279 3097 468 3134 attendens
496 3099 543 3136 ad
569 3099 793 3151 parabolam
838 3099 1002 3138 hominis
1030 3100 1183 3137 descen-

71 3145 193 3183 dentis
220 3145 270 3184 ab
297 3146 504 3188 Jerusalem
521 3180 534 3198 ,
579 3153 618 3190 in
646 3167 723 3205 qua
752 3153 890 3191 Adami
927 3153 1180 3191 infortunium

71 3197 254 3250 graphice
277 3199 475 3252 depictum
501 3213 579 3241 est:
612 3233 640 3252 „
659 3206 755 3244 Sunt
790 3205 962 3244 homines
979 3237 989 3254 ,
1028 3210 1150 3257 Inquit
1166 3236 1177 3255 ‚

69 3279 104 3299 v„
130 3253 265 3303 ingrati
293 3254 453 3304 gratiae,
495 3255 658 3294 multum
687 3258 894 3298 tribuentes
923 3261 1057 3312 inopi,
1095 3273 1180 3296 sau-

67 3332 100 3354 „
129 3305 278 3356 ciaeque
306 3315 450 3344 naturae
469 3333 478 3344 .
508 3307 652 3346 Verum
682 3318 760 3357 est,
789 3324 943 3365 magnas
961 3312 1112 3352 arbitrii
1130 3311 1180 3351 li-

177 3356 423 3413 Gazzuniga
454 3358 585 3401 Theoi.
615 3359 727 3402 Tom.
747 3362 816 3404 IV·

2248 114 2328 155 1535

1275 209 1301 229 „
1330 181 1413 219 beri
1436 183 1533 220 viies
1564 182 1700 230 1101110,
1731 197 1819 222 cnm
1841 184 2088 234 conderetur,
2118 191 2290 241 accepit,
2320 193 2384 231 sed

1276 262 1303 282 ,,
1333 235 1526 285 peccando
1555 237 1707 274 amisit.
1753 238 1792 274 ln
1822 249 1980 276 mortem
2012 238 2139 290 lapsus
2168 253 2243 291 eut,
2276 246 2384 283 iufir-

1275 315 1302 334 „
1333 300 1416 323 mns
1447 287 1566 325 sactus
1597 297 1674 335 est,
1715 304 1736 326 a
1768 289 1977 329 latronibus
2019 295 2226 334 semivivus
2256 298 2293 335 in
2323 301 2385 337 via

1276 368 1302 387 ‚‚
1333 339 1484 377 relictus
1515 350 1564 378 est
1587 343 1612 362 “
1630 367 1640 378 .
1673 342 1761 379 ltein
1782 343 1865 380 Lib.
1888 344 1935 381 cle
1965 355 2049 384 nait.
2067 377 2077 393 ‚
2107 349 2156 388 (9‘
2178 359 2281 399 grat,
2296 366 2384 404 cap.

1280 392 1340 430 15.
1370 393 1564 444 explicans
1594 393 1661 432 illa
1704 396 1819 433 verba
1851 396 1988 436 l’salini
2019 400 2087 437 Xl.
2137 401 2251 441 Sirim
2295 411 2382 444 ‹mi—

1275 458 1390 482 mam
1421 460 1559 483 meam
1577 474 1586 484 .
1621 447 1722 493 Oui!
1749 460 1937 497 nin-itur,
1969 454 2119 504 inquit,
2150 468 2182 491 st
2212 456 2306 494 nibil
2325 468 2385 496 est

1272 499 1521 535 vulneratum
1545 530 1554 547 ‚
1584 500 1678 537 m'zc'l
1707 501 1948 540 debilitatum
1972 535 1980 551 ,
2011 516 2128 554 ntique
2158 513 2336 547 vitiatum
2359 512 2384 548 ?

1273 550 1457 602 Ejusdem
1490 552 1580 590 libri
1611 567 1696 605 cap.
1721 555 1782 592 53.
1832 557 1933 605 Qnil
1962 567 2118 596 mnium
2149 561 2196 598 (le
2226 574 2383 602 rzizturoe

1270 603 1524 654 possibilitate
1552 608 1844 657 praesumitur?
1889 608 2107 650 Vulnerata
2127 644 2136 660 ,
2167 621 2381 667 sauciata,

1271 668 1446 706 vexata,
1476 659 1630 709 perdita.
1659 670 1717 698 esc
1735 687 1744 698 .
1776 661 1814 698 ld
1839 667 1967 714 repetit
2000 669 2179 706 sexcentis
2200 670 2246 706 >in
2268 671 2382 718 locis,

1271 721 1310 749 ut
1340 711 1452 764 plane
1483 713 1655 764 prodigio
1685 714 1811 752 simile
1855 718 2049 765 videatur,
2095 719 2151 757 his
2180 721 2384 773 phrasibus

1269 777 1343 802 non
1362 779 1448 803 vera
1468 764 1648 814 vulnera,
1678 768 1740 804 sed
1773 769 2026 821 metaphorice
2055 772 2175 811 solam
2203 778 2382 826 gratuito-

1268 830 1356 856 rum
1386 818 1682 870 expoliationem
1711 821 1906 872 desiguare
1938 825 2121 864 voluisse.

1328 885 1416 923 ¹7¹·
1446 872 1645 923 Augustini
1691 874 1886 926 phrasim,
1929 877 1963 913 8(
2000 883 2249 929 sententiam,
2293 884 2381 922 ado-

1268 933 1419 976 ptarunt
1449 923 1668 974 Pontifices,
1701 926 1876 967 &Patres
1904 931 2120 971 subsecuti.
2150 934 2380 975 Coelestinus

1266 977 1367 1031 Papa
1397 980 1435 1016 in
1478 978 1636 1017 decretis
1675 982 1833 1020 annexis
1874 997 1952 1020 suae
1985 985 2165 1036 Epistolae
2208 989 2253 1025 ad
2285 989 2379 1040 Epi-

1264 1045 1394 1083 scopos
1422 1031 1562 1069 Galliae
1593 1046 1677 1085 cap.
1716 1047 1747 1072 1.
1779 1039 1817 1071 in
1846 1043 2179 1085 praevaricatione
2210 1040 2310 1080 [141ae
2337 1057 2380 1080 o-

1265 1098 1379 1122 mnes
1408 1084 1585 1123 lzomi'nes
1627 1088 1855 1126 naturalem
1886 1091 1934 1130 ὅ)
1963 1092 2257 1141 ροςειᾉέέέιίιιῑεηι
2278 1125 2287 1143 ,
2331 1096 2382 1136 (9-

1263 1141 1537 1176 innocentt'czm
1566 1139 1806 1189 perdidisse,
1852 1145 1930 1190 ait,
1961 1144 1994 1180 &
2025 1159 2060 1182 c·
2090 1159 2128 1197 1).
2158 1150 2277 1197 gratia
2307 1149 2383 1187 Dei

1263 1191 1432 1230 liberum
1461 1191 1667 1229 arbitrium
1698 1192 1856 1232 liberari
1887 1197 1998 1244 dicit,
2029 1207 2070 1233 ιιε
2092 1189 2146 1235 ‘de
2175 1200 2382 1239 tenebroso

1265 1245 1438 1283 lucidum
1457 1275 1467 1293 ‚
1497 1243 1545 1282 tle
1572 1258 1693 1295 pravo
1713 1256 1864 1284 rectum
1883 1279 1893 1296 ,
1921 1248 1971 1286 de
1999 1249 2189 1301 languido
2211 1266 2380 1303 simum,

1264 1297 1313 1335 cle·
1342 1297 1591 1346 imprudente
1621 1304 1669 1336 sit
1697 1300 1921 1347 pros-iilum.
1952 1301 2034 1340 Post
2063 1306 2380 1345 autemGelasius

1262 1352 1293 1388 J.
1325 1353 1362 1388 in
1393 1351 1513 1402 Epist.
1554 1351 1600 1388 ad
1631 1352 1838 1405 Episcopos
1882 1369 1948 1406 per
1979 1354 2183 1406 Picenum,
2227 1370 2382 1410 peccato

1263 1405 1421 1457 originis
1463 1407 1593 1453 ipsam
1624 1403 1848 1443 humanam
1879 1407 2143 1446 substanttam
2185 1411 2380 1463 (lepram-

1264 1466 1351 1494 tam
1380 1470 1493 1504 esse,
1533 1456 1670 1495 clamat
1689 1485 1699 1495 .
1743 1459 1783 1497 S.
1815 1458 1972 1512 Prosper
2002 1466 2040 1497 in
2075 1462 2212 1501 szrm.
2243 1465 2291 1503 de
2319 1480 2380 1503 m-

1259 1515 1388 1561 gratis
1417 1523 1454 1547 v.
1488 1509 1578 1556 584.
1608 1511 1747 1564 duplex
1779 1528 1799 1549 a
1831 1524 1983 1564 peccato
2013 1515 2122 1554 nobis
2151 1516 2291 1556 vulnus
2322 1521 2379 1558 iu-

1262 1563 1440 1610 llictum,
1468 1562 1614 1600 scilicet
1645 1565 1682 1601 in
1712 1565 1936 1616 intellectu,
1968 1566 2000 1603 ἃ
2032 1569 2069 1607 111
2100 1569 2316 1620 volun-tate,
2348 1576 2378 1610 i-

1261 1623 1298 1652 ta
1327 1614 1516 1665 eleganter
1537 1616 1744 1655 describit:

1317 1667 1427 1705 Hinc
1457 1672 1586 1706 animi
1614 1673 1720 1721 vigor
1749 1669 1903 1709 obtusus
1933 1675 2104 1726 caligine
2133 1687 2237 1716 tetra

1317 1720 1527 1770 Imitatur,
1556 1735 1628 1759 nec
1646 1722 1736 1773 sert
1765 1723 1906 1761 ‹lirina›
1923 1726 2096 1778 fulgura
2125 1730 2217 1768 locis

1317 1774 1476 1813 Lumen
1495 1778 1603 1813 iners
1619 1790 1633 1819 ,-
1663 1775 1751 1814 hinc
1768 1775 1978 1816 'arbitrium
2000 1794 2068 1831 per
2088 1781 2200 1820 dena
2221 1784 2378 1836 lapsum

1312 1828 1529 1867 claudicat
1558 1829 1645 1869 &0-

1261 1884 1310 1923 Et
1338 1883 1378 1921 S.
1408 1881 1631 1934 Fulgentius
1661 1882 1710 1922 de
1737 1884 1924 1935 Incarn„
1964 1888 2012 1929 (ῥ’
2046 1888 2163 1929 Grac.
2193 1904 2280 1944 cap.
2316 1893 2378 1932 13.

1261 1937 1421 1989 loquens
1450 1936 1496 1973 de
1526 1935 1682 1975 homine
1711 1937 1846 1990 lapso.
1881 1971 1906 1987 „
1929 1940 2177 1993 Expoliatus,
2220 1950 2343 1995 inqui:
2364 1977 2376 1994 ‚

1262 2021 1289 2041 „
1320 1991 1537 2029 vestimento
1567 1989 1656 2028 fidei
1674 2021 1684 2040 ,
1726 1993 2017 2045 carnaliumque
2046 1999 2374 2048 concupiscentia-

1261 2076 1287 2094 „
1318 2057 1405 2082 rum
1435 2042 1660 2081 vulneribus
1688 2046 1903 2094 sauciatus,
1947 2049 2001 2085 sic
2030 2047 2149 2097 jacuit
2177 2064 2376 2103 oppressus

1262 2129 1288 2148 ,,
1318 2098 1460 2136 ditione
1486 2097 1660 2147 peccati,
1691 2107 1731 2134 ut
1760 2098 1973 2137 nullatenus
1993 2100 2148 2154 aliquod
2178 2103 2290 2142 bonae
2310 2119 2374 2142 vo-

1262 2181 1288 2200 „
1319 2151 1470 2189 luntatis
1500 2150 1653 2187 initium
1684 2149 1825 2189 habere
1854 2155 2031 2204 potuisset
2052 2159 2077 2177 ‘⁶
2095 2181 2106 2192 .

1321 2217 1407 2255 172.
1437 2202 1510 2240 Sed
1539 2215 1674 2250 nemo,
1705 2212 1744 2240 ut
1774 2215 1890 2256 puto,
1922 2205 2019 2245 hauc
2041 2210 2234 2248 veritatem
2266 2225 2376 2263 aper-

1260 2259 1332 2296 tius
1353 2257 1480 2294 doeuit
1499 2285 1510 2303 ,
1540 2255 1748 2295 &meliore
1770 2259 1808 2296 in
1831 2257 1979 2297 lumine
1999 2260 2199 2301 collocavit
2218 2294 2228 2311 ,
2258 2278 2377 2317 quam

1261 2311 1301 2349 S.
1332 2309 1500 2348 Thomas
1519 2339 1528 2356 ‚
1572 2308 1683 2360 cujus
1712 2310 1842 2362 aliqua
1872 2312 2051 2352 duntaxat
2091 2314 2294 2355 illustriora
2323 2328 2377 2356 te-

1259 2364 1437 2403 stimonia
1461 2361 1645 2413 seligam,
1674 2372 1713 2401 nt
1729 2363 1882 2403 brevior
1896 2368 1983 2405 sim.
2015 2369 2056 2405 ln
2074 2370 2120 2406 ll.
2150 2369 2260 2408 Sene.
2278 2371 2376 2411 Dist-

1256 2418 1327 2456 50.
1356 2431 1422 2468 qu.
1459 2429 1492 2453 1.
1523 2425 1592 2453 art.
1626 2430 1662 2454 1.
1692 2417 1738 2455 ad
1769 2417 1807 2456 5.
1836 2432 1924 2457 cuni
1955 2420 2030 2459 sibi
2066 2422 2262 2474 objecisset
2293 2438 2376 2462 ver-

1258 2470 1311 2522 ba
1334 2469 1379 2507 S,
1409 2469 1588 2521 Dionysii
1616 2469 1732 2522 vulgo
1749 2471 1936 2524 Areopag.
1965 2474 2151 2523 dicentis,
2183 2476 2375 2525 Angelum

1261 2521 1357 2559 nihil
1387 2522 1556 2559 amisisse
1585 2522 1630 2558 de
1659 2522 1771 2560 bonis
1814 2525 2050 2564 naturalibus
2091 2529 2164 2566 sibi
2195 2529 2339 2567 collatis
2358 2558 2371 2577 ,

1257 2571 1477 2624 respondet:
1508 2600 1535 2620 ,-,
1557 2572 1659 2610 Bona
1687 2575 1876 2612 naturalia
1918 2578 2095 2615 dicuntur
2135 2581 2340 2631 dupliciter
2360 2611 2373 2628 ,

1258 2654 1284 2672 ‚‚
1316 2623 1374 2661 vel
1394 2634 1502 2676 prout
1522 2632 1607 2660 sunt
1629 2625 1665 2661 in
1694 2639 1731 2661 se
1751 2627 1984 2665 considerata
2001 2659 2011 2676 ,
2041 2633 2247 2669 secundum
2269 2634 2372 2685 quod

1258 2707 1284 2727 „
1312 2686 1460 2715 naturae
1491 2676 1677 2714 debentur
1706 2690 1750 2714 ex
1782 2680 1946 2730 propriis
1990 2683 2209 2735 principiis,
2252 2686 2285 2722 8t
2311 2689 2371 2725 sic

1256 2760 1282 2778 „
1313 2744 1379 2768 nec
1412 2729 1551 2778 1101110,
1596 2743 1663 2767 nec
1693 2729 1857 2782 Angelus
1886 2746 1952 2784 per
1983 2745 2179 2785 peccatum
2223 2737 2371 2791 aliquid

1254 2813 1282 2832 „
1312 2781 1546 2822 naturalium
1576 2784 1730 2832 amisit,
1761 2784 1818 2821 vel
1852 2786 1888 2821 in
1918 2784 2048 2838 aliquo
2075 2788 2284 2830 diminutus
2313 2801 2366 2830 est

1253 2866 1280 2885 „
1309 2863 1366 2875 ....
1388 2835 1458 2873 Vel
1476 2836 1684 2874 secundum
1714 2838 1813 2889 quod
1842 2838 2066 2878 ordinantur
2095 2842 2133 2880 in
2160 2842 2278 2883 finem
2309 2845 2368 2883 ul-

1253 2920 1279 2939 „
1308 2893 1475 2937 timum,
1507 2888 1539 2924 8(
1562 2889 1630 2928 hoc
1661 2890 1771 2927 modo
1801 2892 1838 2927 in
1868 2899 2025 2945 utroque
2042 2890 2153 2933 ’bona
2174 2899 2361 2937 naturalia

1255 2973 1280 2992 ,‚
1310 2944 1501 2983 diminuta
1532 2952 1640 2990 sunt,
1672 2957 1742 2980 non
1763 2944 1920 2995 quidem
1950 2947 2095 2998 penitus
2123 2952 2262 2989 amissa
2283 2982 2294 3000 ,
2324 2954 2366 2991 in

1256 3025 1282 3045 „
1311 3006 1499 3048 quantum
1550 3005 1707 3047 uterque
1738 2997 1856 3035 sactus
1885 3007 1935 3036 est
1963 3001 2091 3039 minus
2137 3002 2303 3053 ha‘bilis,
2332 3005 2368 3042 δε

1253 3078 1279 3097 ,,
1308 3050 1430 3099 magis
1470 3050 1612 3086 distans
1641 3064 1661 3086 a
1691 3049 1776 3087 finis
1805 3053 2091 3103 cmisecutione,
2136 3055 2170 3092 &
2214 3067 2366 3110 propter

1251 3131 1278 3149 ‚,
1308 3102 1378 3139 hoc
1408 3102 1520 3138 etiam
1566 3100 1678 3139 homo
1707 3104 1874 3153 gratuitis
1910 3104 2092 3156 spoliatus
2119 3109 2286 3160 dicitur,
2330 3111 2364 3147 ἃ

1249 3183 1275 3201 ,,
1305 3157 1343 3192 111
1364 3153 1604 3191 naturalibus
1625 3154 1844 3194 vulneratus
1866 3157 1982 3196 Lucae
1999 3159 2052 3199 X.
2082 3163 2121 3199 in
2154 3163 2285 3203 Glossa
2305 3168 2330 3185 “
2349 3189 2360 3201 .

1249 3207 1327 3244 Ubi
1357 3206 1397 3244 S.
1431 3205 1568 3245 Doctor
1596 3220 1673 3246 non
1702 3208 1825 3247 solum
1862 3211 1976 3250 fuisse
2004 3212 2197 3254 hominem
2228 3217 2360 3254 vulne-

1247 3268 1373 3298 ratum
1405 3261 1442 3297 iu
1472 3260 1712 3299 naturalibus
1753 3262 1888 3311 docet,
1936 3266 2001 3304 sed
2030 3267 2188 3308 ulterius
2229 3271 2354 3319 ipsum

1248 3313 1384 3354 vulnus
1412 3311 1527 3366 quale
1553 3315 1627 3365 sit,
1655 3315 1986 3415 nobis4explicat‚
2013 3321 2116 3373 quod
2143 3321 2284 3361 scilicet
2312 3334 2353 3359 111-

1734 3381 1755 3407 2
2214 3384 2297 3410 Ver*
