2583 3685
916 121 995 164 DE
1030 117 1281 164 MESSIAE
1313 114 1565 162 Dllerr'.
2288 120 2342 160 35

104 204 346 244 modabimus
372 201 472 241 hunc
499 211 678 239 sensum:
709 199 873 238 Vocabit
895 200 1077 239 Messinm
1108 202 1215 247 justi-

108 263 211 296 tiam
239 265 420 296 nostram
438 285 448 302 ‚
479 253 538 292 vel
562 255 715 306 justum
744 263 920 292 nostrum
943 283 954 302 ,
985 253 1043 291 vel
1069 248 1216 306 justifi-

103 320 266 350 cantem
292 321 387 347 nos.
416 308 515 347 Haee
542 308 645 345 enlm
665 309 794 345 omnia
824 308 863 346 iu
893 307 995 345 idem
1019 308 1215 345 recidunt.

161 377 210 403 2ο
240 387 251 399 .
280 361 438 400 Frustra
467 361 580 400 etiam
612 370 663 399 est
692 361 844 399 Grotius
867 390 878 408 ,
906 361 972 411 qui
1003 358 1218 397 Socinianis

104 375 408 469 μιῑὶἕοαωτιιε,
438 423 479 453 ut
506 415 589 455 vim
618 413 735 464 hujus
763 412 909 452 oraculi
939 412 1214 458 labefactaret,

103 469 230 522 primo
258 475 377 506 totum
409 466 478 506 hoc
522 469 746 506 vaticinium
776 467 823 504 ad
852 465 1128 504 zorobabelem
1158 477 1216 500 re-

100 519 212 569 tulit,
240 521 309 574 qui
338 520 502 574 figuram
532 521 684 572 gerebat
712 519 877 558 Christi:
924 518 1059 556 deinde
1087 517 1215 554 obser-

99 575 205 613 vavit
224 604 235 620 ‚
267 573 399 613 eadem
428 574 546 615 verba
576 575 690 612 fuisse
718 588 741 611 a
768 573 809 611 S.
838 570 1026 623 Propheta
1056 570 1215 607 inferius

99 639 189 679 cap.
211 627 398 667 XXXIII.
425 627 486 667 16.
515 628 672 680 repetita
699 639 787 664 cum
817 624 948 676 aliqua
978 623 1214 661 immutatio-

101 691 171 718 ne:
200 679 248 718 In
277 679 410 720 diebus
436 681 512 719 illis
540 679 752 718 salvabitur
765 676 896 726 sucta,
925 674 1215 717 &Jerusalem

101 736 118 784 (
148 732 218 772 alii
259 733 387 786 legunt
414 733 543 773 Israel
572 734 585 780 )
615 729 802 770 habitabit
842 728 1119 783 confidenter,
1165 729 1215 768 (θ’

99 784 172 824 hoc
201 795 259 824 est
287 800 461 836 nomen,
508 784 609 838 quod
635 783 826 823 vocabunt
853 795 945 822 eum
961 812 973 831 ‚
1016 781 1214 820 Dominus

111 840 229 879 ‘ustus
256 849 388 880 noster
402 856 418 886 ‚·
448 840 627 879 hebraice
633 839 791 891 justina
818 844 989 879 nostra‚·
1019 836 1127 888 quasi
1143 836 1214 872 sci-

95 851 192 933 iicet
218 893 266 933 de
292 893 532 941 Jerusalem,
568 890 629 930 vel
657 891 704 929 de
732 889 830 928 Juda
859 890 896 928 id
927 889 1214 941 intelligendum

99 947 172 985 sit:
221 947 320 986 unde
349 948 464 986 etiam
493 944 641 997 legebat
668 943 858 982 vocabunt
901 956 995 980 eam
1017 973 1028 990 ,
1075 956 1215 992 nempe

100 1000 324 1051 civitatem,
351 998 386 1038 81
414 1011 505 1038 cum
534 998 679 1038 videret
707 1011 730 1035 a
758 996 934 1044 Graecis,
972 994 1004 1031 8<
1033 994 1217 1033 Chaldaeo

98 1054 199 1092 iuter
227 1060 303 1091 rete
329 1051 404 1104 legi
431 1063 524 1091 eum
543 1063 678 1105 genere
708 1049 921 1090 masculino
938 1078 948 1097 ,
978 1048 1018 1086 id
1047 1047 1216 1101 explica·

99 1106 156 1145 vit
207 1119 228 1143 e
253 1105 381 1144 Juda-

123 1182 133 1186 -
153 1170 245 1196 210.
273 1157 348 1198 Sed
375 1166 451 1197 tota
489 1156 562 1197 illa
604 1156 862 1208 interpretatio
890 1155 1014 1194 Grotii
1062 1154 1215 1193 distorta

95 1219 176 1259 est,
203 1211 395 1260 obscura,
422 1210 457 1248 ἃ
477 1211 642 1250 absurda
659 1237 669 1249 .
699 1208 901 1257 Quomodo
931 1209 1034 1247 enim
1055 1216 1118 1245 aut
1145 1207 1213 1245 Ju-

97 1263 173 1313 da,
200 1273 266 1303 aut
292 1263 506 1304 Jerusalem
536 1264 665 1301 vocari
693 1263 815 1314 potuit
834 1260 1032 1299 Dominus
1055 1263 1214 1313 justitia

95 1316 276 1355 nostra?
303 1316 353 1356 Et
381 1315 502 1355 multo
529 1315 731 1355 absurdius
761 1324 840 1362 est,
869 1315 970 1366 quod
997 1315 1128 1362 addit,
1157 1313 1213 1351 lo-

99 1382 148 1408 co
171 1371 342 1421 justitioe
368 1369 597 1408 substituens
625 1367 956 1421 beneficentiam,
985 1381 1053 1405 seu
1073 1365 1214 1405 Domi-

98 1434 176 1459 nus
202 1421 312 1460 nobis
339 1421 560 1473 benefecit
578 1448 588 1460 .
619 1423 747 1474 Inepte
776 1422 890 1459 etiam
911 1421 1066 1459 Grotius
1094 1429 1217 1459 totum

100 1473 207 1514 hunc
233 1475 362 1514 locum
390 1475 438 1514 ad
466 1474 744 1513 zorobabelem
774 1474 914 1521 refert,
944 1488 1033 1511 cum
1064 1473 1123 1512 vel
1142 1475 1214 1526 ipsi

98 1526 269 1569 Rabhini
298 1527 575 1575 confiteantur,
615 1526 685 1564 hoc
714 1527 938 1564 vaticinium
970 1535 1138 1578 spectare
1168 1526 1216 1564 ad

98 1579 312 1628 messiam,
341 1581 376 1618 &
405 1579 531 1619 solum
559 1579 760 1618 nobiscum
790 1580 1008 1631 disputent,
1037 1594 1083 1616 an
1112 1578 1216 1617 Mes-

98 1634 171 1672 sias
199 1632 256 1673 ibi
283 1633 496 1687 designatus
523 1632 607 1686 jam
634 1633 858 1680 advenerit,
906 1645 954 1670 an
984 1644 1074 1671 vero
1103 1643 1218 1682 expe-

99 1686 254 1727 ctandus
282 1685 408 1726 adhuc
436 1687 510 1726 sit.

156 1752 247 1778 211·
276 1739 413 1780 Simile
454 1740 680 1780 vaticinium
720 1738 886 1777 habetur
921 1738 1023 1790 apud
1051 1736 1218 1789 Prophe-

98 1800 180 1831 tam
207 1793 344 1832 isaiam
371 1806 464 1845 cap..
478 1793 550 1832 IX.
579 1792 621 1831 6.
667 1791 858 1830 Parvulas
899 1801 1020 1829 natus
1061 1800 1119 1829 est
1148 1804 1217 1828 no-

101 1843 187 1894 bc's,
233 1846 283 1886 <9⁹
301 1844 446 1897 factus
474 1855 532 1884 est
574 1849 818 1896 principatus
847 1857 963 1895 super
1004 1843 1213 1882 humerum

102 1899 189 1948 ejus
205 1928 216 1946 ‚
245 1898 294 1939 (9⁴
310 1896 508 1937 vocabitur
520 1911 669 1936 nomen
688 1900 774 1951 ejus
799 1896 1054 1936 Atlmirabilis
1071 1927 1082 1946 ,
1115 1896 1217 1935 Con-

100 1952 300 2000 siliarius,
348 1950 487 2001 Deus,
535 1950 688 1999 Fortis,
737 1950 859 1989 Pater
874 1950 1010 2002 futuri
1045 1951 1182 1989 soeculi
1203 1981 1215 2000 ,

99 2003 290 2055 Princeps
319 2008 458 2055 pacis:
504 2003 824 2057 multiplicabitur
852 2006 937 2056 ejus
973 2008 1182 2055 imperium
1202 2034 1215 2054 ,

52 2079 65 2086 -
101 2057 152 2098 (9-
179 2061 290 2108 pacis
317 2069 398 2095 non
426 2060 499 2095 erit
515 2056 620 2110 finis
648 2058 736 2098 &c,
779 2057 932 2105 Quibus
961 2057 1090 2096 verbis
1117 2057 1216 2096 desi-

98 2112 210 2162 gnari
239 2109 420 2150 Messian:
438 2140 450 2160 ,
481 2111 623 2150 nemini
639 2111 802 2150 dubium
831 2118 882 2149 est
898 2125 911 2158 ;
937 2109 1049 2162 cujus
1078 2109 1217 2149 huma»-

97 2176 189 2202 uam
218 2173 394 2203 naturam
411 2193 423 2212 ,
458 2162 574 2203 simul
602 2178 693 2203 cuin
721 2165 852 2204 divina
869 2163 1098 2217 ‘copulatam
1128 2163 1216 2210 Pro-

98 2215 213 2268 pheta
241 2230 285 2255 ex
316 2218 450 2256 rimit.

155 2283 246 2308 212.
275 2231 409 2324 §eque
439 2271 595 2309 ferenda
623 2279 675 2308 est
695 2271 819 2309 Grotii
849 2270 1007 2308 audacia
1025 2299 1036 2318 ,
1065 2269 1133 2321 qui
1150 2281 1214 2308 vo-

99 2321 181 2360 lens
209 2322 279 2360 hoc
308 2322 508 2362 oraculum
550 2324 596 2361 ad
626 2323 831 2361 Ezechiam
861 2323 1110 2374 detorquere,
1162 2324 1213 2360 ita

97 2374 305 2426 legendum
322 2377 490 2428 putavit:
522 2375 774 2413 Consultator
792 2374 871 2413 Dei
887 2375 1011 2427 fortis
1030 2401 1041 2413 .
1071 2375 1126 2413 Ita
1140 2389 1212 2414 sae-

98 2439 149 2479 pe
177 2427 311 2480 ineptit
329 2429 425 2475 «vir,
454 2428 551 2465 alias
578 2440 653 2465 non
684 2428 881 2466 indoctus.
919 2428 976 2466 Ne
1006 2437 1130 2467 tamen
1160 2438 1213 2466 to-

97 2489 176 2518 tam
207 2479 392 2532 tritunphi
421 2479 585 2533 gloriam
597 2480 776 2518 concedat
793 2479 975 2518 Rabbinis
992 2510 1003 2527 ‚
1032 2482 1100 2533 qui
1124 2495 1214 2520 eum

99 2534 139 2570 in
170 2531 241 2572 hac
268 2532 413 2571 oraculi
434 2533 704 2586 depravatione
732 2542 1032 2586 praecesserunt,
1064 2533 1144 2571 111111
1174 2537 1212 2573 111

98 2584 262 2624 Ezechia
291 2586 408 2625 fuisse
439 2586 620 2626 Messiam
650 2586 966 2638 praefiguratum.
995 2586 1069 2624 Sed
1098 2587 1215 2639 quili-

96 2637 161 2677 het
190 2638 302 2677 facile
332 2639 457 2688 videt,
488 2653 609 2692 neque
638 2639 842 2686 Ezechiae,
887 2653 952 2677 nec
982 2640 1215 2691 cuicumque

98 2689 206 2730 alteri
236 2691 454 2731 mortalium
486 2705 590 2745 posse
619 2694 801 2742 nomina,
831 2693 879 2733 (9¹
908 2692 1143 2731 characteres
1169 2693 1214 2730 il-

99 2740 176 2783 lius
204 2745 358 2798 parvuli
387 2747 612 2785 convenire:
660 2746 750 2785 Jesu
777 2755 904 2784 autem
942 2745 1010 2783 soli
1042 2746 1216 2784 adamus-

99 2797 172 2837 01111
199 2807 442 2853 competere,
470 2801 539 2852 qui
568 2798 683 2839 simul
714 2799 816 2838 Deus
848 2808 925 2849 est,
955 2798 989 2835 8t
1019 2799 1160 2838 homo.

158 2850 248 2890 215.
278 2853 472 2892 Addamus
501 2868 572 2902 ea,
601 2868 689 2905 quoe
721 2854 800 2906 ipse
830 2851 1012 2904 Propheta
1045 2853 1156 2890 isaias
1171 2853 1216 2890 de

102 2911 262 2942 venturo
271 2904 414 2946 Messia
430 2906 638 2960 magnifice>
651 2907 832 2960 praedicat
849 2921 860 2953 3
891 2915 930 2944 ut
947 2919 1032 2959 cap.
1044 2905 1215 2945 XXXV.

104 2954 173 3002 4.,
201 2956 269 2996 ubi
296 2959 347 2997 ita
375 2962 524 2999 animos
549 2969 693 2999 nostros
720 2962 853 3013 erigit:
895 2958 1028 2998 Dicite
1056 2960 1217 3012 pusilla-

106 3011 229 3046 nimis
242 3022 257 3053 ,·
284 3010 596 3064 confortamini,
622 3014 672 3056 (9⁶
700 3015 822 3053 nolite
849 3017 991 3052 timere
1007 3040 1048 3053 ...
1105 3012 1216 3052 Deus

107 3064 190 3111 5950
217 3065 369 3111 veniet,
396 3064 445 3107 Φ·
473 3065 638 3106 salvabit
667 3081 731 3107 vos
747 3082 760 3105 .·
796 3077 890 3106 tunc
918 3072 1148 3117 aperientur
1176 3080 1218 3104 o-

110 3115 187 3151 culi
208 3127 404 3154 coecorum
422 3146 434 3166 ,
460 3119 510 3159 <9⁶
528 3133 646 3159 aures
660 3121 868 3160 surdorum
883 3120 1093 3172 patebunt:
1123 3130 1216 3158 tunc

107 3168 223 3205 saliet
240 3198 250 3216 ,
280 3171 379 3206 sicut
407 3183 540 3209 cervus
568 3174 732 3212 claudus
752 3205 764 3224 ,
792 3176 841 3218 &⁶
871 3185 1013 3225 apertu.
1043 3179 1115 3212 erit
1145 3175 1217 3210 lin-

108 3234 189 3275 gua
219 3230 448 3262 mutorum.
493 3224 552 3262 Ad
579 3227 679 3280 quod
709 3225 936 3267 vaticinium
965 3237 1065 3267 certe
1095 3242 1218 3279 respe-

1284 198 1338 235 xit
1367 195 1537 234 Christus
1567 195 1785 244 Dominus,
1857 195 1981 234 nando
2011 193 2149 234 Matth.
2173 195 2242 233 XI.
2272 195 2311 241 4.
2340 196 2398 234 di-

1283 249 1442 301 scipulis
1472 249 1646 299 Baptistae
1677 250 1795 286 dixit:
1854 249 1985 286 {waes
2016 254 2249 287 renunciate
2275 247 2402 286 loan-

1285 307 1354 350 ni,
1384 315 1472 352 quse
1493 301 1658 339 ‹zu-listis
1676 332 1685 349 ,
1714 303 1763 342 (¹9¹
1779 306 1810 338 ri
1826 302 1923 339 listis
1941 316 1952 338 .·
1984 307 2082 340 cceci
2097 303 2226 342 vitlem
2243 332 2253 350 ‚
2283 302 2393 339 clau-

1286 356 1327 393 ‹lt'
1354 354 1560 392 ambulant
1579 384 1589 402 ‚
1618 356 1759 405 leprosi
1775 355 2046 403 minutantur,
2077 355 2365 393 surtltszualiunt
2383 385 2394 402 ‚

1285 411 1428 446 mortui
1457 417 1662 458 resurgunt
1691 407 1778 448 [syc.
1809 408 2046 460 Prosequitur
2076 409 2191 448 lsaias
2218 423 2303 460 cap.
2325 408 2396 446 XI.

1288 462 1583 508 consolamini,
1627 462 1921 509 consolamini,
1968 463 2105 511 popule
2135 476 2271 510 meus,
2302 462 2396 499 elicit

1284 514 1393 552 Deus
1423 523 1606 551 vester...
1640 511 1729 550 Vox
1745 514 1958 551 clamanti»-
1989 519 2029 551 ιή
2059 515 2242 555 deserto:
2272 527 2396 563 para-

1283 576 1322 606 te
1351 571 1456 605 viam
1486 565 1679 615 Domini,
1720 575 1851 604 rectas
1868 570 2003 618 jacite
2032 573 2072 605 in
2101 567 2307 606 solitudine
2336 580 2397 605 se-

1284 624 1405 658 mitas
1427 619 1504 658 Dei
1532 624 1742 658 nostri
1772 618 1881 657 Ecce
1902 620 2098 658 Momm-u<
2121 622 2228 660 Deus
2258 619 2397 671 injur-

1283 674 1447 712 titutline
1476 677 1627 722 veniet,
1669 674 1718 714 (9¹
1748 672 1953 712 brachtum
1984 675 2067 718 ejus
2097 673 2363 712 dominabitur
2384 703 2398 721 ‚

1283 742 1372 765 cum
1402 729 1475 774 iis,
1504 741 1591 779 quae
1611 736 1817 779 sequuntur
1834 757 1844 775 ‚
1874 727 1907 762 ὅ(
1938 727 2078 778 quibus
2103 730 2213 766 lsstias
2235 727 2395 780 prophe-

1282 781 1366 819 ticis
1406 780 1642 831 imaginibus
1678 781 1819 817 summi
1851 779 1920 817 Dei
1967 783 2169 831 potentiam
2198 782 2398 832 depingit,

1282 832 1495 872 luculenter
1523 833 1742 880 ostendens,
1793 832 1971 870 Messinm
2003 835 2069 885 qui
2099 835 2146 872 ad
2175 834 2399 872 consolatio-

1281 900 1399 935 nem,
1431 886 1464 922 8<
1491 887 1792 938 redemptionem
1825 885 1935 923 Israel
1968 895 2142 926 venturus
2171 896 2275 934 erat,
2320 901 2398 924 esse

1281 940 1408 979 Deum
1440 954 1663 988 summum,
1693 941 1761 992 qui
1792 940 1832 977 111
1862 953 1976 978 carne
2006 949 2196 993 assumpta
2226 953 2291 978 nos
2320 949 2398 977 erat

1282 993 1492 1032 salvaturus
1509 1019 1519 1029 .

1340 1047 1430 1093 214.
1462 1047 1712 1097 Apertissima
1740 1053 1866 1083 autem
1897 1054 1981 1083 sunt
2012 1060 2081 1094 ea,
2111 1047 2255 1099 quibus
2283 1046 2402 1084 isaias

1283 1101 1323 1138 in
1351 1114 1437 1152 cap.
1461 1099 1584 1137 XLV.
1624 1113 1720 1137 vers.
1748 1101 1807 1136 15.
1859 1100 1907 1135 ita
1937 1098 2116 1137 messiam
2160 1099 2398 1150 alloquitur:

1286 1151 1389 1192 Vere
1418 1163 1458 1190 tu
1487 1166 1528 1190 es
1558 1151 1668 1190 Deus
1698 1150 1976 1200 absconditus,
2015 1151 2124 1189 Dea<
2155 1153 2280 1189 Israel
2310 1151 2398 1189 Sal-

1282 1216 1393 1245 vator
1410 1233 1420 1243 .
1450 1206 1549 1252 Quae
1566 1204 1656 1243 licet
1684 1206 1731 1242 ad
1746 1206 1894 1256 Cyrum
1910 1205 2052 1242 directa
2069 1219 2144 1242 esse
2175 1206 2371 1243 videantur
2387 1235 2399 1252 ,

1282 1261 1322 1298 in
1364 1272 1440 1313 quo
1470 1259 1573 1296 Deus
1604 1258 1721 1295 veluti
1766 1257 2009 1296 absconditus
2053 1273 2097 1296 ea
2137 1258 2399 1308 operabatur,

1283 1326 1374 1366 quae
1393 1312 1634 1365 pertinebant
1663 1311 1711 1349 ad
1727 1311 1887 1349 salutem
1902 1309 2015 1348 Israel
2033 1341 2044 1359 ,
2074 1312 2259 1363 primario
2275 1321 2400 1349 tamen

1283 1367 1499 1418 spectabant
1528 1366 1575 1404 ad
1590 1364 1786 1403 Christum
1817 1377 1953 1402 verum
1985 1363 2130 1402 Israelis
2160 1364 2401 1404 Salvatorem

1285 1421 1353 1470 qui
1382 1419 1539 1472 proprie
1567 1417 1765 1456 dicebatur
1794 1416 1904 1455 Deus
1946 1415 2224 1464 absconditus,
2270 1426 2403 1469 quate-

1283 1487 1353 1511 nus
1384 1472 1453 1510 sub
1485 1471 1567 1509 velo
1597 1470 1842 1508 humanitatis
1872 1469 1954 1517 ejus
1982 1468 2120 1508 latebat
2149 1471 2353 1508 divinitas.

1342 1527 1432 1563 215.
1463 1525 1510 1563 Et
1540 1534 1639 1563 certe
1683 1522 1804 1561 multa
1834 1524 1947 1561 lsaias
1991 1537 2034 1560 eo
2064 1525 2102 1560 in
2133 1522 2215 1560 loco
2258 1522 2369 1561 habet
2391 1553 2407 1572 ,

1316 1591 1374 1613 uae
1405 1578 1506 1629 Cyro
1535 1578 1688 1628 proprie
1717 1578 1919 1614 convenire
1964 1588 2184 1629 nequeum3
2233 1585 2271 1614 ut
2299 1577 2402 1629 quod

1285 1592 1435 1667 ibidem
1462 1630 1576 1666 dicit:
1629 1628 1802 1666 Tantum
1833 1633 1874 1665 ἱη
1903 1639 1939 1665 te
1968 1638 2025 1666 est
2055 1628 2166 1667 Deus
2184 1659 2193 1676 ,
2241 1630 2290 1670 (²)-
2320 1643 2402 1667 non

1287 1680 1434 1732 absque
1462 1692 1500 1719 le
1529 1680 1672 1725 Deus‚·
1717 1695 1806 1733 q-uae
1836 1682 1880 1718 de
1911 1681 2066 1728 Verbo,
2111 1684 2328 1732 unigenito,
2366 1683 2401 1718 &

1285 1733 1595 1774 consubstantiali
1629 1734 1728 1772 Filio
1758 1734 1832 1771 Dei
1863 1747 1950 1771 vere
1992 1735 2190 1771 enunciari
2220 1743 2403 1785 possunt,

1286 1789 1333 1826 de
1360 1790 1463 1840 Cyro
1491 1797 1617 1825 autem
1639 1800 1712 1825 11011
1743 1795 1919 1838 possunt.
1951 1786 2094 1825 Pariter
2113 1800 2203 1839 quae
2235 1801 2405 1840 sequun-

1287 1851 1372 1880 tur:
1401 1841 1531 1880 lsrael
1558 1841 1736 1879 salt-atus
1765 1849 1822 1878 est
1852 1844 1893 1877 in
1924 1839 2100 1878 Domino
2128 1841 2254 1879 salute
2283 1850 2401 1879 oeter-
2439 1859 2446 1870 ·

1285 1908 1365 1944 na,
1411 1908 1484 1933 11011
1515 1902 1667 1947 possunt
1696 1894 1915 1945 significare
1943 1902 2091 1932 tantum
2136 1893 2403 1933 liberationem

1283 1948 1420 2001 populi
1450 1947 1652 1988 Israelitici
1682 1962 1704 1985 a
1732 1948 1952 1999 captivitate
1984 1945 2219 1998 Babylonica
2262 1949 2404 1986 factam

1284 2016 1352 2055 per
1379 2003 1555 2054 Cyrum,
1597 2001 1664 2040 sed
1691 2000 1904 2052 significant
1932 2000 2198 2039 liberationem
2226 2002 2403 2039 omnium

1283 2056 1454 2108 gentium
1495 2069 1518 2092 a
1545 2055 1762 2107 captivitate
1791 2053 1987 2091 Daemonis
2015 2053 2154 2092 factam
2194 2068 2260 2104 per
2289 2052 2406 2093 Chri-

1282 2119 1409 2157 stum,
1439 2122 1527 2161 quae
1558 2122 1646 2146 vere
1676 2115 1730 2145 est
1759 2114 1928 2145 aeterna.
1959 2106 2060 2144 Hinc
2076 2105 2116 2144 S.
2138 2106 2400 2159 Hieronymus

1283 2163 1324 2201 111
1353 2170 1558 2200 comment.
1587 2159 1758 2200 adhunc
1790 2159 1915 2197 Iocum
1938 2172 2070 2197 eorum
2099 2161 2322 2198 sententiam
2342 2174 2400 2197 re-

1283 2213 1409 2262 fellit,
1448 2215 1515 2265 qui
1545 2214 1681 2252 haiam
1712 2213 1757 2250 de
1785 2213 1887 2265 Cyro
1917 2211 2115 2251 Persarum
2147 2226 2234 2265 rege
2263 2215 2398 2252 vatici-

1281 2277 1413 2307 natum
1441 2281 1517 2305 esse
1547 2267 1749 2306 volebant.
1798 2295 1823 2314 „
1853 2265 2081 2314 QuomodO,
2127 2267 2277 2319 iuquit,
2305 2267 2402 2318 Cyri

1286 2353 1312 2372 „
1344 2334 1516 2373 personae
1533 2320 1608 2359 dici
1630 2321 1852 2358 conveniet:
1885 2317 1987 2357 Vere
2001 2328 2041 2356 tu
2057 2332 2095 2356 es
2114 2317 2223 2358 Deus
2239 2319 2407 2358 abscon-

1283 2406 1310 2424 „
1339 2373 1469 2422 ditus,
1500 2373 1608 2411 Deus
1638 2370 1861 2411 Salvator?
1892 2372 1992 2424 Ergo
2017 2373 2146 2421 Deus,
2178 2375 2216 2411 in
2246 2387 2322 2425 quo
2352 2382 2407 2410 est·

1282 2458 1309 2477 „
1338 2427 1443 2466 Deus
1459 2457 1470 2474 ,
1499 2427 1689 2465 Dominus
1717 2435 1841 2464 noster
1860 2425 1968 2464 Jesus
1985 2426 2157 2465 Christus
2179 2427 2404 2471 rectius'fin-

1285 2511 1311 2529 „
1342 2479 1525 2533 telligitur
1543 2511 1554 2529 ,
1585 2480 1617 2516 81
1635 2482 1758 2518 verius
1777 2510 1787 2527 ‚
1817 2481 1885 2531 qui
1916 2480 1955 2517 in
1972 2479 2183 2529 Evangelio
2212 2479 2403 2531 loquitur:

1283 2563 1313 2582 „
1338 2532 1428 2584 Ego
1445 2563 1456 2580 ,
1485 2534 1535 2575 (J
1556 2532 1675 2571 Pater
1697 2546 1819 2569 unum
1835 2545 1971 2569 sumus
1988 2558 1998 2569 .
2029 2533 2107 2577 Qui
2135 2533 2237 2569 Deus
2266 2530 2405 2581 appel-

1285 2616 1311 2634 „
1341 2586 1439 2622 latur
1467 2586 1710 2624 absconditus
1741 2594 1891 2635 propter
1921 2585 2104 2633 assumpti
2146 2585 2314 2634 corporis
2345 2597 2402 2620 sa-

1287 2669 1311 2686 „
1342 2647 1578 2676 crementum
1602 2668 1612 2684 ,
1642 2637 1675 2673 &
1706 2636 1809 2674 Deus
1839 2635 1954 2675 Israel
1984 2634 2182 2683 Salvator,
2209 2635 2312 2688 quod
2343 2636 2405 2673 in·

1342 2701 1396 2728 ter
1429 2699 1566 2741 retatur
1594 2690 1756 2729 Jews-‘⁶

1340 2758 1379 2782 21
1420 2772 1429 2782 .
1460 2744 1637 2782 Tertium
1653 2742 1791 2780 Christi
1820 2742 2030 2780 divinitatis
2052 2750 2177 2779 testem
2209 2740 2400 2780 habemus

1285 2796 1494 2835 Michaeam
1526 2796 1750 2847 Prophetam
1769 2827 1780 2844 ,
1821 2797 1886 2846 qui
1918 2809 2002 2846 cap.
2025 2793 2075 2833 V.
2110 2809 2146 2833 2.
2176 2794 2302 2833 locum
2334 2808 2405 2832 ua-

1284 2851 1442 2888 tivitatis
1471 2850 1612 2890 Christi
1641 2851 1864 2901 designans,
1898 2850 2045 2900 inquit:
2094 2847 2148 2886 Et
2177 2858 2215 2885 tu
2245 2846 2400 2886 Bethle-

1285 2902 1374 2941 hem
1406 2903 1591 2953 Ep'zrata
1618 2904 1799 2953 pars-ulus
1829 2915 1869 2939 es
1900 2906 1939 2938 in
1971 2901 2136 2939 millibus
2165 2901 2269 2940 Juzla
2288 2915 2303 2938 .·
2346 2914 2405 2938 ez:

1287 2966 1325 2995 te
1354 2957 1448 2994 ,mtu-
1475 2957 1696 3007 egredietur
1714 2987 1724 3001 ,
1755 2959 1817 3006 qui
1848 2959 1892 2991 sit
1923 2954 2151 2993 dominator·
2180 2959 2220 2993 in
2251 2953 2405 3003 Israel,

1286 3011 1336 3052 (9·
1364 3024 1545 3064 egressus
1566 3012 1652 3063 ejus
1681 3008 1730 3046 ab
1760 3012 1868 3046 initio
1885 3038 1895 3056 ‚
1924 3021 1953 3045 a
1980 3007 2114 3048 diebus
2141 3013 2406 3047 oeeernimtis.

1285 3063 1402 3103 Porro
1431 3063 1502 3102 hoc
1532 3064 1712 3102 vaticinio
1740 3062 1931 3113 designari
1961 3061 2088 3101 locum
2106 3093 2117 3110 ‚
2147 3063 2214 3102 uhi
2244 3061 2405 3100 Messias

1286 3120 1498 3157 nasciturus
1529 3125 1633 3164 erat,
1663 3117 2002 3155 demonstravimus
2031 3130 2147 3169 supra
2176 3130 2284 3154 num.
2314 3129 2406 3166 ¹77·

1288 3173 1380 3221 (ιι);
1429 3171 1526 3207 unde
1556 3180 1700 3208 certum
1732 3179 1817 3218 est,
1866 3169 1950 3208 haec
1994 3170 2111 3210 verba
2153 3179 2322 3223 spectare
2352 3168 2401 3206 ad

1288 3224 1469 3262 Messium
1491 3249 1501 3261 .

1285 2722 1312 2740 7>

2257 3288 2347 3323 2¹7.

152 3341 501 3392 (0)D1ffi01¹lt2te1n‚
541 3353 618 3387 que
658 3344 770 3380 oritur
810 3357 853 3380 ex
889 3346 1092 3382 diversitate
1129 3345 1237 3392 hujus
1263 3342 1449 3383 vaticinii,
1491 3350 1594 3387 prout
1632 3341 1762 3386 tegitur
1801 3339 1892 3389 apud
1916 3341 2130 3382 Michaeam,
2170 3343 2203 3377 ὰ
2240 3335 2327 3382 apud
2363 3335 2398 3370 S·
