2583 3685
269 106 346 137 '122

203 170 368 211 humana
386 198 395 215 ‚
427 174 465 203 ut
495 178 561 216 per
583 176 619 201 se
641 160 865 200 subsistente
883 188 891 198 .
915 191 941 210 „
963 162 1074 208 Quod
1095 170 1221 198 autem
1242 158 1310 198 Pa-

259 233 312 259 ter
342 233 384 257 ex
414 219 571 255 mostuis
601 216 835 254 resuscitasse
856 216 1065 253 Dominum
1096 214 1224 253 Jesum
1255 215 1311 252 di-

257 281 385 320 catur,
416 284 530 322 opere
559 269 702 308 scilicet
733 269 835 307 circa
864 283 1015 306 carnem
1047 267 1128 320 ejus
1158 268 1310 315 effecto,

256 339 370 363 nemo
399 334 475 371 est,
518 325 585 375 qui
616 322 810 373 ambigat.
860 321 941 374 lpse
971 333 1098 360 autem
1144 334 1232 359 cum
1263 323 1310 358 sit

257 380 360 426 vita,
390 378 424 413 &
454 376 696 424 vivificator,
726 376 759 412 8<
789 377 1001 428 operatoria
1030 377 1149 413 virtus
1170 373 1309 422 Patris,

256 444 367 469 suum
398 429 616 468 vivificabat
645 427 830 481 templum
849 459 859 476 ,
890 428 995 480 juxta
1025 428 1147 466 illud:
1176 429 1307 465 solvite

255 483 445 535 templum
475 480 544 520 lzoc
563 511 573 530 ,
603 481 651 522 ῤ’
676 485 717 519 in.
746 481 864 519 tribus
894 480 1024 520 (liebus
1053 480 1236 519 excitabo
1265 482 1309 518 il-

256 538 345 575 lurl.
390 535 518 587 Itaque
548 536 647 588 quod
678 534 973 581 vivificabatur,
1011 549 1082 572 non
1112 544 1189 572 erat
1218 534 1309 572 alie-

256 605 347 628 num
368 619 378 637 ,
409 602 530 641 neque
559 587 724 639 alicujus
745 602 788 626 ex
819 587 1039 625 hominibus
1069 585 1175 624 nobis
1204 589 1311 625 simi-

197 674 223 693 „
254 643 356 681 libus
374 671 384 690 ,
413 643 477 680 sed
498 642 697 694 proprium
716 642 833 692 ipsius
853 639 973 677 Verbi
995 652 1153 692 corpus.
1176 641 1201 660 ‘⁶
1224 640 1312 688 Qua

194 697 364 735 doctriua
393 696 446 734 sic
477 695 663 747 explicata
693 692 791 731 nihil
823 693 973 731 verius.

254 749 342 788 188.
372 749 508 786 Octavi
547 745 851 785 anathematismi
881 743 1084 798 explicatio
1112 760 1134 783 a
1161 742 1312 797 Cyrillo

192 803 294 841 facta
330 802 480 840 subtilis
508 800 666 852 quidem
697 808 775 847 est,
819 808 983 837 attamen
1014 812 1129 837 vera.
1170 800 1311 837 Obser-

193 855 308 895 vabat
338 855 467 901 enim,
508 850 615 891 illam
646 852 875 906 particulam
906 852 1190 904 conjunctivam
1221 864 1313 890 cum.

191 912 263 950 σύν
281 939 292 957 ,
323 907 355 944 8(
371 903 480 957 Merra*
499 907 693 945 diversum
713 920 865 945 sensum
885 906 1035 944 efficere
1057 918 1182 958 posse,
1205 913 1314 957 prout

192 960 353 999 diversis
385 960 496 998 rebus
511 960 735 1012 adaptatur.
766 959 806 996 Si
822 961 922 996 enim
944 958 1111 1007 dixeris,
1141 959 1312 997 animam

194 1014 372 1053 honorari
402 1027 493 1051 cum
523 1026 591 1051 suo
619 1025 804 1064 corpore,
836 1010 895 1050 vel
925 1012 1094 1049 animam
1124 1025 1216 1050 cum
1245 1022 1312 1050 suo

192 1080 350 1120 corpore
381 1081 498 1104 unum
528 1065 672 1104 animal
703 1079 801 1113 esse,
831 1078 906 1102 non
939 1074 1136 1117 propterea
1166 1065 1311 1104 intelli-

192 1123 320 1172 gitur,
351 1121 545 1168 animam,
576 1119 609 1155 8(
631 1133 766 1171 corpus
781 1120 874 1157 duos
895 1133 970 1156 esse
991 1117 1190 1167 homines,
1221 1132 1311 1157 cum

190 1176 266 1212 sint
293 1175 381 1212 duae
411 1172 583 1225 ejusdem
613 1171 780 1211 hominis
809 1180 954 1224 partes.
983 1170 1058 1210 Sed
1087 1173 1117 1209 si
1147 1172 1311 1219 dixeris,

190 1227 378 1266 Joannem
421 1240 511 1264 curn
543 1226 650 1264 Petro
680 1228 719 1265 in
747 1224 935 1278 templum
978 1222 1206 1274 ascendere,
1251 1223 1311 1264 vel

191 1278 343 1318 Petrum
367 1309 377 1329 ,
427 1280 459 1315 &
495 1281 678 1317 Joanuetn
722 1277 892 1317 homines
932 1277 1206 1330 coappellari,v
1237 1291 1311 1317 non

194 1333 274 1385 jam
306 1347 454 1381 unum,
503 1332 566 1370 sed
595 1333 686 1369 duos
716 1330 885 1369 homines
928 1330 1119 1383 significas
1141 1357 1151 1370 .
1197 1331 1310 1370 Recte

192 1401 280 1438 ergo
307 1387 427 1440 potuit
455 1386 529 1423 dici
547 1414 557 1433 ,
589 1385 761 1422 Verbum
782 1382 882 1423 Patri
913 1386 1076 1423 assidere
1107 1398 1198 1423 cum
1219 1396 1310 1423 cnr-

189 1453 264 1488 ne,
307 1441 399 1492 quia
428 1438 499 1477 lioc
529 1436 711 1491 loquendi
741 1440 854 1476 modo
885 1453 982 1477 unus
1011 1436 1135 1476 Filius
1165 1437 1310 1490 signifi-

191 1502 298 1532 catur
330 1497 367 1531 in
399 1492 545 1531 duabus
576 1493 717 1530 naturis
745 1489 975 1531 subsistens.
1006 1491 1118 1530 Haud
1140 1501 1307 1530 recteta-

188 1561 280 1585 1nen
300 1547 375 1584 dici
399 1559 503 1596 posse
520 1576 531 1594 ‚
561 1544 763 1583 hominem
782 1542 1089 1584 coadorandum
1107 1544 1194 1583 Deo
1212 1544 1310 1583 Ver-

189 1598 234 1637 bo
275 1600 325 1640 ζῇ*
367 1598 781 1651 conglorificandum,
824 1600 873 1639 <9⁶
918 1598 1309 1648 connuncupandum

191 1652 326 1690 Deum,
355 1662 568 1702 tamquam
598 1652 770 1689 alterum
799 1664 891 1689 cum
923 1653 1082 1696 allero;
1111 1653 1308 1702 quiatunc

189 1705 292 1743 idem
324 1713 402 1752 est,
433 1719 475 1742 ac
505 1705 657 1751 dicere,
700 1705 791 1742 duos
822 1719 898 1742 esse
927 1705 1162 1752 adorandos,
1191 1704 1306 1757 glori-

190 1757 387 1804 ficandos,
417 1755 450 1793 8(
478 1757 756 1808 nuncupandos
785 1757 911 1795 Deos.

251 1810 338 1861 189.
370 1811 411 1847 In
443 1810 531 1847 noni
562 1809 714 1847 articuli
744 1808 961 1849 defensione
990 1807 1163 1862 Cyrillus
1199 1810 1305 1849 calu-

190 1866 306 1902 mniae
338 1862 551 1914 postulabat
578 1875 663 1900 suos
691 1862 924 1901 adversarios
942 1894 951 1911 ,
983 1877 1171 1915 nusquam
1201 1866 1307 1904 enim

190 1931 228 1955 se
257 1929 408 1967 negasse
437 1916 514 1962 ait,
544 1916 674 1953 Jesum
689 1915 883 1954 Christum
914 1930 981 1967 per
1002 1916 1191 1967 Spiritum
1221 1932 1307 1956 san·-

191 1980 293 2009 ctum
324 1969 432 2019 signa
461 1968 648 2016 edidisse,
677 1968 740 2005 sed
770 1969 892 2006 solum
924 1982 990 2020 per
1019 1970 1207 2021 Spiritum
1225 1983 1307 2008 san—

188 2032 290 2061 ctum
309 2052 319 2070 ,
350 2030 546 2073 tamquam
578 2033 646 2072 per
674 2019 841 2058 alienam
872 2019 1079 2067 virtutem3
1109 2036 1198 2061 cum
1229 2024 1309 2074 ipse

189 2076 354 2128 Spiritus
370 2105 379 2123 ,
411 2088 476 2126 per
492 2087 607 2126 quem
628 2073 759 2110 divina
775 2074 879 2125 signa
908 2074 1050 2120 edidit,
1081 2078 1201 2124 ipsius
1220 2089 1309 2125 pro-

186 2133 293 2180 prius
324 2130 464 2174 suerit3
495 2127 594 2164 unde
614 2126 819 2164 discrimen
839 2135 998 2178 apparet
1036 2128 1135 2164 inter
1156 2130 1281 2177 ipsum
1297 2158 1308 2176 ‚

189 2183 223 2219 8<
245 2182 463 2233 Apostolos,
493 2180 562 2232 qui
591 2181 698 2231 signa
714 2179 933 2228 ediderunt,
964 2179 1026 2216 sed
1047 2193 1128 2216 non
1158 2183 1198 2217 in
1218 2193 1308 2230 pro-

187 2239 277 2288 pria
306 2239 472 2272 virtute:
501 2233 671 2272 Christus
699 2241 827 2272 autem
848 2234 886 2272 in
907 2234 1044 2273 virtute
1073 2234 1238 2286 Spiritus
1258 2237 1309 2272 si-

190 2288 226 2327 bi
253 2290 398 2342 proprii
419 2313 429 2325 .

251 2355 337 2393 ¹90·
367 2339 609 2392 Objectiones
651 2348 782 2378 contra
822 2339 1019 2379 decimum
1062 2339 1310 2380 anathemati-

190 2409 317 2435 smum
361 2393 420 2432 liis
461 2394 588 2431 verbis
631 2393 832 2431 refellebat
861 2393 1055 2446 Cyrillus:
1096 2394 1308 2444 „Quando

247 2449 351 2486 Deus
381 2449 500 2486 factus
529 2456 582 2484 est
612 2446 748 2495 homo,
792 2456 946 2485 vocatus
976 2456 1028 2484 est
1066 2449 1181 2485 etiam
1212 2447 1307 2485 Pon-

248 2502 361 2548 tifex,
405 2514 474 2538 non
504 2500 605 2552 quod
649 2508 847 2552 tamquam
877 2498 1015 2550 majori
1047 2499 1128 2539 Deo
1155 2499 1308 2539 offerret

246 2553 507 2599 sacrificimn3
549 2553 612 2590 sed
641 2554 742 2605 quod
785 2552 860 2591 sibi
904 2555 976 2604 ipsi
1008 2551 1041 2589 8(
1072 2553 1171 2593 Patri
1214 2554 1307 2593 fidei

192 2638 217 2657 „
246 2616 384 2646 nostras
415 2607 686 2645 confessionem
701 2615 950 2659 procuraret.
982 2605 1177 2656 Audiens,
1207 2607 1309 2661 quod

191 2691 216 2710 „
245 2662 370 2699 dictus
391 2670 441 2698 est
470 2659 652 2699 Sacerdos
672 2688 683 2708 ,
714 2658 935 2699 erubescis?
974 2660 1123 2699 Deinde
1151 2673 1311 2714 quomo·

194 2743 220 2762 „
248 2715 294 2751 do
325 2727 396 2752 non
425 2712 632 2751 admiratus
662 2727 698 2750 es
720 2743 731 2761 ,
770 2714 873 2765 quod
903 2726 976 2753 non
1005 2715 1213 2752 secundum
1242 2714 1311 2753 Sa-

198 2795 224 2815 „
253 2768 445 2805 cerdotum
477 2780 622 2804 morem
652 2766 759 2805 alteri
799 2764 976 2805 detulerit
1018 2767 1199 2805 sacrificii
1230 2780 1312 2804 mo-

196 2847 222 2867 „
251 2819 367 2869 dum,
405 2820 467 2858 sed
499 2820 572 2858 sibi
600 2820 676 2873 ipsi
715 2819 865 2872 potius,
912 2817 945 2856 8(
974 2818 1106 2858 Patri?
1148 2820 1311 2868 Quando

198 2900 224 2920 „
253 2872 372 2920 dicis,
403 2874 600 2925 indignum
632 2888 708 2911 esse
728 2873 811 2911 Deo
833 2901 843 2921 ‚
876 2881 915 2910 ut
945 2872 1156 2922 sacrificet,
1187 2886 1311 2911 assen-

198 2952 226 2973 υ
255 2924 324 2959 tior
354 2926 385 2961 8<
416 2940 483 2977 ego
502 2952 511 2965 .
541 2927 616 2964 Sed
640 2929 669 2965 si
692 2926 814 2964 soltun
845 2935 971 2974 esset,
1001 2925 1035 2962 8<
1065 2926 1210 2979 absque
1230 2939 1313 2964 car-

198 3006 227 3026 „
257 2990 305 3013 ne
326 2976 495 3017 Verbum
514 3010 524 3027 ,
553 2989 651 3017 recte
682 2979 899 3017 diceretur.
932 2978 979 3017 At
1010 2993 1126 3028 vero,
1156 2980 1224 3031 qui
1255 2980 1311 3017 fa-

200 3059 237 3079 „s
259 3038 362 3068 ctum
393 3040 443 3067 est
471 3047 557 3070 caro
573 3062 585 3081 ,
614 3033 701 3071 vide
717 3031 750 3068 8<
766 3031 1046 3071 sacrificantem
1068 3043 1221 3085 propter
1243 3031 1312 3071 hu-

196 3112 224 3133 „
254 3084 473 3121 manitatem
492 3114 502 3131 ,
530 3085 564 3120 8(
594 3087 633 3124 in
663 3086 911 3138 dignitatibus
942 3085 1041 3125 ultra
1069 3095 1282 3124 creaturam
1301 3116 1311 3135 ,

198 3164 224 3187 „
253 3137 350 3174 sicut
380 3135 532 3173 Deum.
574 3138 745 3178 confidet
775 3141 877 3178 enim
907 3154 997 3178 cum
1026 3138 1138 3189 Deo,
1182 3139 1215 3176 8(
1244 3140 1314 3177 Pa-

197 3219 223 3238 „
252 3198 307 3227 tre
329 3215 339 3227 .
361 3192 387 3210 ‘⁴
424 3188 618 3228 Nimirum
648 3201 766 3231 totum
808 3195 1014 3231 discrimen
1060 3196 1158 3232 inter
1185 3193 1314 3246 Cyril-

198 3242 280 3280 lum
301 3272 311 3291 ,
340 3241 373 3278 δε
394 3241 610 3279 Nestorium
626 3244 664 3281 iu
685 3244 753 3283 hoc
775 3256 882 3294 erat,
911 3248 1011 3299 quod
1032 3247 1204 3298 Cyrillus
1220 3261 1313 3285 non-

197 3296 269 3334 nisi
300 3307 419 3335 unam
448 3295 491 3335 in
517 3294 667 3333 Christo
706 3311 906 3347 personam
949 3300 1173 3339 admittebat
1208 3300 1313 3340 vdivi-

202 255 228 274 >²

202 307 228 326 ’5

200 358 226 378 >5

199 409 225 431 ³²

198 463 225 483 7)

198 516 225 537 2>

198 570 225 589 29

199 622 225 642 22

190 2478 217 2501 2>

190 2532 217 2552 ³³

189 2584 216 2605 3)

772 86 852 129 DE
886 83 1136 126 INCARN.
1170 81 1338 126 SECT.
1360 80 1417 122 11.
1449 81 1592 125 DISS.
1613 85 1691 128 ΙΙΙ.
1724 85 1852 129 CAP.
1885 85 1918 128 1.

1377 169 1490 206 nam,
1519 173 1608 211 quae
1638 162 1763 199 officio
1782 164 2019 214 Sacerdotis,
2049 161 2082 201 8(
2113 163 2278 202 victimae
2309 162 2485 215 fungere·

1379 220 1438 249 tur
1466 213 1677 250 secundum
1716 212 2016 263 humanitatem5
2058 219 2129 269 ipsi
2160 231 2248 255 vero
2277 217 2400 255 eidem
2429 219 2486 255 of-

1377 265 1520 303 feretur
1547 265 1779 304 sacrificium
1811 267 2019 307 secundum
2048 271 2315 310 divinitatem.
2354 270 2487 308 Nesto-

1377 319 1456 356 rius
1486 330 1574 356 vero
1602 319 1696 356 duas
1725 319 1962 368 adstruebat,
1999 336 2163 374 quarum
2193 323 2311 362 altera
2338 322 2488 362 offerret

1376 371 1610 410 sacrificium
1630 400 1641 420 ,
1670 370 1787 410 altera
1814 370 2010 411 offerretur
2031 399 2041 412 .

1436 437 1522 476 ¹9¹·
1553 424 1788 463 Undecimus
1809 425 2144 465 anathematismus
2159 428 2250 467 adeo
2278 430 2488 483 perspicuis

1376 479 1504 517 verbis
1532 487 1735 530 conceptus
1765 487 1868 525 erat,
1901 477 2187 517 utluculentius
2217 486 2380 534 exprimi
2413 497 2484 521 non

1378 541 1524 584 posset,
1562 534 1746 570 nimirum
1778 546 1821 569 ea
1849 540 1994 569 tantum
2026 534 2167 569 ratione
2195 545 2348 575 carnem
2377 537 2488 575 Chri-

1379 586 1422 623 sti
1453 599 1530 622 esse
1561 587 1753 637 propriam
1785 583 1932 632 Verbi,
1977 594 2016 622 ttt
2047 598 2118 622 uon
2147 586 2192 623 sit
2223 585 2405 637 alterius,
2449 590 2489 627 in

1378 650 1455 689 quo
1484 637 1656 676 Verbum
1689 638 1943 685 inhabitaret,
1980 637 2215 676 excludendo
2243 639 2421 680 videlicet
2449 657 2488 680 a·

1377 686 1471 728 liam
1501 704 1726 743 personam,
1763 693 1874 743 cujus
1905 693 2061 744 propria
2090 700 2180 730 esset
2208 705 2324 741 caro,
2367 693 2489 732 uulla-

1378 751 1486 781 tenus
1514 755 1639 784 autem
1660 748 1857 785 veritatem
1887 747 2009 783 carnis
2038 755 2173 783 nostrae
2191 746 2361 784 netrando
2378 772 2388 784 .
2418 745 2496 784 Pu«

1379 808 1422 833 ra
1464 807 1588 836 autem
1631 812 1675 838 ac
1716 800 1848 851 putida
1890 808 1967 836 erat
2015 798 2208 837 cavillatio
2237 777 2492 847 ff'heodoretss

1379 847 1482 900 quod
1512 849 1659 890 nullam
1690 852 1752 890 hic
1781 850 1950 904 Cyrillus
1980 854 2112 891 fecerit
2150 854 2384 891 mentionem
2413 853 2493 890 ani·s

1381 914 1456 939 mae
1475 932 1485 950 ,
1516 901 1574 941 vel
1603 907 1725 943 carnis
1754 910 1962 950 animatae3
2006 920 2095 944 cum
2125 905 2222 944 alibi
2262 919 2337 944 non
2368 907 2498 944 minus·

1381 954 1510 1003 clare,
1541 970 1657 1007 quam
1686 957 1819 995 crebro
1848 960 2015 1010 idipsum
2046 960 2292 1010 expresserit.
2492 976 2497 979 “

1438 1020 1525 1061 192.
1557 1008 1737 1047 Postremi
1758 1011 2061 1050 anathematismi
2081 1012 2196 1049 verba
2215 1026 2367 1051 omnem
2388 1024 2493 1064 pror·

1380 1074 1441 1100 sus
1471 1062 1699 1101 amovebant
1728 1063 2015 1114 Apollinarismi
2045 1067 2303 1117 suspicionem
2332 1067 2424 1103 dum
2454 1079 2494 1102 a-

1379 1124 1484 1168 perte
1513 1116 1776 1168 explicabant,
1807 1113 1880 1152 Dei
1910 1115 2085 1154 Verbum
2115 1132 2191 1156 esse
2220 1119 2376 1169 quidem
2408 1131 2494 1169 pas-

1380 1182 1463 1206 sum
1482 1199 1492 1218 ,
1523 1168 1756 1206 crucifixum
1773 1198 1783 1216 ‚
1815 1167 1848 1204 8<
1870 1178 2061 1207 mortuum
2093 1184 2160 1221 pro
2181 1172 2290 1209 nobis
2307 1201 2317 1219 ‚
2348 1184 2418 1208 non
2439 1180 2493 1216 ta-⁴

1379 1234 1467 1260 men
1500 1224 1536 1260 in
1564 1223 1697 1261 divina
1725 1236 1792 1259 sua
1821 1231 1982 1269 natura,
2026 1222 2090 1259 sed
2120 1223 2160 1260 in
2189 1235 2314 1260 carne
2350 1238 2495 1262 assuma

1379 1286 1443 1327 pta
1459 1302 1470 1314 .
1500 1275 1631 1314 Solum
1655 1277 1768 1327 igitur
1788 1272 2005 1313 Nestorium
2035 1274 2208 1324 adigebat
2228 1275 2396 1327 Cyrillus
2413 1305 2423 1322 ,
2454 1285 2494 1314 ut

1379 1341 1539 1381 persona
1568 1329 1738 1367 humana
1767 1344 1788 1366 a
1817 1329 1965 1367 Christo
1996 1337 2158 1376 remota,
2188 1339 2305 1366 unam
2337 1328 2500 1364 confirm

1378 1393 1480 1421 retur
1509 1395 1709 1435 personam
1739 1381 1910 1420 divinam
1942 1383 1979 1420 in
2021 1381 2169 1434 duplici
2214 1389 2345 1418 natura
2374 1379 2495 1419 subsi-¹

1378 1445 1533 1474 stentem
1551 1467 1561 1485 ‚
1604 1435 1706 1489 quod
1747 1435 1970 1484 Catholica,
2014 1435 2048 1471 δε
2076 1432 2281 1473 orthodoxa
2310 1433 2495 1473 Ecclesiae

1378 1490 1471 1528 fides
1500 1490 1636 1528 docet.

1436 1539 1523 1594 195.
1555 1544 1613 1581 Ex
1635 1544 1681 1581 iis
1698 1572 1708 1591 ,
1738 1555 1826 1595 quae
1847 1540 2014 1581 breviter
2035 1552 2104 1594 pro
2133 1541 2383 1593 explicatione
2404 1539 2493 1579 XII.

1376 1596 1635 1648 capitulorum
1666 1593 1707 1634 S.
1736 1596 1875 1647 Cyrilli
1906 1596 2102 1633 attulimus
2123 1626 2133 1644 ,
2163 1596 2308 1647 integra
2337 1594 2419 1646 ejus
2446 1593 2494 1632 fi-

1375 1649 1465 1697 des,
1509 1649 1541 1685 ἃ
1579 1649 1720 1699 injusta
1749 1649 2003 1688 Orientalium
2051 1650 2240 1686 accusatio
2282 1647 2495 1685 luculenter

1376 1711 1560 1753 apparet,
1593 1711 1632 1739 ut
1663 1716 1749 1739 vere
1779 1701 1820 1740 S.
1854 1703 2013 1741 Antistes
2042 1701 2087 1739 de
2117 1701 2257 1740 Joanne
2289 1700 2494 1738 Antioche-

1376 1766 1423 1793 no
1452 1757 1503 1794 ita
1532 1757 1713 1808 conqueri
1736 1757 1896 1806 potuerit
1918 1757 1956 1794 in
1978 1768 2043 1792 suo
2066 1755 2314 1805 Apologetico
2330 1767 2342 1790 .·
2375 1753 2498 1791 Men--

1345 1854 1347 1857 v
1374 1811 1477 1847 tiens
1506 1808 1626 1857 (licit,
1666 1805 1767 1859 quocl
1794 1821 1887 1847 cum
1936 1812 2054 1859 impio
2086 1802 2308 1859 Apollinari
2344 1810 2494 1844 sentia-

1375 1874 1489 1910 mus,
1519 1863 1568 1904 ἔθ’
1599 1857 1866 1911 execranda,
1910 1865 2035 1914 impia
2065 1875 2111 1899 ue
2142 1860 2249 1909 Arii,
2278 1860 2327 1901 ἔθ’
2357 1858 2495 1898 Euno-

1375 1919 1445 1952 mii
1475 1914 1671 1968 (logmata
1700 1913 1983 1965 approbemus.
2014 1876 2122 1953 qucir
2151 1923 2291 1954 <turem
2321 1911 2390 1951 hoc
2408 1943 2418 1961 ‚
2449 1921 2490 1950 uc

1376 1966 1460 2005 (lixi
1476 1998 1486 2015 ,
1518 1968 1782 2019 implacabilis
1797 1973 1869 2008 irae
1890 1967 2116 2019 impulsibus
2130 1980 2292 2007 omnem
2313 1966 2494 2019 lapidem

1378 2034 1566 2069 movens,
1615 2029 1795 2072 totasque
1823 2025 1943 2073 impio
1959 2021 2133 2074 furore,
2175 2024 2225 2064 <9-
2254 2023 2498 2074 arrogantia·

1377 2072 1559 2112 habenas
1589 2078 1821 2125 permittens
1837 2101 1848 2113 .

1438 2126 1526 2176 ¹94·
1557 2128 1698 2166 Dices.
1727 2127 1767 2166 S.
1798 2126 1968 2180 Cyrillus
1997 2140 2071 2165 non
2101 2127 2294 2165 immerito
2323 2127 2400 2164 suis
2429 2125 2494 2163 ad-

1378 2180 1554 2216 versariis
1604 2181 1856 2230 suspicionem
1907 2180 2197 2232 Apollinarismi
2254 2178 2453 2231 praebebat
2482 2209 2494 2227 ‚

1377 2232 1471 2282 quia
1513 2232 1552 2269 in
1580 2244 1648 2269 sua
1690 2229 1848 2283 epistola
1890 2233 1937 2269 ad
1968 2235 2152 2270 Acacium
2182 2231 2465 2270 Melitinensem
2484 2260 2496 2280 ,

1378 2284 1412 2320 ἃ
1444 2285 1483 2323 in
1524 2283 1602 2323 alia
1630 2283 1677 2322 ad
1707 2283 1961 2324 Valerianum
1992 2285 2226 2323 lconiensem
2268 2286 2496 2336 scripserat,

1379 2348 1508 2376 unam
1538 2351 1624 2376 esse
1653 2347 1848 2376 naturam
1881 2335 1998 2377 Verbi
2027 2342 2290 2376 incarnatam
2308 2352 2323 2381 ,-
2364 2337 2496 2389 perin-

1376 2391 1422 2428 de
1464 2405 1508 2430 ac
1539 2390 1824 2444 Apollinaristae
1867 2391 2202 2443 dogmatizabant,
2244 2399 2418 2443 negantes
2456 2392 2496 2429 in

1376 2443 1525 2483 Christo
1554 2453 1728 2484 naturam
1756 2445 1929 2484 divinam
1947 2472 1957 2484 .

1437 2498 1524 2551 195.
1557 2497 1696 2552 Resp.,
1740 2498 1781 2537 S.
1810 2499 2007 2552 Cyrillum
2049 2512 2202 2539 omnem
2232 2513 2255 2538 a
2283 2513 2321 2538 se
2351 2496 2499 2550 Apolli-

1377 2552 1536 2591 narismi
1566 2553 1825 2604 suspicionem
1856 2555 2064 2602 amovisse,
2094 2554 2186 2592 dum
2208 2552 2419 2592 clarissime
2435 2551 2501 2588 ‹io-²

1380 2606 1484 2653 cuit,
1524 2606 1679 2643 nomine
1711 2615 1855 2644 naturae
1887 2609 2093 2646 incarnatae
2124 2606 2351 2645 intellexisse
2372 2604 2499 2641 Persoa

1378 2671 1470 2697 nam
1492 2659 1613 2709 ipsam
1629 2657 1801 2697 divinam
1819 2661 1858 2697 in
1880 2660 2029 2699 duabus
2056 2661 2201 2700 naturis
2216 2659 2495 2700 subsistentemg

1379 2724 1456 2763 quo
1484 2724 1593 2749 sensu
1631 2711 1743 2748 etiam
1776 2712 1824 2751 ab
1855 2713 1941 2751 aliis
1969 2713 2067 2752 hauc
2109 2726 2243 2752 vocem
2285 2709 2493 2762 aliquando

1381 2773 1601 2817 usurpatam
1646 2765 1761 2803 fuisse
1804 2768 2006 2804 novimus.
2049 2765 2118 2804 Sui
2148 2768 2391 2816 interpretem
2423 2765 2497 2814 egit

1379 2817 1579 2870 Cyrillus,
1610 2816 1661 2854 ita
1689 2818 1858 2857 scribens
1887 2820 1995 2870 epist.
2012 2817 2172 2857 secunda
2188 2818 2233 2854 ad
2254 2816 2497 2854 Successum:

1382 2898 1408 2919 „
1438 2871 1478 2908 Si
1508 2882 1634 2907 unam
1663 2879 1858 2909 naturam
1889 2873 2052 2910 dicentes
2074 2871 2147 2908 Dei
2180 2868 2326 2917 Verbi,
2358 2870 2493 2906 tacuis-

1382 2952 1408 2972 „
1437 2936 1588 2970 semus,
1619 2936 1694 2961 uon
1725 2924 1925 2962 inserentes
1955 2928 2217 2962 incarnatam
2240 2954 2250 2972 ‚
2281 2923 2343 2961 sed
2373 2922 2494 2961 veluti

1382 3005 1407 3024 ,‚
1438 2975 1663 3026 abjicientes
1693 2977 2031 3027 dispensationem,
2062 2987 2138 3015 erat
2155 2977 2230 3016 illis
2248 2976 2402 3015 forsitan
2420 2989 2494 3014 uon

1382 3057 1408 3078 ,‚
1440 3028 1709 3080 improbabilis
1738 3043 1886 3078 sermo,
1925 3030 2193 3069 simulantibus
2235 3032 2493 3081 interrogare,

1383 3112 1409 3131 „
1439 3082 1500 3120 ubi
1529 3090 1586 3118 est
1615 3086 1656 3119 in
1685 3080 1938 3120 humanitate
1966 3083 2156 3135 perfectio
2174 3115 2183 3131 ‚
2213 3093 2283 3122 aut
2302 3080 2495 3134 quomodo

1382 3164 1407 3185 ,‚
1438 3133 1660 3174 substantia,
1687 3144 1829 3174 nostra.
1870 3136 2080 3175 subsistit?
2122 3140 2316 3187 Quoniam
2345 3148 2432 3174 vero
2460 3132 2494 3168 δί

1383 3218 1409 3238 ,,
1440 3190 1622 3242 perfectio
1643 3220 1654 3237 ,
1698 3202 1784 3241 quae
1816 3192 1854 3227 in
1885 3189 2120 3230 humanitate
2151 3201 2229 3240 est,
2260 3192 2294 3227 ἃ
2323 3187 2492 3227 essentiae

1383 3272 1409 3292 „
1438 3252 1571 3282 nostrae
1604 3244 1860 3281 manifestatio
1890 3244 1996 3283 illata
2026 3256 2077 3284 est
2108 3260 2176 3297 per
2204 3246 2269 3292 id,
2306 3242 2406 3293 quod
2436 3240 2494 3276 di·

1382 3324 1409 3347 „
1438 3307 1541 3337 ctum
1571 3305 1624 3335 est
1639 3295 1878 3347 Incarnati‘,
1907 3298 1988 3351 jam
2017 3300 2213 3346 desinant,
2244 3294 2497 3354 arundineam

2312 3376 2339 3397 „
2369 3360 2445 3387 vir-
