2583 3685
955 111 1036 156 DE
1070 109 1271 158 ADAMI
1304 111 1527 155 LAPSU.

167 207 235 241 st.
261 196 337 238 Sed
363 192 499 247 objicit
526 192 601 233 sibi
623 191 856 246 AngelicuS,
885 193 1136 244 ignorantiam
1167 207 1222 231 es-

110 268 151 293 se
178 254 328 307 pfomm
356 248 523 303 peccati3
566 247 733 299 adeoque
775 260 849 286 nou
877 248 1040 299 potuisse
1075 259 1220 299 praece·

111 308 202 347 dure
226 306 350 358 ipsam
378 312 578 356 peccatum
595 327 606 339 .
651 301 863 353 Respondet
891 310 1017 339 autem
1034 330 1045 347 ,
1074 313 1158 343 eain
1188 301 1221 337 i-

114 358 349 413 guarantiam
379 356 534 409 proprie
561 369 638 394 non
669 356 900 407 praecessisse
930 355 968 393 iii
1000 353 1081 392 Eva
1109 351 1220 390 sedu-

105 414 196 460 ἐκ,
236 413 332 460 quta
361 413 498 448 statim
528 409 584 447 od
612 407 728 446 verbu.
756 412 949 457 serpentis
964 406 1052 457 fuit
1080 405 1218 452 elata,

103 476 156 504 ’eo
183 463 285 514 quod
313 463 416 502 alius
444 472 545 501 esset
575 461 624 499 <Ie
653 476 703 500 ea
739 462 947 508 sollicitus,
989 460 1040 499 <9·
1069 471 1121 495 ex
1149 459 1219 495 illa

105 516 280 556 elattone
308 516 474 555 seducta
501 525 591 559 est,·
629 514 733 553 imile
760 516 880 553 clano
906 516 1108 563 praecessic
1124 537 1134 549 .
1165 511 1220 548 lta

104 579 222 608 acute
242 569 446 622 Angelicus
462 599 474 618 ,
501 571 568 622 qui
586 569 686 607 idem
703 570 831 607 asserit
845 568 890 606 de
906 565 1053 605 Adamo
1070 564 1216 612 Quaest.

105 622 236 663 xxii.
265 622 313 662 ‹le
338 627 449 662 verit.
477 632 549 661 art.
577 622 618 660 6.
646 622 692 660 ad
729 635 789 660 11.

160 690 227 716 22.
255 676 333 716 Ob.
362 675 528 716 ultimo.
570 675 630 714 Ex
659 683 732 712 tota
773 673 929 712 historia
971 671 1182 710 tentationis
1205 701 1215 718 ,

102 730 142 768 ἃ
171 730 299 783 lapsus
325 731 541 783 primorum
569 736 770 782 parentum
800 733 965 773 constat,
1003 724 1088 763 illos
1116 724 1215 762 divi-

103 792 197 823 'nam
223 779 518 823 similitudinem
561 797 581 820 a
614 783 762 834 petiisse
807 793 881 817 non
923 777 1002 817 alia
1037 777 1093 830 de
1123 791 1213 816 cau-

105 851 173 887 sa,
211 851 330 892 quam
358 846 399 876 ut
424 838 563 885 scirent
585 797 735 872 bonum
752 863 763 881 ,
806 829 840 868 St
869 831 1042 871 malum:
1086 828 1213 869 Eritis

103 895 203 930 sicta
230 890 327 940 Dii,
368 890 493 943 inquit
527 895 711 934 tentator,
753 889 921 924 scientes
949 884 1121 933 bonum,
1163 885 1212 925 (²)-

103 945 289 983 malum.
328 942 405 982 Sed
431 943 622 995 appetitus
650 940 817 979 scientiae
847 948 900 978 est
929 938 1074 977 homini
1103 947 1212 976 natu-

96 997 213 1047 ralis,
241 995 451 1035 secundum
477 993 578 1033 illud
606 991 826 1045 Philosophi
856 995 895 1032 in
926 993 1052 1044 princ.
1073 990 1212 1030 llIeta-

98 1049 218 1104 p‘bys.
248 1048 403 1089 Omnes
429 1046 609 1086 homines
637 1056 788 1086 natura
816 1050 918 1084 scire
948 1043 1179 1083 desiderant
1196 1059 1211 1083 .-

97 1116 174 1142 non
195 1114 292 1156 'ergo
317 1109 525 1154 peccarunt
553 1103 708 1155 peccato
735 1099 954 1152 superbiae,
1002 1098 1213 1150 appetendo

98 1155 211 1195 illam
238 1154 532 1194 similitudinem
554 1184 566 1203 ‚
595 1167 685 1207 qnae
715 1162 768 1192 est
797 1153 944 1191 liomini
974 1151 1155 1191 naturalis
1172 1178 1184 1191 .

150 1209 217 1249 25.
244 1208 460 1261 Respondet
488 1208 580 1246 huic
620 1205 840 1246 difficultati
869 1206 912 1245 S.
942 1204 1111 1244 Thomas
1138 1214 1209 1244 art.

95 1276 134 1303 n.
163 1263 212 1301 ad
242 1275 280 1301 2.
302 1291 328 1310 ‚‚
348 1261 462 1309 Quod
497 1269 675 1312 appetere
717 1259 1009 1298 similitudinem
1037 1258 1113 1297 Dei
1141 1259 1209 1297 ab-

94 1346 123 1366 „
151 1314 298 1362 solute,
328 1315 517 1366 quantum
545 1314 592 1351 ad
621 1314 847 1360 scientiam,
890 1326 964 1350 non
995 1321 1044 1350 est
1073 1326 1209 1364 pecca-

95 1398 125 1417 „
152 1376 262 1412 tum;
303 1366 366 1404 sed
394 1375 572 1419 appetere
601 1365 820 1417 hujusmodi
857 1365 1149 1404 similitudinem
1179 1370 1210 1402 ι’-

95 1450 124 1470 „
151 1418 388 1467 nordinate,
429 1420 526 1458 idest
553 1432 668 1470 supra
696 1432 913 1456 mensuram
942 1433 1050 1457 suain
1071 1449 1082 1466 ,
1121 1432 1209 1471 pec·

96 1503 126 1524 ‚‚
152 1481 280 1512 catum
309 1481 362 1509 est
380 1473 407 1493 “
428 1496 440 1508 .
483 1470 610 1509 Multa
627 1501 639 1518 ‚
667 1485 788 1522 eaque
816 1470 1003 1521 praeclara
1031 1473 1079 1509 acl
1110 1472 1207 1510 lianc

92 1539 176 1566 rem
216 1523 482 1563 illustrandam
526 1522 638 1562 habet
665 1522 707 1560 S.
737 1522 969 1573 Augustinus
1010 1522 1136 1561 Sei-m.
1158 1525 1207 1562 11.

89 1581 132 1619 in
162 1576 260 1616 Psal-
281 1576 407 1616 LXX.
436 1575 634 1628 explicam
674 1590 719 1614 ea
755 1574 900 1614 verba:
947 1574 1080 1622 Deus,
1123 1580 1208 1626 quis

89 1630 231 1671 similis
256 1628 323 1668 tibi·
342 1623 367 1666 ξ)
407 1629 489 1669 Ubi
515 1630 569 1668 ita
597 1629 790 1668 Adamum
819 1642 911 1668 cum
939 1627 1023 1667 Deo
1049 1629 1208 1682 loquen—

89 1695 169 1725 tem
197 1683 368 1723 inducit:
402 1712 427 1732 „
448 1683 530 1736 Ego
557 1691 683 1722 autem
705 1713 717 1731 ‚
764 1683 816 1721 ait
845 1682 971 1722 Adam
1001 1683 1142 1732 miser,
1172 1684 1207 1720 ἃ

91 1768 121 1790 ,,
149 1738 190 1776 in
221 1737 344 1776 Adam
371 1738 498 1776 omnis
516 1735 658 1785 homo,
688 1750 777 1775 cum
807 1734 895 1776 volo
922 1750 999 1774 esse
1026 1749 1207 1788 perverse

91 1820 121 1843 ‚‚
151 1790 290 1830 similis
317 1789 416 1838 tibi,
450 1799 540 1829 ecce
567 1791 662 1843 quid
691 1790 812 1828 factus
840 1803 924 1827 sum
946 1819 956 1838 ‚
1001 1799 1039 1828 ut
1068 1791 1115 1828 de
1143 1804 1206 1829 ca-

91 1873 121 1894 „
150 1845 321 1896 ptivitate
348 1843 396 1881 ad
424 1851 460 1881 te
486 1841 675 1882 clamem:
716 1843 780 1882 cui
808 1843 907 1882 bene
935 1851 1014 1882 erat
1047 1843 1118 1882 sub
1146 1857 1205 1882 re-

93 1925 122 1946 „
149 1910 195 1948 ge
338 1927 350 1944 ‚
377 1897 552 1950 captivus
580 1897 702 1936 sactus
720 1910 805 1935 stim
834 1895 906 1934 sub
936 1910 1020 1935 ineo
1036 1898 1205 1936 seducto-

91 1979 119 1999 „
149 1963 217 2000 re,
247 1948 282 1987 ἀ
300 1949 427 1988 clamo
452 1950 500 1988 ad
529 1959 591 1998 te,
618 1951 712 2002 quia
739 1949 859 1989 cecidi
889 1948 1034 1989 abste.
1063 1951 1112 1990 Et
1132 1965 1205 1991 un·-

90 2031 118 2052 „
146 2003 195 2042 de
220 2003 289 2042 abs
315 2011 351 2042 te
378 2001 532 2042 cecidi?
558 2004 658 2042 Cum
687 2016 822 2056 quaero
850 2017 928 2041 esse
954 2017 1135 2054 perverse
1153 2005 1204 2044 si·-

89 2084 118 2104 ‚‚
148 2055 254 2095 milis
281 2055 423 2095 iibi“.
465 2055 556 2094 Alia
585 2055 698 2109 plura
724 2054 829 2096 addit
855 2056 897 2097 S.
926 2055 1034 2096 Pater
1055 2089 1066 2107 ,
1097 2069 1136 2097 ut
1162 2072 1204 2097 o-

87 2109 255 2159 stendat,
282 2118 360 2149 tam
389 2108 580 2162 Angelum
608 2109 693 2148 Deo
720 2109 904 2149 rebellem
922 2140 932 2159 ‚
961 2126 1081 2164 quain
1104 2113 1203 2151 Ada-

90 2174 202 2201 mum
229 2175 411 2213 perverse
425 2193 436 2212 ,
466 2163 501 2200 ἃ
519 2161 682 2216 superbe
710 2177 796 2202 eam
815 2164 1111 2204 similitudinem
1129 2166 1204 2204 Dei

90 2217 322 2269 appetiisse,
350 2217 397 2255 ad
424 2230 542 2270 quam
571 2226 698 2256 tamen
726 2226 887 2271 uterque
915 2219 1038 2257 factus
1057 2220 1202 2258 fuerat.

146 2269 212 2316 24.
239 2268 301 2308 Ex
319 2268 405 2319 his,
434 2284 523 2323 quae
543 2269 772 2320 dictasunt,
801 2281 930 2324 aperte
950 2271 1093 2325 liquet,
1125 2275 1203 2325 pri-

84 2334 197 2363 mum
223 2323 382 2375 quidem
427 2333 732 2376 protoparentum
770 2334 968 2372 peccatum
1000 2327 1115 2365 fuisse
1143 2341 1206 2365 su·

87 2374 294 2426 perbiam,
335 2375 400 2413 sed
429 2375 552 2415 multa
588 2376 666 2415 alia
694 2390 739 2415 ex
766 2376 840 2417 liac
866 2380 1045 2430 pestifera
1074 2381 1204 2419 radice

87 2425 297 2478 pullulasse
324 2429 487 2466 crimina
504 2454 516 2467 .
559 2427 688 2466 Primo
715 2431 818 2468 enim
849 2443 894 2468 ex
923 2431 994 2470 liac
1023 2434 1204 2485 superbia

89 2487 180 2518 nata
208 2488 261 2518 est
287 2481 483 2518 curiositas
510 2481 681 2528 sciendi,
708 2483 809 2533 quod
829 2482 934 2520 Deus
961 2484 1032 2522 illo
1059 2495 1204 2538 tempo-

87 2544 134 2571 re
160 2545 222 2572 eos
248 2532 367 2571 latere
394 2531 571 2582 volebat,
600 2531 689 2572 iude
709 2535 923 2586 perniciosa
953 2539 1112 2587 prurigo
1139 2550 1204 2575 ex·

117 2585 289 2634 exiendi,
324 2600 373 2624 an
400 2599 489 2625 vere
518 2595 634 2625 esse'nt
661 2589 976 2626 comminationes
1017 2599 1203 2627 secuturae

86 2637 196 2677 illico
210 2640 368 2686 mortis3
397 2651 486 2691 quae
506 2640 666 2692 prurigo
692 2639 897 2692 conjuncta
913 2641 985 2679 suit
1002 2655 1091 2680 cuin
1111 2657 1205 2695 qua-

85 2690 175 2731 dam
203 2691 494 2741 incredulitate,
522 2692 558 2730 ἆ
586 2706 675 2731 cum
704 2693 871 2745 quodam
900 2703 1118 2747 contemptu
1147 2697 1206 2735 di-

86 2745 166 2783 vini
195 2746 407 2798 praecepti.
439 2746 603 2785 Accessit
632 2748 745 2785 etiam
761 2746 863 2798 gulae
895 2748 1034 2785 vitium
1064 2749 1102 2787 in
1120 2762 1205 2787 mu-

88 2796 185 2837 liere
203 2828 215 2848 ,
243 2813 333 2854 quae
353 2800 513 2851 videns,
543 2800 645 2854 quod
673 2801 825 2855 lignum
856 2810 956 2840 esset
985 2801 1130 2840 bonum
1149 2801 1205 2842 act

94 2952 214 2992 {fructu
237 2959 368 2995 vetito.
392 2960 568 3004 Quaelibet
594 2962 721 2997 haruin
745 2963 1018 3009 explicationiim
1046 2963 1201 2998 511031111-

90 2999 151 3035 bet
175 3012 360 3055 patronos.
396 3006 464 3041 Sed
488 3009 548 3042 illa
575 3010 609 3043 S.
637 3009 781 3043 ἸῚιοῐῐικἱ
807 3009 947 3044 videtur
973 3009 1142 3051 solidior,
1168 3014 1201 3042 &-

95 3050 278 3093 principiis
303 3051 437 3087 Ethicae
462 3057 572 3100 magis
600 3055 858 3091 accommodata
878 3078 889 3097 ‚
927 3057 961 3089 in
988 3069 1057 3101 qua
1083 3058 1199 3096 solet,

95 3091 254 3145 &.‘¹.‘b“
289 3095 416 3142 duplex
442 3100 502 3133 illa
538 3102 731 3146 ignorantia
769 3101 908 3137 admitti
942 3103 977 3136 in
1012 3106 1198 3137 universali

96 3140 231 3191 scilicet
247 3162 260 3182 ,
283 3143 315 3174 ἀ
340 3144 374 3176 111
399 3150 602 3188 particulari
625 3150 799 3194 eligibili,
824 3162 884 3183 seii
911 3149 1034 3194 inipso
1059 3150 1201 3183 electio—

87 3195 144 3218 nis
171 3195 249 3220 actu
266 3208 276 3226 ,
301 3197 340 3221 nt
364 3201 427 3224 suo
450 3192 526 3226 loco
547 3193 683 3228 dicetur
702 3218 711 3227 .

121 3277 128 3284 ι
143 3236 192 3284 (a)
224 3233 301 3266 Non
321 3233 379 3268 liic
404 3245 519 3271 autem
537 3241 644 3274 otiose
661 3253 700 3274 ea
715 3253 965 3287 persequemur
978 3264 990 3283 ‚
1015 3254 1091 3288 quae
1111 3242 1205 3276 Rab-

90 3277 167 3330 '3¹⁰¹
195 3279 408 3314 Calibalistie
431 3280 472 3315 de
506 3295 648 3328 peccato
671 3286 798 3321 Adami
833 3289 947 3334 inepte
983 3300 1146 3334 pressim,
1173 3291 1204 3322 ἀ

96 3325 229 3360 insulse
255 3328 447 3363 commenti
471 3338 577 3372 sunt,
602 3334 775 3378 praecipue
802 3345 842 3370 ex
869 3336 1074 3372 t‘amosoilto
1091 3335 1203 3375 libro,

2271 120 2351 159 135

1288 189 1523 230 vescendum
1621 192 1707 229 tulit
1736 191 1785 230 cle
1802 194 1943 243 jruccu
1974 197 2086 247 ejus,
2116 199 2165 238 Θ·
2194 202 2364 240 comedit
2385 221 2397 241 .-

1288 245 1330 282 in
1360 245 1443 282 viro
1471 252 1595 281 autem
1639 246 1873 285 inordinatus
1916 263 2001 299 erga
2032 250 2219 291 feminam
2260 269 2367 295 anior
2387 289 2400 307 ‚

1286 309 1365 349 quo
1393 295 1537 335 violare
1580 311 1704 348 praece
1736 308 1813 337 tum
1856 302 2032 340 divinum
2072 305 2235 356 maluit,
2281 324 2400 362 quam

1286 350 1397 389 illam
1426 351 1647 390 contristare
1663 378 1673 390 .
1704 315 1965 400 guamobreni
1983 355 2085 395 Deus
2107 361 2155 396 ita
2187 362 2314 411 ipsum
2331 366 2400 402 ob-

1287 402 1478 455 jurgavit:
1511 402 1618 454 Quia.
1646 406 1792 443 audisti
1812 421 1944 446 rocem
1974 423 2203 450 iixortstuce
2224 445 2235 462 ‚
2265 417 2315 456 ὠ
2335 429 2400 455 co·-

1288 456 1445 494 metli'sti'
1475 456 1545 495 &c.
1576 459 1674 498 Gen.
1698 460 1762 497 111.
1799 474 1857 510 ¹7·
1896 464 1993 508 Quat
2022 480 2176 515 omnia,
2203 468 2240 504 8<
2273 470 2400 510 fortas-

1287 524 1325 547 se
1353 510 1430 548 alia
1461 509 1573 562 plura
1601 513 1672 550 sub
1702 513 1973 553 inobedientiae
2005 522 2158 559 nomine
2186 521 2227 560 S.
2260 521 2399 562 Paulus

1287 562 1452 602 Roman.
1485 562 1534 601 V.
1570 578 1630 617 ις).
1660 568 1880 619 complexus
1911 580 1987 607 est.

1343 619 1408 655 25.
1437 617 1512 655 Sed
1540 617 1581 656 S.
1613 619 1821 671 Augustino
1848 622 1962 674 culpa
1997 629 2169 666 omnium
2198 629 2396 670 detestabi-

1285 669 1359 708 lior
1388 671 1468 709 visa
1497 680 1582 720 est,
1611 675 1713 725 quod
1742 675 1912 713 infelices
1944 676 2000 714 illi
2030 684 2144 719 nostri
2177 695 2346 734 parentes
2373 699 2399 725 ι

1283 723 1367 762 Deo
1397 725 1644 777 reprehensi,
1676 740 1747 765 non
1778 727 1973 767 humiliter
2004 736 2152 773 veniam
2183 738 2396 787 postulave-

1281 778 1386 825 rint,
1429 778 1530 829 quod
1571 780 1712 818 debitae
1744 783 1979 832 poenitentiae
2025 787 2150 826 suisset
2180 791 2397 841 iudiciuin,

1279 831 1345 869 sed
1387 845 1529 880 vanas,
1574 831 1607 869 ἃ
1651 834 1807 873 frivolas
1853 840 2073 889 quaesierint
2116 846 2397 884 excusationes.

1282 913 1308 932 ,‚
1338 883 1412 921 Sed
1456 896 1507 923 est
1538 885 1672 938 pejor,
1722 890 1842 942 inquit
1872 891 1911 929 S.
1943 889 2048 930 Pater
2077 895 2165 934 Lib.
2202 897 2310 936 xlv.
2348 898 2398 939 de

1281 966 1308 985 ,‚
1342 935 1422 974 Cir.
1450 936 1530 976 Dei·
1558 945 1643 993 c'ap.
1680 943 1766 990 14.,
1811 944 2146 1001 damnabiliorque
2187 950 2396 1002 superbia,

1280 1020 1307 1039 ‚,
1336 1004 1414 1044 qua
1456 994 1570 1030 etiam
1601 996 1640 1033 in
1672 999 1833 1046 peccatis
1863 1000 2072 1039 manifestis
2100 1002 2309 1054 suffugium
2333 1018 2396 1043 ex-

1280 1073 1307 1094 „
1335 1047 1539 1084 cusationis
1569 1048 1792 1100 inquiritur:
1824 1053 1919 1089 sicut
1950 1055 2067 1104 primi
2101 1055 2158 1093 illi
2189 1056 2396 1107 homines,

1280 1127 1306 1147 „
1335 1111 1500 1150 quorum
1530 1099 1563 1136 ἀ
1593 1101 1664 1139 illa
1692 1104 1805 1141 dixit:
1836 1104 2006 1155 Serpens
2035 1108 2193 1146 seduxit
2223 1123 2287 1149 me
2305 1142 2314 1159 ‚
2344 1113 2395 1153 <9¹

1280 1181 1306 1200 „
1335 1152 1599 1202 manducavi,
1631 1155 1666 1191 St
1698 1155 1763 1193 ille
1791 1157 1902 1196 dixit:
1934 1159 2110 1209 Mulier,
2140 1176 2264 1212 quam
2285 1165 2393 1203 ‹telt-

1279 1234 1306 1254 „
1335 1210 1386 1262 sti
1414 1220 1575 1245 mecum
1596 1238 1608 1256 ,
1637 1208 1723 1246 lzaec
1754 1209 1848 1247 mihi
1878 1211 1980 1249 delta
2010 1226 2038 1250 a.
2066 1214 2198 1267 ligno,
2228 1217 2276 1257 (Ὤ
2308 1218 2397 1257 6111.

1278 1288 1305 1307 ,,
1333 1259 1535 1311 iNusquam
1566 1261 1629 1300 liic
1659 1273 1763 1302 sonat
1779 1265 1908 1315 petitio
1939 1268 2084 1316 veuiae,
2115 1282 2302 1321 nusquam
2324 1273 2396 1310 iin-

1278 1341 1305 1359 ,‚
1335 1311 1499 1363 ploratio
1527 1316 1728 1353 medicinae
1761 1317 1831 1356 «Sec.
1862 1318 1926 1368 (a.)
1950 1322 1975 1340 ‘⁶
1993 1345 2004 1358 .

1332 1364 1395 1403 26.
1426 1366 1521 1404 Haec
1557 1371 1779 1407 summatim
1817 1373 1924 1409 nobis
1967 1373 2131 1412 innuisse
2159 1375 2324 1416 sufficiat
2352 1380 2398 1419 de

1277 1417 1346 1455 illo
1389 1421 1514 1471 primo
1556 1431 1735 1473 peccato,
1779 1425 1881 1475 quod
1911 1424 1950 1462 S.
1984 1426 2217 1473 Augustinus
2247 1431 2335 1469 Lib.
2367 1434 2396 1472 1.

1282 1471 1402 1521 Oper.
1447 1475 1606 1526 imperf.
1638 1489 1723 1528 cap.
1761 1478 1846 1514 105.
1879 1477 2000 1515 Tomo
2030 1479 2082 1517 X.
2114 1492 2221 1519 vocat
2249 1484 2397 1533 ineffa-

1275 1523 1398 1564 biliter
1426 1527 1609 1577 grande.
1640 1530 1922 1568 Gravissimum
1952 1546 2091 1585 nempe
2108 1535 2205 1583 fuit,
2237 1546 2319 1575 tum
2342 1549 2397 1577 at-

1275 1585 1377 1616 tenta
1406 1581 1620 1630 primorum
1652 1581 1852 1621 hominum
1883 1585 2095 1636 integritate
2113 1619 2123 1635 ,
2155 1588 2189 1624 ἃ
2211 1590 2396 1632 fortitudi-

1275 1643 1323 1667 iie
1345 1661 1356 1680 ‚
1385 1644 1463 1682 qua
1491 1632 1728 1672 facillimum
1756 1637 1847 1687 ipsis
1877 1648 1955 1675 erat
1983 1643 2216 1694 cuicumque
2237 1644 2395 1684 Daemo—

1274 1684 1333 1721 iiis
1356 1686 1558 1722 vtentationi
1587 1688 1756 1725 resistere
1772 1717 1784 1735 ‚
1815 1698 1895 1726 tum
1916 1699 2052 1730 attento
2073 1694 2154 1744 ipso
2184 1710 2394 1751 praecept0‚

1274 1737 1377 1788 quod
1407 1737 1646 1777 levissimum
1691 1742 1730 1778 in
1759 1754 1797 1778 se
1827 1751 1931 1788 erat;
1975 1758 2018 1783 ac
2047 1745 2213 1798 denique
2260 1759 2398 1791 attenta

1273 1789 1438 1829 terribili
1469 1806 1594 1844 poenae
1637 1794 1935 1835 comminatione
1954 1827 1963 1844 ,
2007 1813 2148 1852 nempe
2177 1805 2307 1842 mortis
2336 1820 2397 1844 su·

1271 1840 1462 1892 beundae,
1492 1860 1581 1898 quae
1612 1848 1940 1898 ipsosavtolando
1954 1851 2027 1890 Dei
2048 1853 2227 1893 mandato
2255 1858 2396 1897 abster-

1271 1910 1356 1935 rere
1374 1895 1566 1945 debebat,
1595 1900 1695 1938 Bene
1724 1901 1766 1940 S.
1797 1902 1966 1942 Thomas
1997 1919 2033 1945 2.
2066 1919 2102 1945 2.
2133 1920 2271 1960 qtiaest.
2308 1912 2395 1953 163.

1271 1961 1342 1990 art.
1364 1951 1402 1991 5.
1431 1953 1618 2002 advertit,
1649 1965 1847 2007 peccatum
1877 1960 1996 2010 primi
2025 1959 2396 2005 hominisvnonfuis-

1270 2019 1310 2044 se
1337 2007 1491 2058 gravius
1519 2008 1700 2047 omuibus
1728 2009 1816 2049 aliis
1846 2014 2009 2062 peccatis
2037 2012 2215 2054 humanis
2253 2031 2394 2056 secun-

1271 2059 1366 2097 dum
1397 2064 1570 2109 speciem
1597 2067 1779 2112 peccati,
1823 2064 1953 2103 subdit
1984 2075 2137 2113 autem,
2178 2073 2392 2112 secuudum

1272 2113 1531 2152 conditionem
1559 2128 1807 2167 personarum
1839 2121 2081 2170 peccantium
2110 2120 2209 2161 illud
2238 2123 2394 2165 habui«-

1273 2180 1311 2205 se
1341 2171 1575 2205 maxi'mczm
1605 2171 1826 2221 gravitatem
1858 2170 1914 2223 (b)
1932 2199 1943 2211 .

1331 2233 1396 2271 27.
1425 2219 1628 2260 Peccatum
1659 2224 1871 2275 primorum
1904 2225 2106 2266 hominum
2135 2228 2275 2268 debitae
2305 2233 2394 2270 sub-

1273 2282 1414 2312 secutae
1444 2283 1528 2313 sunt
1558 2284 1684 2328 poeiiae
1703 2307 1713 2324 ‚
1743 2291 1908 2329 quarum
1939 2279 1973 2316 &
2002 2293 2070 2318 nos
2100 2283 2230 2322 miseri
2254 2280 2393 2326 Adami

1275 2329 1410 2379 posteri
1441 2330 1644 2381 participes
1674 2330 1765 2368 facti
1794 2344 1951 2372 sumus.
1983 2333 2041 2372 De
2070 2333 2129 2373 liis
2158 2337 2323 2378 inferius
2352 2356 2392 2380 a-

1272 2394 1405 2432 gemus
1446 2382 1544 2420 duce
1572 2383 1614 2422 S.
1645 2382 1798 2422 Tlioina
1828 2400 1866 2424 2.
1897 2399 1934 2425 2.
1963 2397 2098 2439 quaest.
2135 2389 2222 2436 164.
2252 2402 2323 2431 art.
2355 2408 2392 2434 2.

1271 2431 1317 2473 In
1346 2437 1637 2487 praesentiarum
1667 2446 1794 2476 autem
1823 2440 1912 2478 satis
1940 2441 2056 2479 fuerit
2086 2455 2266 2492 monere,
2297 2447 2393 2486 inter

1273 2501 1334 2525 eas
1363 2503 1496 2539 poeiias
1527 2491 1767 2541 potissimum
1798 2496 2015 2533 enumerari
2044 2505 2205 2534 mortem
2228 2498 2307 2550 jam
2323 2514 2391 2538 an-

1272 2548 1331 2577 tea
1361 2541 1508 2578 Adaino
1535 2545 1808 2582 comminatam
1839 2546 2003 2583 Gen.ll.
2040 2560 2101 2597 ¹7*
2127 2548 2204 2587 Sed
2230 2555 2392 2602 quaestio

1272 2591 1467 2639 exoritur,
1509 2595 1701 2644 quomodo
1729 2595 1777 2632 ad
1814 2595 1977 2633 litteram
2008 2599 2120 2636 fuerit
2162 2601 2293 2640 diviua
2324 2605 2390 2643 illa

1274 2645 1520 2681 comminatio
1548 2644 1781 2696 adimpleta:
1818 2650 1859 2683 in
1888 2660 2138 2699 quacumque
2166 2651 2227 2690 dte
2256 2667 2389 2696 come-

1273 2695 1377 2734 deris
1405 2709 1458 2734 ex
1487 2710 1558 2746 eo,
1589 2708 1717 2736 morte
1745 2699 1963 2738 morieris?
1990 2704 2146 2742 Certum
2176 2716 2228 2744 est
2257 2710 2359 2747 enim

1273 2759 1412 2811 nostros
1442 2749 1721 2803 protoparentes
1763 2752 1892 2792 inultis
1923 2763 2050 2806 postea
2079 2758 2230 2798 saeculis
2258 2742 2388 2816 super³

1271 2816 1438 2843 vixisse.

2270 2867 2336 2910 28.

1269 2975 1374 3043 guem
1400 2965 1553 3008 Angelus
1580 2964 1698 2997 Razi'cl
1721 2964 1762 2997 de
1788 2965 1874 2999 caelo
1914 2964 2082 3002 detulisse
2109 2968 2246 3006 adamo
2270 2973 2314 3008 ab
2341 2975 2385 3010 iis

1294 3011 1413 3054 ngitiir
1431 3033 1438 3041 .
1478 3011 1579 3043 11111111
1606 3011 1733 3044 librum
1749 3033 1760 3050 ‚
1786 3020 1824 3044 iit
1850 3014 2002 3047 maxime
2028 3027 2197 3051 arcannm
2222 3017 2287 3056 diu
2309 3033 2382 3054 ser-

1269 3065 1427 3096 variint5
1466 3055 1523 3090 sed
1560 3068 1649 3089 anno
1680 3068 1778 3100 ¹07¹·
1810 3058 1852 3091 R.
1878 3060 1973 3093 isaac
1997 3059 2272 3099 Reii-Abraham
2295 3067 2382 3100 Am-

1271 3102 1451 3137 stelodami
1477 3101 1585 3135 eiliilit
1612 3103 1646 3134 in
1672 3103 1706 3144 4.

1317 3150 1363 3186 (ὁ)
1390 3149 1506 3182 Solent
1543 3146 1713 3181 increduli
1750 3148 1841 3184 hanc
1879 3160 1989 3187 totam
2012 3155 2209 3191 Mosaicam
2250 3159 2385 3202 peccati

1268 3195 1462 3240 primorum
1490 3194 1676 3228 Parentum
1703 3194 1912 3239 historiam,
1948 3208 1986 3238 iit
2012 3201 2169 3236 fabulam
2207 3215 2382 3238 commen-

1275 3241 1387 3274 titiain
1415 3238 1620 3284 explodere.
1658 3240 1724 3275 Sed
1750 3243 1858 3288 ipsius
1891 3244 2064 3281 'vindicias
2099 3249 2184 3283 alibi
2224 3251 2380 3296 egimus»

1274 3287 1405 3320 scilicet
1435 3287 1546 3320 Tomo
1567 3288 1592 3320 1.
1624 3287 1774 3323 Dissert.
1802 3291 1845 3324 u.
1871 3289 1912 3325 tle
1938 3297 2216 3338 supernaturalis
2252 3295 2384 3330 revela-

1274 3334 1375 3370 :Ionis
1402 3333 1607 3370 necessitate
1631 3346 1707 3380 cap.
1733 3336 1777 3371 V.
1803 3348 1838 3371 n.
1867 3349 1926 3385 99.
1953 3341 1985 3374 δε
2009 3351 2081 3386 seq.
