2583 3685
896 70 983 117 -DE
1017 71 1214 118 OPERE
1247 69 1464 117 emmim
1498 73 1646 118 mm.
2289 91 2350 140 -57

138 158 387 201 vetustissima
402 154 653 194 Hebraeorum
670 152 919 201 consuetude,
939 155 1122 206 integram
1139 153 1242 192 diem

129 211 349 253 ‘naturalem
390 208 570 246 horarum
602 207 666 254 24.
691 206 899 246 inchoandi
931 222 952 245 a
981 221 1162 259 vespere,
1204 214 1244 244 ut

134 279 212 305 nox
269 262 430 300 recedat
458 260 554 300 illud
584 270 755 316 tempus,
785 273 862 312 quo
882 260 947 299 Sol
968 271 1146 300 tiostrum
1179 259 1243 296 lie-

133 320 233 369 misp
262 316 400 353 aerium
442 314 636 353 illuminat
662 341 672 352 .
714 314 812 351 Hinc
857 313 955 351 illud
1003 321 1241 366 praeceptum

132 370 259 412 ‘bevit-
277 367 429 407 Xthl.
450 367 516 407 52.
546 369 582 406 Α
609 380 773 419 vespera
801 380 921 418 usque
950 366 1004 404 ad
1033 378 1240 414 vesperam

124 419 378 462 «celebrabitis
394 421 571 460 Sabbata
603 431 734 460 vestra
756 447 766 458 .
795 421 920 468 Quem
939 433 1082 458 morem
1100 418 1241 470 viguis-

126 489 172 516 se
191 476 305 514 etiam
334 474 437 528 apud
458 474 642 513 Numidas
660 505 670 522 ‚
699 475 869 526 aliasque
891 482 1030 511 veteres
1051 473 1240 519 uniones,

124 528 296 568 ·ostendit
316 529 480 568 'Grotius
506 527 574 566 'De
615 533 723 566 verit.
755 527 879 580 Rettg.
912 525 1052 563 Christ.
1093 539 1179 575 cap.
1207 537 1240 561 1-.

123 581 173 635 ·§.
207 581 267 621 16.
297 583 359 620 cui
402 581 586 620 nonnulla
631 582 734 619 addit
762 591 891 618 auctor
920 577 1241 616 Animadversio-

125 645 229 673 mtm
248 639 297 674 ἰἠ
331 633 636 688 chronologiam
667 632 950 686 AEgyptiorum
971 661 982 679 ,
1032 628 1238 669 Chaldaeo-

124 699 249 736 rum,
282 687 540 736 Graecorum,
576 688 851 726 Romanorum
875 715 886 734 ,
928 697 979 722 ac
1007 683 1239 723 Juclaeorum

131 740 247 780 Tom.
278 743 308 780 1.
337 741 456 780 dela.
484 741 526 780 S.
554 740 662 780 Bible
690 755 712 778 a
742 738 845 776 Paris
879 738 995 789 1767.

184 794 252 841 43.
280 794 365 834 Non
393 803 517 833 tamen
545 794 774 833 credendum
793 800 856 830 est
883 804 972 829 cum
1000 792 1061 830 Jo.
1082 790 1241 829 ‘Clerico

125 849 175 887 “in
193 847 303 886 ¹hunc
332 847 482 895 locum,
511 856 688 894 noctem,
717 859 806 898 quae
829 845 963 883 lucem
995 847 1132 896 primae
1162 844 1240 882 diei

124 901 347 954 precessit,
390 901 505 939 fuisse
531 909 649 939 totam
686 899 934 937 aeternitatem
976 901 1240 944 anteriorem;

122 955 239 1007 ¹quasi
267 954 394 1006 prima
412 953 490 991 dies
505 953 667 992 formata
697 954 871 990 fueritex
902 953 1110 990 aeternitate
1140 965 1238 1004 pra:-

120 1007 305 1055 cedente,
336 1005 380 1043 ἃ
409 1007 544 1059 paucis
572 1006 650 1045 illis
680 1005 807 1053 horis,
837 1006 980 1058 quibus
1010 1004 1075 1042 lux
1106 1008 1144 1044 iu
1175 1005 1239 1042 lie-

122 1059 354 1113 'misphaerio
372 1059 634 1113 ¹resplenduit.
663 1060 851 1098 Dicamus
871 1062 994 1112 potius
1010 1089 1020 1107 ‚
1051 1073 1112 1096 eas
1140 1068 1240 1096 tene-

123 1111 217 1151 bras
244 1114 398 1152 durasse
425 1113 476 1151 ab
517 1114 629 1152 initio
669 1115 871 1152 creationis
900 1112 987 1152 coeli
1007 1143 1017 1161 ,
1066 1111 1099 1148 8(
1129 1121 1239 1150 terrae

120 1178 171 1205 *tts
201 1179 247 1204 ue
273 1167 321 1206 ad
349 1167 578 1207 creationem
608 1167 733 1211 lucis3
763 1167 904 1205 scilieet
933 1179 1002 1218 per
1029 1175 1177 1217 tempus
1196 1165 1242 1204 il-

121 1181 223 1268 tud,
264 1232 343 1273 quo
370 1219 537 1272 Spiritus
565 1219 643 1258 Dei
670 1218 886 1270 jere-batur
927 1231 1043 1269 super
1084 1231 1240 1269 ‹muas--

118 1271 225 1320 ‘Quis
253 1275 354 1312 enim
384 1275 516 1311 animo
556 1273 758 1324 concipere
800 1271 923 1312 valeat
968 1281 1241 1310 monstruosam

120 1324 250 1364 ‘illam‘
265 1326 369 1364 diem
389 1338 445 1363 ἐκ
487 1334 629 1363 aeterna
659 1335 784 1374 nocte,
833 1340 877 1363 ac
906 1326 1107 1363 duodecim
1144 1324 1241 1363 lucis

123 1376 494 1418 'horis-conflatam?
538 1377 610 1415 Vel
640 1379 822 1430 integram
860 1379 1109 1416 aeternitatem
1140 1392 1242 1430 prae-

127 1432 281 1469 cessisse
307 1433 540 1468 creationem
568 1430 695 1467 lucis?
738 1429 811 1467 Vel
842 1432 880 1468 in
910 1433 992 1481 ipsa
1028 1433 1240 1468 aeternitate

127 1482 276 1534 aliquid
291 1481 584 1520 determinatum
603 1491 753 1534 tempus
773 1482 820 1520 ad
848 1483 952 1519 diem
973 1482 1238 1521 formandam?

120 1533 298 1574 ‘Ulterius
343 1543 382 1572 ut
411 1534 510 1573 bene
537 1543 665 1572 monet
693 1533 733 1571 S.
766 1535 996 1585 Augustinus
1025 1535 1114 1573 Lib.
1145 1536 1161 1572 1
1189 1535 1238 1572 de

122 1586 235 1626 ‘Gen-
264 1586 321 1625 ad
347 1588 420 1626 litt.
447 1601 534 1641 cap.
561 1600 621 1626 12.
643 1617 668 1636 ,,
689 1587 772 1625 Non
793 1600 924 1625 omnes
953 1587 1122 1625 tenebrae
1144 1600 1237 1634 nox3

123 1671 158 1691 „
177 1654 277 1679 ‘nam
307 1638 342 1676 ἃ
369 1643 410 1680 in
438 1640 632 1694 speluncis
660 1640 824 1693 amplis,
854 1643 894 1679 in
913 1654 1078 1693 quarum
1107 1641 1240 1679 abdita

123 1723 156 1744 ,‚
177 1693 252 1732 ‘lux
274 1694 497 1747 *irrumpere
524 1708 594 1748 per
620 1695 833 1747 oppositam
870 1694 1014 1732 molem
1045 1707 1117 1732 non
1147 1695 1241 1732 sini-

121 1776 155 1797 -„
183 1755 272 1796 tur,
314 1757 401 1786 sunt
439 1750 571 1802 utique
612 1748 781 1787 tenebrae
804 1774 860 1786 ....
880 1761 949 1787 nec
978 1756 1105 1786 tamen
1147 1747 1241 1786 tales

123 1799 351 1851 „wenebrae
381 1810 610 1855 acceperuut
653 1799 886 1841 vocabulum
915 1803 1056 1850 noctis,
1099 1801 1163 1840 sed
1192 1800 1242 1840 il-

124 1882 155 1903 „
182 1853 258 1903 lae,
286 1867 376 1907 quae
407 1855 447 1892 in
478 1869 563 1893 eam
588 1863 738 1907 partem
766 1863 879 1893 terrae
908 1856 1140 1907 succedunt,
1171 1868 1242 1893 un-

127 1935 155 1956 „
181 1906 229 1945 de
256 1917 469 1946 removetur
497 1909 576 1947 dies
591 1911 617 1930 “
639 1934 650 1947 .
699 1907 869 1960 Vespera
898 1910 1014 1959 igitur
1043 1907 1110 1947 illa
1128 1939 1138 1956 ‚
1176 1922 1241 1947 seu

125 1972 230 2009 nox,
263 1973 317 1998 -ex
345 1972 422 2014 qua
444 1961 566 2000 simul
594 1974 683 2000 cum
715 1968 866 2010 mane3
906 1975 972 2000 seu
1002 1961 1089 2000 luce
1117 1971 1242 2000 creata

124 2012 248 2052 ‘factus
276 2022 331 2053 est
357 2014 438 2052 dies
467 2017 614 2066 primus
634 2044 646 2063 ‚
688 2015 922 2053 desumenda
951 2023 1003 2054 est
1031 2015 1080 2054 ab
1111 2013 1180 2054 illo
1210 2016 1242 2054 i-

117 2067 241 2114 nitio,
272 2068 309 2106 in
336 2080 414 2120 quo
429 2067 537 2107 Deus
565 2070 708 2107 creavit
735 2068 900 2117 caelum,
930 2067 964 2104 &
994 2078 1134 2107 terram
1151 2099 1162 2117 ‚
1191 2069 1243 2110 (9

118 2118 302 2158 -tenebrae
322 2131 448 2160 ⁴eram:
476 2120 773 2174 superjacient
804 2118 941 2175 abyssi
958 2136 973 2167 ;
1002 2122 1036 2158 &
1059 2122 1242 2174 probabi-

120 2171 216 2211 ‘liter
241 2175 363 2226 spatio
390 2175 591 2214 duodecim
621 2175 805 2215 horarum
833 2174 1106 2228 comprehensa
1136 2176 1209 2213 fuit
1228 2206 1240 2225 ‚

122 2233 170 2264 ut
200 2239 274 2265 una
294 2227 418 2266 simul
447 2242 538 2267 cum
565 2227 654 2268 luce
679 2231 872 2283 >integrum
888 2229 1120 2268 naturalem
1137 2230 1241 2268 diem

126 2277 315 2318 horarum
347 2281 411 2328 24.
441 2282 644 2321 conficeret
666 2284 768 2335 ·(a·)-.

181 2331 250 2379 44.
278 2333 492 2374 Fatendum
515 2344 575 2374 -est
611 2345 740 2374 tamen
758 2367 768 2386 ‚
811 2337 958 2390 aliquos
993 2345 1144 2376 sanctos
1167 2335 1243 2374 ‘Pa-

122 2393 222 2434 tres,
265 2399 309 2424 ac
330 2387 485 2426 nobiles
512 2390 736 2440 Interpretes
765 2392 876 2428 etiam
908 2389 1017 2428 alteri
1046 2391 1239 2429 seutentiae

126 2439 358 2490 patrocinari
376 2468 387 2486 ,
415 2453 504 2492 quae
526 2443 694 2492 primam
711 2444 843 2480 mundi
873 2443 975 2480 diem
996 2452 1173 2481 numerat
1193 2443 1242 2481 ab

125 2498 212 2528 ortu
241 2489 339 2528 lucis
365 2492 507 2541 primae
545 2505 665 2543 usque
694 2494 739 2530 ad
768 2503 895 2531 ortum
938 2494 1035 2532 lucis
1056 2496 1241 2533 secundae

126 2542 207 2581 diei
227 2556 238 2587 3
262 2551 308 2580 vut
334 2543 496 2595 proinde
523 2545 650 2595 prima
677 2545 759 2582 dies
787 2544 949 2583 conflata
976 2546 1090 2583 fuerit
1111 2559 1156 2583 ex
1182 2559 1242 2583 12.

125 2593 232 2633 ‘horis
260 2593 358 2633 lucis
374 2625 384 2643 ,
408 2597 650 2649 totidemque
678 2597 922 2636 tenebrarum
941 2628 952 2646 ‚
981 2611 1070 2650 quae
1091 2598 1177 2635 luce
1197 2598 1245 2635 ad

124 2647 359 2688 occidentem
388 2661 494 2687 more
534 2648 643 2688 solito
672 2660 851 2703 pergente
889 2660 1173 2689 successerunt.
1203 2650 1245 2688 S.

127 2701 361 2753 Augustinus
376 2701 464 2740 Lib.
487 2703 517 2741 l.
539 2701 595 2740 de
618 2702 722 2742 Gen.
752 2703 807 2741 ad
834 2705 909 2742 litt.
937 2717 1024 2756 cap.
1050 2717 1110 2757 ¹9·
1132 2704 1244 2753 „Vi-

127 2783 158 2805 „
185 2754 323 2803 detur,
352 2758 476 2807 inquit
493 2785 504 2804 ‚
529 2755 632 2794 illud
659 2771 755 2810 opus
783 2758 857 2796 Dei
887 2757 1033 2795 factum
1065 2771 1131 2809 per
1158 2771 1245 2809 spa·

125 2836 158 2858 3,
186 2808 286 2847 tium
311 2807 418 2859 diei,
455 2822 538 2863 quo
564 2820 719 2863 peracto
758 2810 808 2849 ad
849 2824 1049 2864 vesperam
1086 2819 1243 2850 ventum

176 2972 231 3007 ’(α)
257 2967 453 3013 Diximus,
488 2968 581 3006 diem
608 2977 794 3009 naturalem
830 2971 973 3007 conflari
1001 2973 1098 3008 horis
1124 2973 1179 3016 2‘4.
1205 2985 1248 3008 ex

134 3017 316 3050 ommuni
336 3037 348 3058 ,
364 3020 405 3049 «ἃ
428 3018 561 3054 usitato
584 3020 746 3065 loquendi
766 3019 867 3053 modo
884 3042 894 3060 ,
929 3021 1014 3065 quin
1041 3029 1156 3053 tamen
1184 3032 1250 3065 pu-

136 3069 244 3102 gnam
269 3061 356 3096 inire
388 3065 537 3098 velimus
561 3077 641 3099 cum
678 3066 917 3101 eruditissimo
942 3067 1146 3106 Muzochio,
1187 3067 1248 3111 qui

142 3105 243 3158 vult,
268 3107 371 3159 talem
387 3107 480 3143 diem
507 3124 523 3144 a
548 3109 754 3158 pellandum
780 3125 853 3146 esse
871 3111 1117 3157 artificialem,
1145 3117 1176 3144 &
1195 3117 1248 3146 ci-

142 3152 242 3203 vil-em
258 3167 272 3190 ;
296 3152 398 3186 illurn
421 3167 504 3191 vero
527 3160 646 3200 ‹iem,
679 3161 739 3204 qui
765 3158 892 3192 diurno
918 3160 1008 3193 Solis
1033 3171 1136 3192 cursu
1164 3170 1248 3191 con-

135 3194 281 3238 ficitur,
316 3208 388 3250 esse
421 3206 634 3243 ruminalem,-
675 3214 780 3250 atque
805 3204 848 3238 ad
873 3205 964 3239 hanc
988 3205 1089 3239 litem
1122 3205 1247 3237 tinien-

130 3239 242 3297 dam,
281 3243 454 3278 arbitrum
485 3258 585 3284 vocat
610 3252 869 3294 Censorinum,
907 3253 968 3296 qui
1005 3252 1040 3285 in
1071 3252 1177 3285 Libro
1200 3253 1245 3284 de

133 3289 197 3324 dte
222 3292 332 3323 natali
358 3302 432 3335 cap.
452 3293 506 3325 23.
533 3295 581 3328 ita
605 3299 838 3341 pronunciat:
873 3297 1059 3336 Naturalis
1085 3299 1164 3333 dies
1190 3305 1244 3334 est

235 3335 477 3391 Gazzaniga
507 3337 638 3382 Theol.
666 3342 871 3386 '1¹0le-

1312 182 1340 202 ‚‚
1369 161 1447 200 est,
1484 155 1586 205 quod
1616 163 1668 192 est
1696 156 1814 193 noctis
1842 155 1994 196 initium
2015 184 2025 197 .
2069 159 2239 212 Itemque
2269 175 2421 215 peracto

1312 233 1338 255 ,‚
1368 216 1551 244 nocturno
1578 209 1696 258 spatio
1712 209 1922 261 completus
1951 221 2003 250 est
2031 221 2128 252 totus
2146 214 2225 253 dies
2242 246 2252 264 ‚
2283 227 2321 255 ut
2343 234 2423 259 ma-

1312 286 1338 308 „
1370 273 1417 296 ne
1447 259 1553 296 fieret
1584 262 1620 297 in
1650 260 1812 299 alterum
1841 265 1942 302 diem
1961 296 1971 313 ,
2002 267 2039 303 in
2068 279 2144 319 quo
2171 267 2352 310 die-Deus
2382 288 2422 312 a·

1311 342 1338 361 ‚,
1368 311 1449 350 liud
1477 323 1746 365 consequenter
1774 323 2032 366 operaretur“
2051 346 2061 357 .
2092 320 2147 358 lta
2175 321 2215 359 S.
2243 321 2390 364 'Do-etot
2410 356 2421 370 ,

1308 367 1376 418 qui
1407 375 1532 417 postea
1560 365 1821 405 difficultatem
1854 371 2096 410 insolubilem
2115 375 2154 412 in
2184 388 2226 411 eo
2256 377 2421 423 invenit,

1307 420 1501 472 quomodo
1529 428 1649 456 tantu,
1678 423 1939 472 morajacm
1969 430 2013 462 sit
2044 427 2114 463 lux
2135 457 2146 475 ,
2190 427 2314 469 donec
2343 425 2422 472 diei

1308 476 1483 523 spatium
1511 477 1731 522 praetert'ret
1748 504 1759 520 ‚
1788 476 1837 514 (9‘
1867 489 2023 527 vespere
2053 479 2204 525 fieret?

1363 526 1430 571 45.
1462 526 1624 578 Utrique
1671 526 1917 579 explicationi
1962 527 2085 583 priiixa
2118 535 2238 572 fronte
2266 536 2418 576 videtur

1308 580 1447 631 opponi
1477 579 1650 618 doctrina
1669 611 1679 627 ‚
1708 594 1825 632 quam
1858 581 1968 620 habet
1988 585 2027 621 S.
2051 586 2219 625 Thomas
2240 589 2332 628 1.=P.
2353 606 2419 644 qu.

1310 632 1374 670 65.
1405 641 1477 670 art.
1508 632 1547 671 6.
1576 634 1622 670 ad
1654 634 1691 678 4.
1723 634 1755 669 ὅ(
1785 648 1851 686 qu.
1876 635 1976 674 Vm.
2020 637 2067 675 (le
2100 639 2220 679 Vertt.
2251 651 2324 681 art.
2361 644 2421 684 16.

1308 686 1354 724 ad
1385 686 1451 733 8.‚
1481 686 1626 724 scilicet
1655 689 1821 739 primam
1851 688 1953 727 diem
1985 689 2160 731 habuisse
2189 696 2345 747 quidem
2362 711 2422 737 ve-

1307 750 1500 790 speram,
1529 740 1593 777 sed
1626 753 1696 777 non
1727 753 1850 778 mane
1869 768 1878 778 .

1363 792 1428 838 46.
1458 793 1531 831 Sed
1561 793 1601 830 S.
1632 793 1772 831 Doctor
1802 794 1856 832 ibi
1887 794 2055 848 loquitur
2085 812 2158 838 non
2187 801 2234 838 de
2260 802 2349 850 die,
2382 805 2422 844 in

1307 859 1382 898 qua
1416 846 1519 884 Deus
1555 849 1697 885 creavit
1727 847 1852 885 lucem
1876 879 1886 896 ‚
1930 851 1991 887 seii
2021 852 2066 888 de
2099 853 2331 905 Angelorum
2361 869 2422 894 co-

1307 900 1474 951 gnitione
1518 904 1767 952 vespertina,
1809 914 1898 954 quae
1942 910 2187 943 matutinam
2230 911 2424 960 praecesslt

1308 956 1324 1003 (
1355 952 1453 990 Vide
1469 952 1626 991 Dissert.
1645 955 1673 991 l.
1705 968 1810 992 num.
1840 957 1966 1008 99.),
1996 958 2029 994 ἃ
2059 962 2322 1012 correspondet
2345 964 2422 1014 pri-

1306 1018 1370 1044 mo
1399 1007 1574 1055 instanti,
1623 1008 1663 1044 iu
1691 1021 1766 1059 quo
1798 1009 1961 1059 Angelus
1999 1022 2146 1050 creatus
2176 1015 2275 1062 suit,
2319 1015 2352 1051 8(
2382 1018 2423 1056 iu

1307 1072 1383 1112 quo
1413 1074 1521 1098 mens
1550 1059 1732 1112 Angelica
1761 1075 1803 1098 se
1831 1066 1872 1098 in
1915 1068 2092 1114 seipsum
2135 1072 2324 1105 convertit
2351 1082 2421 1119 per

1307 1118 1574 1164 vespertinam
1605 1118 1870 1167 cognitionem
1889 1142 1899 1153 .
1930 1117 2030 1163 Qua:
2050 1119 2207 1169 quidem
2227 1124 2423 1172 operatio,

1306 1166 1435 1204 subdit
1463 1167 1503 1205 S.
1534 1165 1729 1215 Thomas,
1770 1170 1807 1205 in
1835 1170 2014 1207 omnibus
2044 1171 2143 1209 bona
2174 1173 2273 1211 fuit.
2308 1174 2426 1223 „Sed

1310 1247 1337 1269 ‚,
1366 1220 1415 1258 ab
1446 1219 1515 1258 hac
1544 1223 1761 1273 operatione
1804 1222 1964 1274 quidam
1994 1236 2062 1275 per
2105 1226 2330 1265 matutinam
2362 1241 2423 1266 co-

1310 1301 1335 1320 „
1364 1273 1572 1324 gnitionem
1600 1275 1648 1311 ad
1679 1275 1831 1312 laudem
1851 1274 2084 1314 Verbi-sunt
2107 1282 2309 1326 conversi5
2338 1281 2424 1333 qui-

1309 1353 1336 1374 „
1364 1326 1452 1362 dam
1486 1339 1574 1363 vero
1603 1328 1640 1363 in
1668 1329 1800 1378 seipsis
1829 1340 2066 1367 remanentes
2110 1332 2199 1370 facti
2228 1343 2313 1372 sunt
2350 1348 2425 1372 nox

1311 1405 1337 1427 „
1367 1378 1439 1416 ἃς.
1470 1377 1524 1416 Et
1554 1377 1684 1416 adhuc
1713 1380 1863 1418 clarius
1892 1384 1932 1417 in
1963 1382 2072 1420 laud.
2101 1394 2243 1434 quaest.
2273 1386 2334 1425 De
2363 1402 2426 1425 ve-

1309 1459 1336 1479 „
1367 1432 1427 1469 rit.
1460 1431 1625 1484 Angelus
1649 1463 1658 1480 ‚
1688 1436 1838 1483 inquit,
1868 1434 1906 1470 in
1938 1436 2131 1487 principio
2159 1451 2238 1475 suae
2267 1442 2424 1478 creatio-

1309 1513 1335 1531 „
1364 1485 1425 1521 nis
1454 1498 1530 1522 non
1561 1485 1634 1521 fuit
1664 1485 1820 1533 beatus,
1852 1499 1916 1524 nec
1935 1500 2002 1538 per
2032 1491 2226 1529 essentiam
2248 1491 2423 1531 Verbum

1308 1565 1334 1584 „
1366 1537 1484 1573 vidit:
1515 1537 1697 1576 undenec
1727 1541 1981 1590 cognitionem
2011 1544 2238 1581 matutinam
2270 1543 2423 1584 habuit:

1309 1617 1335 1636 „
1363 1588 1428 1624 sed
1459 1589 1584 1639 primo
1615 1588 1748 1627 habuit
1772 1595 2030 1642 ¹vespertinam
2054 1625 2064 1641 ‚
2103 1595 2137 1632 &
2167 1610 2212 1634 ex
2242 1601 2423 1651 vesperti-

1309 1669 1336 1689 ‚‚
1365 1653 1416 1677 na
1445 1641 1606 1692 profecit
1636 1643 1675 1680 in
1705 1645 1932 1680 matutinam
1956 1671 1967 1682 .
1998 1645 2108 1684 Unde
2125 1650 2316 1699 signanter
2346 1654 2424 1705 pri-

1311 1723 1337 1742 „
1367 1707 1452 1731 mus
1480 1694 1559 1731 dies
1581 1707 1703 1732 >mane
1733 1709 1805 1734 non
1835 1697 1976 1734 dicitur
2007 1697 2210 1748 imbuisse,
2255 1705 2318 1741 sed
2348 1707 2425 1756 pri-

1311 1777 1337 1795 „
1368 1760 1432 1784 mo
1462 1761 1617 1800 vespere
1646 1747 1790 1786 &c.“.
1821 1747 1868 1788 Et
1898 1763 1985 1787 saue
2015 1753 2128 1790 nimis
2157 1764 2285 1805 aperte
2302 1757 2425 1809 Ange—

1309 1798 1407 1839 licus
1444 1802 1727 1840 contradiceret
1768 1802 1902 1841 divino
1932 1802 2087 1855 Moysis
2107 1809 2348 1858 testimoium
2395 1813 2428 1850 si

1308 1856 1477 1906 primam
1507 1855 1611 1892 diem
1650 1857 1691 1894 in
1719 1855 1861 1894 Genesi
1902 1856 2161 1910 descriptam,
2210 1875 2336 1902 mane
2364 1878 2427 1903 ea-

1309 1908 1429 1946 ruisse
1456 1908 1630 1947 doceret.

1364 1961 1430 2014 47.
1460 1962 1596 2010 Quaeri
1639 1963 1798 2016 insuper
1826 1965 2013 2003 curiosius
2052 1965 2172 2015 solet,
2215 1982 2292 2021 quo
2333 1974 2429 2010 anni

1309 2022 1481 2067 tempore
1512 2017 1640 2067 prima
1667 2016 1747 2055 dies
1775 2016 1974 2056 illuxerit.
2004 2018 2050 2056 Et
2067 2021 2222 2071 quidem
2254 2024 2293 2061 in
2310 2026 2427 2063 variis

1310 2069 1444 2106 mundi
1475 2069 1648 2121 partibus
1677 2071 1829 2108 varium
1859 2084 2011 2124 semper
2040 2082 2090 2110 est
2119 2076 2210 2112 anui
2247 2085 2425 2128 tempus,

1311 2131 1351 2160 ut
1379 2122 1534 2175 quando
1562 2123 1663 2175 apud
1695 2137 1758 2161 nos
1789 2137 1854 2162 ver
1901 2124 2036 2172 floret,
2084 2125 2180 2165 alibi
2210 2129 2257 2166 sit
2284 2141 2394 2168 :estas
2414 2160 2427 2179 ,

1306 2174 1371 2214 ‘vel
1402 2176 1564 2228 hyems3
1596 2177 1692 2214 unde
1720 2179 1881 2229 quaestio
1910 2178 2153 2218 determinari
2183 2180 2292 2219 debet
2313 2183 2359 2220 ad
2382 2182 2429 2221 il»

1310 2229 1394 2268 lum
1425 2229 1551 2267 locum
1571 2259 1581 2277 ,
1624 2231 1663 2267 iu
1692 2243 1770 2283 quo
1799 2230 1923 2269 Adam
1968 2240 2095 2284 postea
2129 2244 2286 2272 creatus
2324 2237 2427 2274 fuit.

1309 2282 1410 2321 Duae
1440 2291 1567 2320 autem
1597 2292 1681 2321 sunt
1710 2285 1931 2335 opiniones-2
1961 2284 2080 2323 altera
2109 2300 2228 2324 verno
2256 2296 2428 2341 tempore

1310 2336 1464 2374 initium
1496 2336 1628 2374 mundi
1657 2339 1793 2388 ponit:
1835 2337 1954 2376 altera
1991 2340 2231 2379 autumnali:
2278 2341 2312 2378 8(
2344 2343 2428 2382 haec

1311 2389 1475 2427 secunda
1506 2391 1688 2427 sententia
1710 2390 1957 2440 ⁴probabilior
1973 2405 2030 2430 *ex
2048 2393 2146 2430 eofit
2162 2425 2172 2442 ‚
2202 2395 2304 2447 quod
2324 2395 2428 2434 Deus

1310 2441 1434 2480 Exodi
1455 2442 1603 2481 XXll'l.
1626 2442 1684 2481 16.
1716 2443 1893 2483 Hebraeis
1922 2448 2178 2497 praeceperit,
2209 2447 2426 2486 solemnita-

1312 2503 1387 2532 tem
1418 2497 1548 2534 messis
1590 2497 1867 2534 ›rimitivorum
1896 2497 2084 2537 celebrari
2109 2500 2252 2538 vernali
2284 2510 2429 2552 tempo-

1311 2558 1385 2591 re3
1415 2546 1448 2581 &
1484 2547 1561 2584 alia
1633 2548 1782 2585 XXIV.
1814 2562 1876 2586 22.
1907 2551 2068 2599 quando
2097 2552 2285 2589 redeunte
2326 2559 2426 2591 atini

1312 2607 1489 2647 tempore
1517 2607 1665 2635 cuncta
1694 2598 1939 2636 conduntur.
1968 2602 2009 2638 Si
2034 2616 2127 2652 ergo
2152 2603 2244 2641 -finis
2272 2608 2357 2642 anni
2389 2622 2427 2643 c-

1312 2659 1369 2688 rat
1389 2659 1470 2702 post
1490 2658 1657 2694 aestatem
1689 2651 1728 2687 in
1756 2659 1939 2688 autumno
1955 2681 1965 2697 ‚
1987 2665 2227 2706 consequeus
2257 2667 2307 2694 est
2324 2687 2334 2705 ‚
2360 2672 2428 2696 *eo-

1311 2704 1398 2741 dem
1430 2711 1600 2755 tempore
1628 2704 1744 2741 fuisse
1772 2704 1887 2742 etiam
1926 2705 2095 2755 primum
2126 2708 2298 2759 ejusdem
2338 2713 2427 2751 anni

1312 2766 1468 2795 mitium
1491 2783 1502 2793 .

1366 2809 1433 2856 48.
1463 2808 1564 2848 Aliae
1587 2810 1708 2849 etiam
1737 2811 1961 2861 quaestiones
1989 2811 2196 2853 admodum
2217 2815 2419 2868 difficiles,

2308 2873 2372 2910 sed

1318 2980 1446 3016 tempus
1471 2973 1511 3005 ab
1536 2976 1668 3005 oriente
1694 2971 1777 3004 Sole
1805 2973 1852 3005 ad
1878 2972 1976 3006 Solis
2001 2986 2154 3009 oceasum
2170 2992 2183 3015 ,·
2224 2978 2321 3024 cujus
2347 2991 2426 3012 con-

1318 3024 1460 3053 trarium
1484 3028 1610 3061 tempus
1636 3026 1688 3050 ese
1714 3031 1779 3049 nor
1805 3019 1845 3052 ab
1862 3030 1991 3052 'occasu
2011 3021 2110 3054 Solis
2135 3036 2235 3067 nsque
2255 3027 2300 3057 ad
2324 3038 2427 3058 eror-

1318 3074 1383 3099 tum
1403 3089 1411 3096 .
1446 3065 1572 3097 Ciuilis
1597 3073 1704 3097 autem
1730 3065 1809 3109 dies
1834 3075 1969 3098 «meatur
1994 3075 2120 3112 tempus
2135 3090 2146 3108 ,
2183 3072 2337 3113 clouds&
2363 3086 2426 3106 uno

1315 3114 1397 3145 coeli
1427 3116 1657 3150 circumactu,
1681 3123 1742 3158 quo
1767 3113 1846 3144 dies
1873 3125 1968 3146 uerus
1983 3134 1994 3153 ,
2020 3119 2061 3147 (9·
2082 3119 2152 3148 'nox
2179 3122 2397 3152 continentur
2415 3135 2423 3150 .-

1314 3167 1348 3191 ιιι
1377 3170 1447 3191 cum
1472 3159 1617 3189 (llcimus
1638 3178 1647 3195 ‚
1672 3159 1817 3201 alique-'ht
1842 3160 1921 3191 dies
1942 3162 2088 3204 {rfgintu
2114 3170 2240 3195 tantum
2266 3167 2424 3203 vixisse,-

1314 3207 1516 3246 relinquicur
1549 3206 1635 3235 enim
1659 3207 1763 3236 eriam
1788 3213 1908 3237 ποι-(εκ
1933 3209 2155 3249 intelligere.
2183 3208 2264 3242 Vid.
2291 3213 2423 3244 Auctor

1313 3251 1386 3294 ipse
1413 3249 1654 3289 Astronomis,
1689 3252 1721 3281 8<
1746 3249 1974 3296 Clironologis
2001 3254 2180 3289 subiratus
2204 3256 2240 3289 in
2267 3257 2420 3301 spicile-

1310 3301 1371 3341 gio
1395 3294 1532 3331 Bibltco
1559 3293 1603 3330 ad
1627 3296 1714 3330 Gen.
1740 3309 1816 3342 cap.
1845 3298 1906 3333 Vl.
1932 3299 1965 3343 4.

1804 3343 1831 3382 8
