2583 3685
830 45 910 92 DE
945 46 1191 92 CHRISTI
1224 44 1576 91 SATISFACT.

51 129 162 171 nime
204 128 386 171 audiendi
428 129 501 167 sint
529 127 587 167 J0.
620 126 840 180 Rigandus‚
888 128 1061 180 aliique,
1102 128 1171 179 qni

51 194 183 222 contra
211 185 439 223 Stancarum
469 182 728 233 disputantes,
765 182 806 220 S.
840 183 1090 233 Augustinum
1121 181 1171 218 ab

54 235 125 275 hac
154 239 331 276 sententia
351 236 558 288 aliquando
589 237 803 282 recessisse,
833 237 1036 273 commenti
1067 242 1171 279 sunt;

52 291 144 342 quia
186 290 332 329 alicubi
359 287 552 327 Christum
583 290 696 327 etiam
730 298 767 326 nt
798 287 923 326 Deum
963 289 1076 325 fuisse
1107 298 1172 323 no-

52 353 171 380 strum
199 342 452 382 Mediatorem
481 343 653 394 scripsit.
682 342 754 379 Sed
776 354 851 379 non
872 341 1045 379 viderunt
1066 368 1078 387 ‚
1107 347 1170 376 aut

51 395 183 433 videre
209 396 447 442 noluerunt,
479 396 513 432 id
543 395 666 433 solum
697 409 888 442 asserere,
918 394 1018 446 quod
1048 393 1170 429 1103111

51 449 220 500 sequenti
243 448 500 501 propositione
530 446 744 486 luculenter
771 448 1007 485 ostendemus
1025 476 1034 492 ‚
1066 444 1170 482 scili·

51 509 109 538 eet
140 510 300 555 utraque
316 511 449 540 natura
467 529 478 548 ,
507 500 635 539 divina
658 531 668 549 ‚
699 502 733 538 &
754 501 944 546 humana,
972 499 1168 536 Christum

48 553 166 592 fuisse
194 563 366 594 nostrum
397 553 674 603 Mediatorem,
704 556 880 592 videlicet
908 551 1168 598 humanitate,

48 607 262 656 secundum
290 621 407 660 quam
429 619 499 659 pro
527 607 637 646 nobis
666 623 795 660 passus
816 636 826 654 ‚
857 605 1076 642 &mortuus
1093 612 1168 651 est,

50 674 94 698 ac
127 673 194 713 pro
222 661 333 700 nobis
363 660 598 713 interpellat3
629 661 662 698 &
691 661 916 706 divinitate,
946 670 1034 710 quae
1065 657 1168 696 valo·

49 725 131 751 rem
149 743 160 762 ‚
202 712 238 751 8t
267 716 448 753 meritum
479 714 673 752 infinitum
703 714 781 751 suis
822 712 1034 750 actionibus
1063 724 1167 748 com-

46 767 289 814 municavit3
333 780 421 821 quae
449 770 578 806 omnia
604 766 775 806 dilucide
817 774 944 818 postea
985 763 1167 803 concilia-

47 818 190 858 buntur
210 845 221 859 .

105 886 196 926 279.
228 874 297 913 His
311 873 518 914 conformis
538 883 588 913 est
605 871 701 911 ratio
715 902 726 920 ,
747 886 863 925 quam
884 869 1046 910 Sanctus
1062 868 1165 908 Tho·

46 938 130 965 mas
159 924 266 966 afl'ert
289 958 299 977 ‚
339 929 377 968 3.
407 928 508 966 Part.
537 935 674 980 quaest.
698 925 761 964 26.
792 934 863 963 art.
895 939 933 964 2.
962 926 1166 977 inquiens:

47 1007 79 1028 „
109 980 151 1018 In
174 980 384 1020 Mediatore
412 981 487 1018 duo
516 993 714 1032 possumus
744 980 1008 1017 considerare:
1037 982 1166 1027 primo

47 1058 73 1080 „
103 1034 258 1086 quidem
288 1037 471 1073 rationem
502 1034 644 1071 medii:
673 1030 846 1070 secundo
873 1031 1045 1069 officium
1076 1042 1164 1069 con·

45 1113 74 1134 „
102 1086 314 1138 jungendi.
356 1087 423 1126 Est
451 1096 578 1124 autem
607 1087 654 1124 de
684 1086 828 1124 ratione
870 1085 1016 1133 medii,
1063 1083 1165 1136 quod

47 1164 75 1186 ‚,
103 1139 212 1178 distet
241 1139 290 1178 ab
310 1149 395 1178 utro
425 1152 471 1178 ue
497 1149 787 1178 extremorum:
817 1138 1016 1190 conjungit
1035 1147 1162 1175 autem

42 1218 70 1239 ‚,
101 1193 286 1232 mediator
313 1207 383 1246 per
396 1154 511 1242 clinc,
540 1193 641 1244 quod
671 1207 741 1241 ea,
785 1206 873 1245 quae
904 1194 1018 1230 unius
1047 1199 1131 1229 sunt
1152 1219 1164 1238 ‚

44 1273 72 1293 ,‚
100 1246 220 1284 defert
247 1246 294 1284 ad
324 1246 514 1285 alterum.
553 1246 740 1285 Neutrum
770 1255 896 1283 antem
928 1244 1065 1282 horum
1097 1255 1164 1296 po-

40 1324 71 1345 „
102 1306 168 1336 test
188 1301 393 1338 convenire
412 1301 582 1348 Christo,
610 1300 822 1338 secundum
842 1298 944 1352 quod
965 1307 1017 1336 est
1040 1297 1164 1345 Deus,

41 1376 70 1398 „
99 1352 163 1389 sai
191 1352 315 1391 solum
345 1354 554 1393 secundum
579 1353 684 1406 qnod
715 1362 766 1390 est
796 1351 910 1390 homo
931 1378 941 1390 .
979 1351 1078 1390 Nam
1108 1365 1165 1388 se—

43 1428 72 1450 „
101 1404 270 1445 cundum
291 1408 390 1460 quod
412 1405 537 1455 Deus,
567 1420 642 1445 nou
674 1405 843 1445 differta
863 1405 972 1443 Patre
988 1433 998 1451 ‚
1028 1403 1166 1455 &Spi-

43 1482 72 1503 ,‚
103 1459 175 1496 ritu
195 1459 335 1498 Sancto
365 1462 403 1499 iu
425 1470 557 1499 natura
573 1490 583 1508 ‚
614 1457 648 1496 8(
665 1468 839 1512 potestate
859 1458 1020 1497 dominii
1044 1485 1054 1496 .
1085 1457 1164 1496 Nec

43 1535 72 1557 ‚,
101 1512 213 1550 etiam
237 1511 370 1562 Pater,
400 1514 615 1566 &Spiritus
635 1513 794 1552 Sanctus
813 1513 964 1565 aliquid
994 1511 1136 1550 habent
1153 1542 1163 1560 ,

43 1589 71 1610 ‚,
99 1564 202 1654 guod
231 1579 307 1605 non
336 1569 381 1605 sit
412 1566 534 1615 Filii,
574 1577 610 1604 ut
641 1568 695 1605 sic
726 1570 840 1619 possit
868 1567 939 1615 id,
1011 1565 1082 1603 uod
1112 1574 1164 1604 est

44 1642 72 1662 2,
130 1618 247 1668 atris,
289 1618 351 1658 vel
381 1619 547 1672 Spiritus
574 1620 729 1669 Sancti,
770 1621 881 1673 quasi
910 1580 1011 1672 quosd
1044 1628 1096 1657 est
1125 1634 1165 1656 a·

40 1692 70 1715 „
99 1669 241 1709 11011101
262 1702 274 1720 ,
317 1672 365 1712 ad
392 1673 487 1712 alios
515 1673 686 1712 deferre.
729 1672 805 1711 Sed
834 1683 1044 1725 utrumque
1073 1685 1163 1711 con-

45 1749 72 1769 „
102 1725 205 1761 venit
233 1726 295 1772 ei,
323 1726 552 1777 inquantum
583 1736 636 1764 est
664 1725 798 1764 homo:
827 1728 921 1778 quia
948 1726 1161 1764 secundum

44 1801 72 1823 „
101 1777 203 1828 quod
233 1787 284 1816 est
313 1776 454 1826 homo,
501 1779 611 1817 distat
639 1778 673 1815 &
704 1794 725 1816 a
755 1779 837 1817 Deo
867 1781 907 1817 in
938 1789 1071 1817 natura
1089 1809 1099 1827 ‚
1130 1777 1163 1814 8:

42 1854 71 1876 ‚,
101 1829 151 1867 ab
167 1829 389 1870 hominibus
409 1833 447 1870 in
466 1830 651 1884 dignitate
671 1831 705 1869 8t
724 1835 855 1884 gratiae
874 1863 883 1881 ‚
906 1831 938 1868 8(
958 1831 1113 1884 gloriae.
1137 1860 1163 1880 ,‚

38 1899 46 1903 ·
98 1881 190 1921 280.
220 1884 440 1936 objiciebat
469 1887 596 1937 primo
615 1885 820 1934 Calvinus,
851 1886 900 1924 ab
932 1886 1039 1924 initio
1058 1900 1163 1924 crea-

38 1934 155 1974 tionis
185 1939 317 1976 mundi
346 1937 540 1977 Christum
573 1939 687 1978 fuisse
705 1949 820 1992 caput
838 1938 1067 1983 Eccclesiae3
1097 1938 1164 1975 ad-

40 1999 164 2040 eoque
193 1989 447 2031 Mediatorem
477 1993 576 2031 inter
602 2004 696 2039 nos,
726 1990 761 2027 &
790 1991 946 2030 Deum.

99 2042 190 2081 281.
222 2042 334 2098 Resp.
365 2046 403 2084 id
431 2043 587 2099 quidem
617 2057 750 2083 verum
777 2048 879 2092 esse,
908 2043 970 2082 sed
1000 2055 1077 2083 non
1107 2057 1163 2081 se·

38 2096 209 2135 oundum
237 2097 475 2135 divinitatem
503 2097 647 2145 solam,
677 2106 718 2136 111
746 2097 849 2135 enim
877 2098 1068 2149 sapienter
1096 2097 1161 2133 do-

39 2157 99 2184 cet
126 2147 285 2188 Sanctus
305 2149 476 2188 Thomas
496 2150 536 2188 3.
557 2149 657 2186 Part.
677 2149 870 2199 quaeshss.
890 2159 961 2185 art.
984 2162 1018 2185 1.
1048 2146 1161 2186 Chri-

37 2206 114 2238 stu·
140 2210 195 2239 est
221 2211 336 2252 caput
365 2200 550 2240 Ecclesiae
578 2200 738 2252 *triplici
776 2192 920 2256 r;(tione
997 2197 1161 2250 Primo,

40 2251 208 2300 ordine,
239 2255 332 2305 quia
359 2266 490 2291 omnes
518 2252 650 2291 fideles
679 2254 882 2305 accipiunt.
902 2227 1062 2306 gffatiam
1121 2267 1162 2292 er

41 2313 258 2357 respectum
288 2306 334 2344 ad
361 2308 523 2358 gratiam
553 2306 700 2359 ipsius,
728 2308 938 2345 secundum
969 2306 1067 2345 illud
1090 2269 1163 2346 Eo-

37 2371 146 2396 man.
178 2357 282 2397 Vlll.
315 2373 379 2412 29·
430 2359 539 2411 Quos
567 2362 762 2411 praescivit
780 2390 790 2408 ‚
820 2361 870 2401 (¹9⁶
899 2360 1164 2411 proedestina-

41 2415 122 2458 νὶε,
151 2411 380 2465 conformes
395 2413 496 2467 fieri
526 2417 717 2465 imaginis
747 2412 834 2452 Filii
862 2418 949 2462 sui,
987 2424 1028 2451 ut
1057 2418 1106 2452 sit
1134 2419 1165 2452 i-

43 2477 115 2516 pse
141 2469 427 2520 primogenitus
455 2470 497 2505 in
527 2468 661 2506 multis
677 2467 904 2520 fratribus.
953 2467 1164 2516 Secundo,

37 2518 303 2570 perfectione,
332 2522 426 2575 quia
452 2521 625 2560 Christus
654 2519 790 2559 habuit
821 2521 1095 2573 plenitudinem
1124 2534 1167 2558 o·

44 2574 195 2611 mnium
225 2575 459 2626 gratiarum:
488 2574 546 2614 Jo.
582 2587 615 2614 1.
651 2575 711 2621 14.
742 2574 916 2613 Verbum
945 2575 1045 2627 quod
1075 2587 1165 2612 caro

43 2625 189 2665 factum
221 2637 302 2676 est,
332 2629 474 2667 dicitur
501 2629 663 2680 plenum
682 2633 829 2682 grcttiae
846 2658 858 2676 ,
885 2628 935 2669 <9⁰
965 2631 1163 2666 veritatis.

47 2677 208 2730 TertiO,
250 2681 437 2734 influxu,
480 2684 571 2735 quia
600 2684 779 2720 virtutem
817 2681 930 2719 habet
974 2681 1164 2719 influendi

42 2734 204 2783 gratiam
236 2735 276 2773 in
305 2738 435 2774 omnia
459 2736 633 2775 membra
655 2735 863 2784 Ecclesiae,
892 2735 1025 2773 Joann.
1047 2735 1076 2772 1.
1103 2734 1164 2773 16.

45 2783 97 2822 de
124 2787 362 2835 plenitudine
391 2791 478 2843 ejus
506 2803 578 2829 nos
606 2803 747 2828 omnes
789 2792 1044 2838 accepimus.
1088 2788 1163 2826 Sed

45 2837 95 2875 de
120 2838 301 2890 Christo,
331 2852 371 2880 ut
401 2845 524 2896 capite
557 2843 763 2892 Ecclesiae,
793 2843 909 2895 digna
929 2853 980 2881 est
999 2855 1087 2896 quae
1109 2841 1162 2879 le-

46 2900 157 2942 gatur
186 2892 253 2930 illa
280 2899 442 2950 quaestio
469 2896 512 2936 8.·
538 2896 579 2935 S.
610 2897 774 2939 'rhome
792 2922 804 2935 .

105 2944 196 2983 282.
225 2945 319 2998 Obj.
347 2950 540 2988 secundo.
572 2950 774 3003 Apostolus
804 2948 943 2989 Paulus
964 2963 1001 2988 2.
1031 2949 1076 2987 ad
1092 2949 1163 2988 Co-

48 2996 169 3035 rinth.
199 2997 249 3036 V.
285 2999 346 3038 18.
392 3001 562 3052 Omnes,
590 3006 743 3057 inquit,
774 3017 827 3042 ex
856 3003 970 3052 Deo,
999 3007 1063 3054 qui
1092 3015 1164 3039 nos

51 3052 318 3090 reconcilictvit
345 3053 414 3092 sibi
451 3068 520 3107 per
551 3057 744 3097 Christum
854 3057 966 3095 Deus
995 3066 1081 3094 erat
1124 3060 1166 3092 ιή

58 3103 210 3144 Christo
240 3106 436 3146 mundum
472 3111 735 3150 reconcilians
764 3110 860 3150 sibi.
902 3110 1167 3149 Reconciliare

52 3167 182 3196 autem
214 3168 266 3197 est
296 3160 520 3200 Mediatoris
560 3163 759 3212 officium;
801 3165 971 3217 adeoque
998 3164 1167 3203 Christus

50 3220 93 3248 ut
122 3211 225 3249 Deus
252 3221 303 3250 est
347 3223 471 3253 noster
509 3215 720 3255 mediator.
767 3219 838 3260 His
867 3219 1010 3257 similia
1051 3226 1165 3263 sunt,

48 3277 144 3316 quae
182 3266 284 3305 idem
314 3266 456 3308 Paulus
497 3269 613 3309 habet
635 3270 689 3308 -ad
712 3270 859 3310 Ι001033.
894 3285 928 3311 1.
956 3285 1051 3320 2ο.,
1099 3269 1166 3309 nbi

2205 50 2291 103 259

1241 127 1322 164 Deo
1351 127 1452 165 Patri
1478 125 1760 178 complacuisse
1778 125 1899 175 dicit,
1929 125 2190 166 reconciliare
2214 130 2357 166 omnia

1238 184 1279 217 ιἰι
1309 186 1434 230 ipsum
1453 206 1463 218 .

1294 235 1386 272 285.
1420 235 1558 284 liesp.,
1603 230 1670 270 illa
1704 231 1867 284 Apostoli
1901 232 2017 272 verba
2046 232 2146 272 nihil
2171 232 2277 272 aliud
2300 234 2355 273 si·

1238 287 1423 337 gnificare
1441 317 1451 334 ‚
1480 298 1598 349 quam
1630 287 1855 324 immensam
1874 288 1944 324 Dei
1968 286 2086 324 Patris
2106 286 2355 337 charitatem,

1238 353 1315 390 qua
1345 341 1446 377 misit
1475 338 1622 376 lotium
1653 352 1764 376 sumn
1783 370 1793 387 ‚
1818 350 1862 376 111
1892 340 2219 392 superabundanti
2247 340 2355 379 exhi·

1239 391 1318 430 bita
1342 393 1594 430 satisfactione
1610 404 1675 429 nos
1697 392 1767 429 sihi
1792 395 1861 444 ipsi
1885 394 2170 431 reconciliaret.
2200 423 2227 441 ,‚
2250 395 2355 434 Deufl

1239 473 1267 492 ,‚
1298 445 1432 492 Pater,
1476 445 1599 496 inquit
1632 445 1833 493 Angelicus
1864 447 1962 483 hunc
2000 446 2127 483 locum
2157 446 2355 497 explicans

1239 526 1265 545 „
1298 498 1401 536 Lect.
1434 496 1481 535 V.
1500 526 1510 544 .,
1541 497 1832 544 reconciliavit,
1863 500 1955 536 idest
1985 499 2203 550 pacificavit
2221 512 2284 536 nos
2304 502 2353 537 si-

1297 551 1334 589 bi
1355 581 1365 598 ,
1397 551 1429 586 8(
1458 549 1529 588 1100
1561 564 1625 602 per
1645 549 1839 588 Christum
1857 580 1867 598 ,
1898 553 1987 589 idest
2016 566 2085 603 per
2114 553 2357 590 incarnatum

1241 634 1266 652 „
1296 604 1474 642 Verbum
1503 606 1553 649 “5
1584 619 1605 641 a
1635 617 1711 654 quo
1740 604 1819 641 solo
1847 604 1974 641 inedia
2003 604 2238 643 humanitate
2266 617 2357 656 ope-

1242 687 1267 706 „
1298 671 1339 695 ra
1367 659 1615 696 satisfactoria
1648 658 1857 708 passionis,
1886 658 1920 693 &
1952 660 2078 695 mortis
2108 659 2354 710 prodierunt.

1295 711 1386 756 284.
1419 710 1559 749 Dic'es.
1589 710 1685 749 Haec
1717 711 1974 749 reconciliatio
2001 721 2126 749 nostra
2154 726 2243 750 cum
2274 711 2359 750 Deo

1234 776 1310 802 non
1333 765 1450 817 ,aliter
1481 764 1565 801 steri
1597 765 1717 816 potuit
1736 794 1746 812 ,
1777 778 1891 816 quam
1920 776 2165 816 peccatorum
2195 764 2358 804 ablatio-

1236 829 1312 864 ne;
1353 818 1418 855 sed
1449 818 1600 854 auferre
1631 827 1786 868 peccata
1816 831 1889 855 non
1919 820 2093 856 convenit
2121 818 2272 856 Christo
2299 832 2356 855 se-

1234 871 1406 909 cundum
1435 868 1644 908 humanam
1678 881 1850 907 naturam
1868 901 1878 918 ,
1922 871 1984 909 sed
2006 871 2225 910 secundum
2253 871 2355 908 divi-

1234 936 1350 962 nam:
1390 937 1479 975 ergo
1507 925 1620 962 etiam
1651 922 1823 962 Christus
1853 924 2037 963 mediator
2059 934 2119 962 vest
2147 933 2273 964 noster
2292 937 2356 963 se—

1234 978 1405 1015 cundum
1435 979 1606 1015 divinam
1639 985 1810 1014 naturam
1829 1003 1840 1014 .

1292 1031 1383 1069 285.
1415 1030 1625 1082 Respondet
1655 1029 1696 1067 S.
1730 1029 1896 1069 Thomas
1923 1029 1999 1070 hac
2028 1044 2096 1083 qu.
2130 1030 2193 1070 26.
2223 1039 2356 1070 art.·2.

1236 1083 1284 1122 ad
1316 1098 1352 1123 2.
1397 1115 1423 1132 „
1455 1083 1555 1136 quod
1587 1083 1675 1121 licet
1703 1088 1945 1122 auctoritate
1974 1094 2172 1136 peccatum
2202 1085 2356 1124 auferre

1236 1167 1262 1186 ‚‚
1292 1138 1490 1176 conveniat
1519 1136 1670 1174 Christo
1691 1165 1701 1183 ‚
1743 1138 1958 1175 secundum
2001 1138 2102 1188 quod
2146 1147 2196 1176 est
2227 1138 2355 1176 Deus:

1233 1217 1261 1239 „
1291 1201 1419 1229 tamen
1448 1190 1662 1228 satisfacere
1706 1201 1776 1242 pro
1806 1199 1961 1241 peccato
2002 1189 2162 1229 humani
2194 1192 2356 1242 generis

1232 1273 1260 1293 ,‚
1290 1245 1472 1284 convenit
1497 1242 1559 1291 ei,
1588 1243 1795 1281 secundum
1824 1243 1926 1293 quod
1950 1251 2005 1280 est
2036 1242 2176 1281 homo.
2219 1243 2267 1281 Et
2289 1258 2355 1281 se-

1234 1327 1261 1346 „
1289 1298 1461 1336 cundum
1502 1296 1576 1335 11οο
1605 1296 1746 1335 dicitur
1772 1295 1848 1335 Dei
1885 1296 2104 1344 mediator,
2146 1296 2188 1334 ἃ
2224 1295 2355 1336 homi-

1235 1381 1261 1400 „
1292 1365 1384 1389 num
1402 1377 1413 1390 .
1438 1354 1471 1373 ““

1290 1404 1381 1443 286.
1411 1403 1505 1455 Obj.
1535 1405 1644 1442 tertio
1674 1417 1762 1441 cum
1783 1402 1946 1441 Calvino
1976 1403 2097 1456 inep-
2129 1404 2269 1455 scripta
2289 1416 2357 1442 no-

1233 1459 1338 1496 mine
1367 1456 1553 1496 Ecclesiae
1584 1458 1820 1496 Genevensis
1849 1456 1896 1494 ad
1921 1456 2084 1494 'l’olonos
2102 1483 2112 1495 .
2148 1457 2204 1495 Ea
2234 1457 2352 1495 verba

1231 1512 1341 1551 Joan.
1372 1511 1424 1549 X.
1461 1524 1521 1562 17.
1553 1509 1643 1563 Ego
1668 1523 1773 1560 pono
1804 1513 1992 1547 animam
2024 1523 2182 1558 meam,
2212 1518 2251 1546 ut
2281 1514 2353 1548 ite-

1232 1577 1322 1603 rum
1352 1578 1515 1603 sumam
1545 1577 1640 1602 ειιιη
1669 1573 1751 1602 311111
1783 1563 1898 1601 verba
1926 1562 2071 1601 Christi
2106 1564 2354 1609 mediamna

1231 1620 1295 1657 sed
1327 1619 1394 1657 illa
1424 1621 1615 1671 pertinent
1645 1617 1691 1655 ad
1713 1629 1912 1668 personam
1933 1617 2106 1655 divinam
2126 1647 2137 1665 ,
2157 1629 2254 1668 ‹quae
2274 1616 2356 1655 sola.

1233 1681 1380 1724 poterat
1408 1674 1577 1710 animam
1607 1686 1629 1709 a
1649 1684 1686 1708 se
1703 1679 1936 1722 assumptam
1954 1683 2121 1722 ponere,
2151 1669 2185 1706 8<
2216 1670 2356 1707 iterum

1230 1738 1404 1764 sumere:
1435 1738 1523 1777 ergo
1552 1725 1625 1762 &c-

1289 1779 1380 1830 287.
1410 1778 1526 1830 Resp.
1551 1791 1643 1828 neg.
1674 1777 1798 1818 in'in.;
1820 1783 1869 1811 ·ut
1885 1776 2244 1827 ennnxsupra‘mnn.
2263 1775 2356 1813 500.

1233 1845 1322 1870 cum
1353 1832 1393 1869 S.
1424 1831 1635 1881 Augustino
1662 1827 1894 1867 ostendimus
1916 1858 1926 1875 ,
1965 1829 2055 1880 ipsa
2099 1841 2186 1885 ςατο
2214 1829 2356 1867 Christi

1232 1887 1357 1936 posuit
1385 1885 1558 1920 animam
1588 1894 1696 1920 suam
1720 1883 1766 1919 'in
1797 1890 1936 1928 morte,
1968 1881 2218 1933 eamdemque
2238 1883 2277 1919 in
2296 1895 2354 1919 re-

1229 1936 1462 1974 surrectione
1493 1936 1722 1987 resumpsit,
1771 1947 1845 1971 non
1877 1934 2033 1985 quitlem
2077 1943 2256 1985 potestate
2284 1949 2352 1973 sua

1232 1991 1416 2042 propria,
1464 1989 1529 2027 sed
1558 2001 1603 2025 ex
1633 1996 1809 2039 potestate
1841 1985 1960 2024 Verbi
1981 1989 2052 2025 cui
2083 2001 2233 2040 semper
2262 2001 2352 2028 con—

1231 2046 1365 2094 juncta
1396 2042 1564 2079 mansit-.

1288 2094 1378 2133 288.
1410 2094 1502 2146 Obj.
1524 2101 1659 2147 quarto
1678 2094 1941 2132 auctoritatem
1961 2094 2219 2147 quorumdam
2250 2104 2353 2133 vete-

1231 2161 1317 2185 rum
1351 2147 1501 2185 Patrum
1520 2178 1530 2195 ‚
1561 2149 1626 2199 qui
1657 2148 1848 2186 Christum
1880 2150 1993 2186 etiam
2015 2158 2101 2185 ante
2122 2150 2353 2186 incarnatio-

1233 2215 1319 2239 nem
1349 2201 1465 2239 'fuisse
1495 2209 1663 2239 nostrum
1696 2201 1945 2239 mediatorem
1966 2211 2216 2241 asseruerunt
2239 2232 2249 2249 ‚
2280 2204 2352 2241 uti-

1230 2269 1306 2307 que
1336 2255 1375 2293 in
1407 2263 1541 2293 natura
1569 2255 1728 2300 divina3
1760 2254 2090 2294 humanamenitn
2109 2256 2275 2293 nondum
2296 2270 2352 2295 as-

1231 2317 1471 2361 sumpserat.
1503 2309 1566 2346 Sic
1589 2307 1855 2347 Tertullianus
1883 2318 2011 2348 contra
2028 2308 2270 2347 Marcionem
2290 2309 2354 2348 Li·
2380 2322 2382 2324 ’

1231 2361 1303 2400 hro
1333 2362 1380 2400 11.
1411 2375 1446 2400 c.
1470 2374 1533 2411 27.
1564 2360 1828 2414 Profitemur,
1859 2364 1937 2411 ait,
1971 2362 2166 2400 Christum
2198 2375 2354 2411 semper

1234 2419 1363 2468 egisse
1405 2419 1446 2452 in
1477 2414 1555 2453 Dei
1586 2414 1719 2453 Patris
1744 2417 1937 2464 nomine,
1985 2420 2112 2467 ipsum
2151 2414 2201 2452 ab
2244 2420 2352 2454 inicio

1235 2478 1435 2506 versatum
1454 2499 1464 2517 ‚
1513 2473 1640 2520 ipsum
1671 2481 1926 2522 congressum
1956 2483 2045 2508 cnm
2080 2469 2352 2517 Patriarc'zis,

1233 2523 1282 2563 (9⁴
1306 2521 1510 2572 Prophetis
1527 2551 1538 2569 ‚
1567 2520 1713 2559 Filium
1738 2522 1936 2560 creatoris
1953 2549 1964 2560 .
1995 2523 2170 2570 Quorum
2200 2525 2353 2574 gemina

1234 2574 1374 2613 habent
1404 2577 1444 2613 in
1476 2575 1594 2613 Libro
1623 2586 1750 2613 contra
1780 2575 1961 2614 Praxeam
1991 2588 2024 2614 c.
2063 2575 2122 2620 14'.

1289 2628 1380 2681 289.
1412 2626 1524 2679 Resp.
1541 2627 1823 2666 Tertullianum
1843 2659 1853 2677 ‚
1883 2628 2052 2680 aliosque
2070 2626 2266 2666 nonnullos
2280 2627 2354 2667 l'a-

1235 2690 1307 2719 tres
1338 2680 1436 2719 nihil
1467 2681 1572 2718 alind
1600 2680 1793 2729 voluisse,
1836 2683 1907 2720 nisi
1939 2682 2133 2720 Christum
2171 2693 2265 2720 *ante
2296 2685 2353 2722 in·-

1234 2743 1487 2773 carnationem
1516 2733 1747 2773 Patriarchis
1776 2733 1847 2773 snb
1879 2735 2012 2786 Angeli
2053 2736 2178 2787 specie
2202 2746 2352 2788 specta-

1232 2789 1353 2827 bilem
1384 2802 1421 2826 se
1439 2787 1652 2840 praebuisse
1670 2818 1680 2836 ‚
1710 2801 1798 2841 quae
1819 2789 1950 2839 opinio
1966 2789 2035 2827 fuit
2056 2789 2247 2826 veteribus
2262 2789 2352 2828 vtil-

1230 2843 1451 2894 gatissima3
1481 2854 1553 2879 non
1574 2852 1699 2879 autem
1723 2843 1822 2879 veris
1838 2840 2058 2880 Mediatoris
2081 2843 2175 2880 inter
2195 2841 2321 2882 Deum
2341 2874 2351 2893 ‚

1233 2896 1266 2931 δ’(
1295 2895 1468 2933 homines
1496 2893 1633 2933 officiis
1661 2895 1906 2946 perfunctum
1938 2895 2080 2942 suisse3
2120 2907 2208 2948 quae
2238 2898 2277 2936 iu
2302 2910 2352 2936 ·eo

1231 2949 1472 3001 potissimum
1517 2949 1585 2986 sita
1614 2957 1698 2986 sunt
1717 2978 1727 2995 ‚
1777 2956 1814 2985 ut
1845 2961 1913 2999 pro
1940 2949 2052 2987 nobis
2093 2958 2173 2986 oret
2203 2950 2247 2988 ad
2279 2951 2350 2989 l'a—

1228 3011 1356 3050 trem,
1404 3003 1516 3054 eique
1546 3002 1603 3039 sui
1633 3003 1751 3053 ipsius
1778 3001 2012 3040 sacrificinm
2041 3002 2173 3040 offerat
2203 3004 2248 3041 ad
2280 3003 2349 3042 Dt-

1228 3057 1363 3094 vvinam
1395 3055 1579 3107 justitiam
1611 3054 1866 3107 placandam.
1910 3056 2010 3103 Quoe
2040 3057 2169 3094 omnia
2196 3058 2348 3095 nonnisi

1235 3110 1275 3148 in
1306 3118 1438 3148 natura
1467 3107 1637 3146 hmnana
1667 3117 1859 3160 assumpta
1881 3107 2051 3148 Christus
2083 3119 2261 3162 praestare
2283 3121 2347 3159 po-

1234 3163 1331 3201 tuit.
1365 3163 1420 3200 An
1449 3174 1539 3199 vero
1570 3161 1646 3199 illm
1677 3163 1935 3214 apparitiones
1961 3163 2156 3202 veteribus
2186 3163 2347 3200 Patriar-

1233 3215 1315 3253 chis
1347 3216 1485 3262 sactae,
1514 3214 1585 3252 sint
1602 3215 1733 3252 divino
1749 3214 1878 3253 Verbo
1894 3215 2145 3255 attribuendas
2164 3243 2172 3258 ,
2201 3227 2247 3251 an
2270 3216 2346 3250 :ln-

1232 3269 1353 3320 gelis,
1386 3270 1550 3311 diversae
1580 3268 1773 3318 [uerunts
1803 3267 1840 3306 v&
1868 3266 1995 3310 adhuc
2022 3277 2104 3308 sunt
2135 3266 2345 3317 Theologo-

2205 3333 2303 3360 rum,

1240 580 1266 599 δ’
