2583 3685
870 51 949 123 PE
984 51 1229 97 CHRISTI
1261 53 1608 98 SATISFACT.

101 131 318 173 declaratur
397 130 562 170 tissimus
592 130 680 170 finis
722 130 911 171 missionis
943 133 1034 171 Filii
1065 134 1138 171 Dei
1180 134 1218 170 in

105 184 212 226 liunc
240 199 332 225 »uun
363 198 454 233 um,
485 193 524 223 ut
553 199 618 223 iios
648 186 877 234 redimeret,
908 186 941 221 ἃ
969 187 1137 233 amicos,
1175 199 1218 223 ac

105 239 210 279 filios
233 239 300 276 Dei
318 266 329 285 ‚
361 237 509 290 placata
537 238 665 276 diviua
695 238 864 289 justitia,
894 239 1080 277 efficeret.
1118 240 1218 276 Cum

104 292 177 331 isto
203 299 331 328 autem
361 292 558 342 praecipuo
572 292 711 330 Christi
741 294 924 331 missionis
944 293 1018 331 fine
1045 291 1112 330 alii
1144 303 1218 329 non

103 353 275 395 puguant
301 357 324 380 a
351 344 561 382 Socinianis
589 344 721 383 allati.

156 396 225 448 95.
256 396 312 434 Ad
342 398 550 435 secundum
568 423 578 435 .
615 400 723 437 Certe
749 398 920 436 Christus
949 399 1020 435 fuit
1049 397 1219 434 conditor

103 450 193 490 novi
223 452 460 498 testamenti,
509 451 570 488 sed
613 466 681 504 per
718 454 918 504 proprium
961 451 1184 504 sanguinem
1207 477 1218 496 ,

104 514 221 554 quein
251 501 384 541 effudit
413 505 452 542 in
482 505 742 543 remissionem
775 512 1013 556 peccatorum
1032 529 1042 539 .
1097 503 1217 551 Cujus

102 556 160 592 tei
191 554 378 594 habemus
409 557 534 608 ipsum
564 557 776 599 Dominum
795 558 926 596 Jesuiii
956 565 1083 593 testem
1113 553 1219 592 locu-

105 606 391 660 pletissimum,
428 610 495 660 qui
527 611 566 647 iii
598 610 733 650 ultima
760 624 870 648 coena
900 609 1094 660 porrigens
1124 608 1217 645 ‹mli-

103 673 190 699 cem
213 661 424 724 Discipulis
453 664 529 700 suis
546 691 557 710 ,
586 662 646 701 hic
663 673 724 702 est
739 667 846 702 enim
862 691 874 710 ,
902 662 1023 708 dixit,
1053 665 1217 712 sanguis

105 727 220 752 meus
248 726 335 756 ison
363 720 622 764 testamenti,
651 721 715 767 qui
733 730 802 767 pro
832 714 965 752 multis
993 714 1218 762 effundetur

102 770 147 805 in
175 770 451 807 remissionem
493 779 746 819 peccatorum
774 766 913 806 Manli.
935 766 1084 806 xxvi.
1125 767 1216 813 28.;

103 818 139 856 ἃ
169 820 271 872 apud
302 821 448 860 Lucam
477 822 608 860 XXII.
640 835 703 860 20.
739 820 819 858 Hic
848 829 905 859 est
934 821 1044 857 calte
1069 834 1218 858 norum.

103 881 392 912 testamentum
415 878 453 912 in
469 878 666 927 sanguine
681 888 772 912 meo
789 904 799 922 ‚
828 879 892 925 qui
913 887 982 925 pro
1012 873 1218 925 volnissen-

104 926 245 965 detur.
303 927 358 966 Ac
384 928 540 965 deinum
583 929 697 965 etiam
728 928 769 965 S.
799 927 939 964 Paulus
976 941 1007 964 i.
1045 927 1215 965 Corinth.

103 979 176 1019 Xi.
200 980 263 1018 25.
294 978 646 1024 verbachrisiiita
677 982 813 1017 refert:
843 980 921 1017 llic
937 981 1048 1017 culta:
1077 993 1217 1017 novum

100 1040 390 1071 testamentum
419 1041 476 1070 est
505 1036 547 1070 in
575 1046 665 1071 meo
682 1037 878 1086 sanguine
895 1059 905 1070 .
933 1033 1062 1071 Eccur
1089 1042 1216 1071 autem

99 1084 173 1125 itia
202 1085 374 1137 repetitio
401 1090 636 1137 sanguinis,
667 1088 737 1124 nisi
768 1095 806 1124 ut
829 1086 1082 1138 intelligamus
1100 1115 1111 1134 ‚
1141 1100 1218 1125 nou

97 1137 212 1176 aliter
250 1140 438 1176 sancitum
481 1140 596 1177 tuisse
624 1152 766 1178 novum
797 1140 946 1187 soedus,
995 1153 1112 1190 quam
1151 1152 1218 1190 per

101 1190 328 1230 effusionem
356 1190 561 1242 Sanguinis
587 1192 676 1230 Jesu
705 1192 843 1230 Christi
872 1195 914 1230 in
943 1196 1218 1230 remissionem

100 1254 388 1296 pacatorium,
435 1259 500 1282 seu
541 1247 845 1285 satisfactionem.
879 1246 1022 1283 divinae
1059 1245 1218 1296 justitiet>

103 1300 338 1350 praesti'tain:
371 1297 448 1348 Qui
477 1297 616 1336 dilexit
645 1312 743 1347 nos,
773 1300 822 1339 Θ
852 1299 944 1336 tavit
974 1312 1045 1336 nos
1073 1313 1102 1336 a
1130 1312 1219 1348 pec-

99 1353 204 1387 catis
233 1353 376 1388 nostris
404 1354 446 1387 in
473 1356 672 1404 sanguine
701 1351 810 1390 sito?
866 1352 938 1390 Sed
969 1366 1048 1404 prae
1087 1355 1220 1391 ceteris

101 1401 181 1454 legi
209 1403 256 1440 de
286 1401 357 1441 hac
388 1417 428 1441 re
457 1414 624 1443 meretur
652 1415 768 1457 caput
786 1405 857 1444 IX.
887 1405 1056 1457 epistolae
1087 1407 1218 1444 Sancti

104 1453 218 1494 Pauli
248 1455 294 1493 ad
325 1456 534 1506 Hebraeos,
566 1458 633 1496 uhi
661 1459 866 1497 discrimen
890 1461 1092 1511 exponitur
1122 1470 1220 1497 vete-

99 1509 155 1550 ris
171 1538 184 1558 ,
212 1521 256 1546 ac
283 1511 375 1548 novi
406 1513 642 1560 testamenti,
671 1521 784 1565 atque
811 1513 1039 1551 excellentia
1059 1513 1221 1565 Sangui-

99 1563 163 1600 nis
189 1560 329 1604 Christi
358 1576 473 1616 supra
499 1567 721 1616 sanguinem
751 1565 944 1604 hircorum
962 1597 973 1615 ‚
1003 1575 1221 1615 taurorum,

98 1613 345 1668 aliarumque
374 1617 509 1655 veteris
537 1619 746 1657 testamenti
776 1618 984 1658 hostiarum
1002 1650 1013 1669 ,
1060 1619 1092 1656 δε
1124 1633 1222 1658 vers.

105 1668 172 1706 15.
201 1669 253 1705 ita
281 1668 520 1708 concluditur
549 1672 595 1709 de
622 1671 796 1711 Christo:
843 1671 900 1710 Et
928 1673 1015 1711 ideo
1050 1677 1138 1710 novi
1165 1682 1222 1710 te-

101 1724 301 1758 stamenti
330 1721 526 1760 mediator
552 1733 611 1761 est
633 1754 644 1772 ,
692 1735 732 1761 ut
761 1735 888 1764 morte
917 1726 1187 1764 intercedente
1208 1755 1220 1774 ,

103 1777 147 1812 in
176 1772 488 1824 redemptionem
516 1789 655 1814 earum
684 1782 1063 1826 praevaricationum
1085 1809 1094 1827 ,
1132 1792 1222 1830 quoe

102 1836 222 1865 erant
238 1825 307 1865 sub
333 1831 454 1877 priori
483 1837 725 1868 testamento
753 1831 840 1871 ὡς.
871 1832 929 1870 En
953 1832 1142 1884 quomodo
1157 1832 1222 1869 Je-

103 1879 365 1927 sus,Christus
394 1882 514 1920 factus
542 1885 588 1921 sit
615 1886 706 1922 novi
736 1887 946 1922 testamenti
976 1884 1203 1922 Mediator.

159 1933 226 1986 96.
257 1933 490 1987 Exemplum
519 1945 645 1974 autem
665 1937 778 1975 nobis
806 1938 906 1975 dedit
926 1938 1034 1975 Jesus
1051 1935 1223 1974 Christus

107 1999 287 2025 omnium
318 1998 501 2027 virtutum
530 1990 569 2027 in
601 1998 673 2027 tota
703 1991 782 2027 vita
809 2004 905 2037 sua,
953 2003 997 2027 ac
1026 1990 1235 2040 praecipue·

105 2039 147 2078 iu
175 2049 320 2089 morte,
353 2049 390 2078 ut
417 2054 486 2078 nos
515 2043 617 2092 pa‘ti,
645 2041 680 2078 ἃ
711 2043 808 2079 mori
837 2042 1012 2088 doceret3
1042 2050 1081 2078 ui
1111 2042 1222 2079 milla

101 2096 156 2131 sit
184 2092 333 2130 homini
359 2096 568 2130 excusatio
595 2106 666 2144 pro
694 2107 737 2132 se
765 2108 847 2132 non
866 2098 951 2144 pati
966 2110 981 2138 ‚·
1009 2107 1100 2130 cum
1127 2107 1222 2143 piis-

104 2157 173 2182 sus
196 2149 249 2183 sit
277 2145 342 2183 ille
366 2158 438 2197 pro
465 2145 601 2184 nobis:
620 2141 681 2186 ⁸&
701 2159 792 2183 cum
822 2148 886 2182 ille
914 2158 1056 2195 passus
1084 2150 1131 2182 sit
1152 2158 1221 2195 pro

105 2198 253 2235 alienis
280 2201 482 2247 peccatis,
531 2198 652 2234 multo
682 2201 815 2248 magis
842 2210 913 2247 pro
941 2201 1114 2248 peccatis
1142 2201 1222 2235 suis

104 2262 427 2300 unumquemque
454 2253 538 2299 pati
567 2248 733 2297 debere,
764 2259 803 2287 ut
833 2251 959 2302 inquit
989 2251 1029 2288 S.
1057 2251 1223 2303 Cypria-

101 2315 175 2341 nus
204 2301 253 2339 de
283 2300 576 2340 Exhortatione
604 2302 660 2339 acl
688 2301 942 2355 Martyrium
971 2317 1057 2355 cap.
1080 2305 1117 2342 5.
1148 2305 1223 2342 lm-

101 2368 168 2396 mo
197 2357 278 2407 ipse
305 2354 347 2393 S.
376 2354 507 2393 Petrus
536 2356 576 2393 in
607 2354 692 2394 loeo
719 2355 868 2407 objecto
896 2359 1096 2396 mauiieste
1132 2371 1222 2396 con-

102 2407 230 2461 jungit
259 2407 445 2462 exemplis
474 2407 580 2446 nobis
608 2424 629 2446 a
650 2408 738 2447 Jesu
759 2409 907 2447 Christo
935 2409 1078 2448 relictis
1107 2412 1221 2448 etiam

99 2462 399 2502 satisiactiouem
429 2474 498 2514 pro
526 2464 658 2500 nostris
688 2464 879 2514 peccatis,
916 2464 1095 2515 inquiens
1124 2477 1220 2502 vers.

102 2515 170 2554 23.
199 2527 305 2567 seq.:
352 2513 551 2552 Triidebat
580 2524 717 2553 autem
741 2515 942 2568 judicanti
971 2528 1012 2553 se
1041 2518 1186 2568 injuste
1207 2547 1218 2564 ,

99 2571 166 2620 qui
195 2577 364 2620 peccata
407 2577 545 2606 nostra
574 2572 656 2619 ipse
697 2570 853 2619 pertut'it
883 2574 924 2607 in
952 2581 1113 2619 corpore
1149 2582 1220 2607 suo

100 2633 217 2672 super
245 2622 423 2675 lignum,
472 2626 713 2682 utdueccatis
743 2627 888 2661 mortui
909 2625 1076 2675 justitiae
1117 2627 1220 2660 rim-

99 2687 218 2723 mus,
248 2677 361 2728 cujus
391 2675 507 2714 livore
535 2680 674 2713 sanati
702 2680 795 2714 estis
813 2703 823 2714 .

153 2740 222 2780 97.
251 2727 488 2768 Postremum
517 2729 562 2767 de
581 2728 721 2767 Christi
751 2729 1021 2768 resurrectione
1049 2729 1142 2767 adeo
1162 2729 1217 2767 le-

105 2793 153 2819 ve
182 2791 260 2831 est,
290 2792 331 2821 ut
360 2797 426 2822 nec
457 2783 613 2821 refutari
643 2793 860 2822 mereatur.
890 2782 1061 2822 Christus
1083 2783 1216 2821 Domi-

99 2845 175 2871 nus
202 2837 402 2886 passione,
432 2836 465 2873 δε
496 2845 613 2874 morte
643 2849 709 2875 nos
729 2838 916 2882 redein'rt3
945 2838 1216 2874 resurrectione

104 2896 233 2924 autem
263 2887 377 2926 fidem
409 2891 680 2942 redemptionis
708 2889 786 2941 jam
805 2891 915 2928 sactae
945 2891 1216 2935 confirmavit3

102 2947 144 2975 ut
181 2940 284 2977 enim
327 2942 474 2980 dicebat
503 2943 661 2981 Sanctus
707 2943 844 2982 Paulus
879 2957 911 2981 i.
953 2943 1125 2981 Corinth.
1149 2942 1216 2981 lV.

107 2991 198 3037 14..
247 2991 288 3030 Si
317 3003 454 3032 utitem
487 2994 660 3034 Christus
689 3010 768 3035 non
798 3001 1048 3045 resurrexit,
1084 3000 1216 3034 inanis

103 3054 159 3083 est
192 3058 286 3098 ergo
312 3047 543 3097 praedicatio
572 3059 710 3089 nostra
732 3080 742 3100 ,
792 3055 926 3090 inanis
955 3060 1012 3090 est
1041 3051 1088 3091 i&
1106 3048 1217 3101 fides

151 3229 200 3266 (a)
230 3226 378 3260 Faustus
404 3227 548 3261 Socinus
569 3228 645 3262 Lib.
662 3231 704 3263 ll.
730 3232 772 3264 de
787 3232 967 3267 servatore
995 3242 1068 3277 cap.
1095 3243 1122 3265 1-
1151 3226 1217 3263 Re⁴

100 3272 231 3306 dimere
243 3276 387 3316 aliquem
403 3296 414 3315 ‚
439 3275 487 3308 ait
503 3297 512 3314 ‚
540 3276 629 3308 nihil
642 3279 739 3309 aliud
751 3283 886 3320 proprie
901 3280 1103 3324 significat,
1126 3289 1217 3324 quum

212 3318 450 3374 Gtizzaniga
484 3319 614 3360 Theoi.
646 3321 759 3361 Tom.
780 3323 830 3362 V.

2244 73 2332 114 ²¹7

1284 145 1414 171 vestra.
1433 161 1443 172 .
1493 134 1708 186 Utrumque
1738 144 1826 186 ergo
1853 133 2090 186 jungendum
2120 142 2202 185 est,
2243 146 2283 174 ut
2312 151 2404 176 con-

1285 187 1409 238 junxit
1441 187 1541 225 idem
1576 187 1772 238 Apostolus
1802 189 1846 225 ad
1871 189 1979 226 ttoni.
2005 189 2070 227 lV.
2100 189 2169 227 utt.
2199 190 2327 229 dicens
2355 191 2403 229 de

1285 239 1456 277 Christo:
1490 241 1565 288 Qui
1594 240 1764 277 traditus
1793 251 1848 279 est
1877 252 2033 291 propter
2062 242 2212 280 delicta
2242 252 2403 292 nostra,

1285 292 1334 331 (²)
1378 296 1593 329 resurrexit
1635 302 1791 343 propter
1815 298 2149 346 justificationem
2187 307 2367 334 nostram
2390 323 2404 338 .

1287 344 1334 382 Et
1364 345 1410 382 ad
1443 345 1550 381 lioni-
1576 344 1622 381 V.
1661 359 1718 382 10.
1767 347 1807 384 St
1837 361 1943 384 enim
1975 362 2067 385 cum
2110 353 2262 387 inimici
2299 363 2403 389 esse·

1287 410 1403 444 mus,
1452 399 1699 435 reconciliati
1741 413 1874 437 sumus
1906 401 1992 438 Deo
2020 414 2090 452 per
2133 412 2299 439 mortem
2317 404 2403 455 filii·

1287 451 1400 501 ejus,·
1432 450 1555 487 mulin
1582 455 1715 503 tnagis
1745 456 2016 501 reconciliati,
2059 454 2157 492 salvi
2185 459 2332 493 erimus
2361 462 2403 494 in

1288 507 1366 540 ritu,
1396 507 1545 553 ipsium
1593 504 1659 542 ubi
1692 505 1891 556 Apostolus
1921 508 2052 544 tribuit
2081 522 2235 546 causam
2266 520 2403 547 nostra:

1286 557 1415 595 salutis
1445 559 1562 605 viiie,
1612 556 1680 596 hoc
1708 566 1762 595 est
1805 562 2067 597 resurrectioni
2098 560 2238 598 Christi
2267 561 2404 600 Domi-

1288 612 1347 655 ni3
1384 610 1445 647 sed
1478 618 1677 662 postquam
1708 624 1776 662 per
1805 612 1924 663 ipsius
1954 622 2140 661 mortem,
2188 623 2321 665 pacata
2348 615 2407 654 ‹li-

1285 665 1374 701 vina
1417 665 1559 714 lustitia
1588 694 1598 711 ,
1654 665 1814 715 gratiam
1867 665 2188 703 reconciliationis
2236 668 2405 707 obtinui-

1285 730 1370 754 inus
1388 742 1397 754 .
1431 716 1540 754 Unde
1563 718 1791 767 Augustinus
1820 718 1949 756 eadem
1984 721 2098 756 verba
2129 721 2178 757 ita
2207 734 2404 760 cominen-

1283 778 1381 807 tatur
1413 769 1499 807 Lib.
1522 770 1626 806 Xlll.
1658 770 1706 807 tle
1739 769 1878 809 Τνίηἰι.
1908 786 1995 822 cap.
2022 771 2110 810 16.:
2142 802 2167 820 „
2197 773 2403 814 Justificati

1286 852 1311 870 ,9
1342 821 1454 874 plane
1485 825 1522 860 iii
1550 835 1623 870 eo,
1653 823 1753 874 quod
1775 838 1794 859 a
1826 828 1987 875 peccatis
2009 826 2191 863 omnibus
2221 826 2402 865 liberati:

1287 904 1314 923 r>
1343 875 1491 912 liberati
1535 885 1662 913 autem
1705 891 1727 913 a
1757 879 1919 927 peccatis
1948 880 2127 915 ominbus
2147 908 2158 925 ‚
2204 884 2402 928 quoniam

1285 957 1310 975 a:
1340 940 1409 977 pro
1438 927 1546 966 nobis
1574 938 1632 966 esc
1662 928 1739 967 Dei·
1760 927 1878 967 Filius·
1896 958 1907 978 ‚
1937 936 2000 981 qui
2030 932 2180 968 nullum
2210 930 2403 984 habebat,

1285 1010 1312 1028 2,
1342 985 1492 1018 occisus
1510 1009 1519 1020 .
1543 985 1568 1003 “

1339 1034 1405 1085 98.
1438 1036 1572 1073 Instant
1601 1035 1796 1075 Sociniani
1815 1062 1826 1074 .
1856 1036 1915 1074 Ex
1945 1049 2022 1089 quo
2047 1035 2220 1076 Christus
2248 1039 2398 1078 dicatur

1284 1099 1352 1125 nos
1381 1089 1609 1136 redemisse,
1653 1087 1687 1123 ἃ
1715 1090 1871 1141 quidem
1901 1090 2021 1128 soluto
2051 1092 2196 1141 pretio,
2242 1105 2317 1129 non
2348 1107 2405 1130 se-

1286 1141 1438 1192 quitur,
1469 1142 1595 1192 ipsum
1626 1143 1846 1180 satisfecisse
1875 1156 1944 1194 pro
1973 1142 2108 1182 nobis.
2157 1144 2256 1182 Nam
2287 1144 2404 1197 Moy-

1287 1207 1343 1230 ses
1375 1195 1456 1232 Act.
1478 1194 1564 1232 Vll.
1596 1195 1661 1233 35.
1691 1195 1908 1246 appellatur
1939 1195 2196 1247 Redemptor,
2226 1199 2322 1249 quin
2349 1207 2404 1237 ta-

1287 1261 1375 1284 men
1407 1246 1577 1299 aliquam
1608 1249 1903 1288 satisfactionem
1933 1249 2177 1300 praestiterit.

1341 1313 1408 1352 99.
1441 1300 1580 1353 Hesi»,
1611 1315 1792 1352 magnum
1822 1302 2028 1339 discrimen
2059 1316 2081 1339 a
2110 1302 2308 1354 Scriptura
2336 1303 2406 1342 Sa-

1287 1366 1352 1391 cra
1382 1355 1470 1406 poni
1491 1355 1589 1393 inter
1611 1356 1909 1406 redemptionem
1928 1384 1938 1402 ,
1967 1368 2032 1392 seu
2053 1354 2318 1395 liberationem
2341 1370 2405 1408 po-

1288 1406 1372 1459 puli
1404 1407 1601 1445 israelitici
1631 1423 1652 1446 a
1682 1409 1884 1460 tyrannide
1913 1406 2144 1456 Pharaonis,
2192 1408 2227 1444 &
2259 1411 2405 1447 redem-

1289 1462 1457 1511 ptionem
1488 1459 1648 1498 humani
1691 1463 1836 1513 generis
1865 1478 1888 1500 a
1915 1461 2130 1512 captivitate
2167 1461 2354 1501 daemonis
2382 1477 2407 1501 a,

1290 1512 1558 1552 Jesu'Christo
1585 1514 1725 1552 factam
1743 1541 1754 1552 .
1791 1513 1919 1552 Prima
1947 1514 2086 1552 dicitur
2116 1514 2216 1552 facta
2243 1515 2293 1553 ab
2323 1518 2405 1567 ipso

1291 1566 1374 1604 Deo
1402 1581 1470 1619 per
1500 1581 1657 1606 manum
1689 1567 1837 1621 Moysis
1865 1572 1906 1605 in
1934 1565 2094 1605 brachio
2122 1577 2287 1606 extento
2308 1598 2318 1616 ,
2355 1569 2405 1609 (9⁶

1291 1634 1417 1658 manu
1436 1619 1540 1672 forti
1556 1637 1571 1666 ,·
1617 1621 1736 1660 altera
1765 1630 1890 1659 autem
1921 1635 1988 1672 per
2017 1621 2267 1673 Sanguinem
2300 1620 2408 1659 Clari-

1289 1678 1367 1722 sti,
1397 1676 1464 1726 qui
1488 1675 1559 1712 suit
1587 1675 1855 1726 redemptionis
1875 1683 2012 1712 nostrae
2044 1675 2209 1723 pretium
2226 1702 2237 1720 ,
2267 1673 2302 1709 &
2330 1687 2408 1725 quo

1291 1728 1362 1764 fuit
1390 1728 1534 1765 divinae
1565 1726 1722 1778 justitias
1754 1740 1824 1777 pro
1851 1726 1959 1763 nobis
1987 1726 2247 1762 satisfactum.

1350 1794 1436 1817 100.
1469 1781 1556 1816 lust.
1585 1779 1778 1816 secundo.
1807 1777 1948 1818 Christi
1979 1777 2191 1830 redemptio
2220 1790 2264 1816 ex
2293 1781 2409 1818 sacris

1290 1831 1426 1869 litteris
1467 1830 1567 1868 nihil
1611 1839 1664 1868 est
1693 1830 1827 1878 aliud,
1874 1844 1992 1883 quam
2027 1832 2190 1881 gratuita
2235 1833 2408 1870 remissio

1290 1892 1533 1934 peccatorum
1551 1913 1562 1931 ,
1605 1884 1753 1922 dicente
1783 1882 1960 1935 Apostolo
1990 1884 2036 1920 ad
2066 1882 2208 1934 Ep'ies.
2231 1884 2260 1921 P.
2294 1897 2328 1934 7.
2358 1886 2406 1923 de

1290 1934 1540 1974 Christot-In
1568 1949 1642 1987 quo
1662 1935 1850 1974 habemus
1871 1934 2183 1984 redemptionem
2211 1948 2280 1985 per
2308 1950 2405 1975 scm-

1288 1993 1452 2041 gninem
1479 1990 1593 2040 ejus,
1631 1992 1908 2026 remissionem
1935 1997 2190 2037 peccatorum
2207 2018 2218 2038 ‚
2265 2003 2405 2028 secun—

1290 2042 1385 2079 dum
1414 2041 1567 2078 <mittas
1594 2046 1741 2092 gratioe
1770 2042 1883 2130 «ἕως.
1934 2039 2102 2080 Ulterius
2131 2042 2169 2079 in
2200 2045 2316 2081 sacris
2346 2043 2407 2083 lit-

1291 2096 1379 2131 teris
1409 2096 1611 2131 nonsemel
1643 2107 1713 2132 vox
1729 2107 1771 2131 re
1801 2096 2009 2144 emptionis
2038 2096 2201 2132 sumitur
2230 2109 2297 2147 pro
2313 2099 2405 2135 siin-

1290 2145 1383 2197 plici
1415 2145 1449 2181 8<
1477 2147 1641 2197 gratuita
1670 2146 1895 2185 liberatione
1913 2173 1924 2185 .
1972 2148 2026 2185 Ita
2055 2148 2232 2186 liberatio
2274 2150 2408 2202 populi

1291 2198 1490 2236 Israelitici
1521 2208 1677 2238 vocatur
1707 2199 1924 2250 redemptio
1952 2200 2072 2239 Exodi
2104 2200 2193 2239 XV.
2231 2201 2290 2240 15.
2313 2232 2324 2249 ,
2371 2203 2406 2239 ἃ

1290 2251 1449 2290 Deuter-
1471 2251 1558 2290 Vll.
1589 2252 1652 2291 8.:
1698 2266 1774 2291 non
1803 2267 1890 2305 ergo
1919 2263 2040 2292 nostra
2070 2254 2279 2307 redemptio
2308 2256 2407 2295 facta

1292 2314 1344 2342 est
1375 2319 1442 2356 per
1470 2306 1763 2345 satisfactionem
1792 2306 1936 2345 divinae
1966 2305 2120 2357 justitiae
2138 2333 2149 2345 .

1351 2372 1438 2396 101.
1469 2357 1580 2410 Resp-
1611 2359 1799 2406 Quamvis
1818 2361 2028 2412 redemptio
2057 2371 2178 2399 nostra
2208 2360 2307 2400 facta
2336 2363 2405 2410 sit,

1288 2410 1410 2449 soluto
1439 2425 1577 2463 magno
1606 2414 1753 2463 pretio,
1784 2413 1927 2450 scilicet
1956 2414 2149 2465 Sanguine
2178 2414 2265 2452 Jesu
2294 2415 2408 2452 Chri-

1288 2466 1331 2502 sti
1350 2494 1362 2512 ,
1391 2464 1499 2502 nobis
1528 2474 1652 2503 tamen
1683 2467 1764 2516 ipsa
1794 2467 2003 2517 redemptio
2031 2467 2248 2518 applicatur
2276 2469 2316 2506 iii
2348 2481 2406 2505 re·

1289 2519 1503 2555 missionem
1535 2527 1777 2569 peccatorum
1809 2533 1852 2555 ex
1881 2520 2052 2568 ejusdem
2083 2519 2221 2557 Christi
2253 2522 2372 2570 gratia
2393 2549 2406 2569 ,

1289 2571 1386 2608 unde
1428 2569 1521 2608 dicit
1566 2570 1666 2608 idem
1711 2570 1937 2622 Apostolus,
1985 2585 2051 2609 iios
2093 2586 2169 2610 esse
2208 2573 2408 2626 justifica-

1286 2632 1345 2660 tos
1387 2627 1513 2675 gratis
1556 2635 1626 2673 per
1666 2627 1846 2675 gratiam
1890 2627 2008 2674 ipsius
2038 2624 2108 2664 ἃς.
2158 2624 2247 2663 vid.
2290 2639 2405 2679 supra

1283 2689 1393 2714 uum.
1415 2676 1480 2728 (59.

1346 2743 1431 2767 102.
1462 2729 1650 2775 Quamvis
1679 2731 1792 2768 etiam
1836 2743 1974 2768 nomen
2012 2729 2291 2782 redemptionis
2333 2733 2404 2774 ali·

1286 2782 1439 2835 quando
1470 2792 1692 2834 usurpatum
1712 2784 1826 2820 fuerit
1857 2783 1989 2822 latiore
2005 2799 2140 2834 sensu,
2170 2799 2246 2823 non
2277 2795 2405 2827 tamen

1284 2837 1479 2889 sequitur,
1510 2837 1721 2888 improprie
1750 2850 1904 2888 quoque
1934 2839 2033 2874 sumi
2052 2868 2063 2886 ‚
2093 2839 2247 2891 quando
2275 2843 2403 2891 agitur

1284 2889 1329 2928 de
1357 2899 1480 2927 nostra
1510 2889 1795 2939 redemptione,
1825 2904 1913 2941 quae
1948 2891 2043 2928 facta
2074 2902 2126 2928 est
2157 2892 2278 2943 pretio
2308 2895 2402 2931 inoe-

1284 2941 1468 2981 stimabili
1498 2941 1703 2993 Sanguinis
1732 2941 1819 2979 Jesu
1839 2943 1982 2981 Christi
2001 2969 2011 2980 .
2041 2943 2086 2981 Et
2120 2955 2302 2996 praeterea
2333 2961 2400 2985 iiec

1284 2997 1357 3047 ipsi
1386 2995 1582 3033 Sociniani
1615 2996 1855 3043 inficiantur,
1905 2996 2203 3047 redemptionem
2248 2999 2287 3036 in
2318 3013 2402 3050 pro-

1285 3051 1368 3100 prio
1396 3061 1504 3086 sensu
1532 3048 1751 3099 siguificare
1774 3062 1903 3088 veram
1933 3049 2046 3101 pretii
2066 3050 2291 3090 solutionem
2310 3053 2398 3102 (a).

2270 3104 2344 3141 Ec—

1284 3228 1450 3270 caprimim
1474 3239 1492 3260 e
1517 3225 1666 3261 manitus
1693 3222 1821 3266 iltius,
1863 3237 1955 3271 quem
1978 3226 2139 3266 detinet,
2179 3226 2259 3258 <tato
2281 3223 2395 3265 ΡΓθῑῘθ

1285 3277 1431 3309 liberare
1450 3289 1471 3305 .-

1808 3317 1860 3358 28
