2583 3685
279 140 363 169 210

216 205 371 256 eloquio
398 194 595 240 manifeste
633 197 840 237 revelatum
870 209 948 249 est,
991 214 1115 253 neque
1144 201 1323 243 hactenus

216 257 386 295 definivit
415 253 585 291 Ecclesia
602 277 612 290 .

270 309 359 345 502.
390 306 464 343 Ob.
494 307 601 343 tertio
631 304 781 357 longam
825 314 1038 344 sanctorum
1069 304 1219 347 l’atrum
1258 322 1319 348 ca·

212 370 356 397 tei-vam
374 388 384 406 ,
413 360 479 410 qui
511 367 590 411 post
619 358 659 397 S.
682 360 933 411 Augustinum
963 360 1103 410 claris,
1133 365 1320 402 rotundis-

213 426 288 464 que
317 412 442 450 verbis
472 411 648 463 parvulos
672 414 716 451 'in
747 414 885 451 inferos
905 412 1022 461 simul
1044 427 1133 452 cum
1162 416 1318 455 damna·

210 468 254 504 tis
285 464 565 516 inextinguibili
596 466 680 518 igne
722 467 890 518 torqueri
932 476 1128 505 asserunt.
1175 468 1317 509 Paucos

208 532 279 571 pro
307 519 513 556 necessaria
527 517 710 558 brevitate
724 519 979 571 allegabimus
996 546 1005 557 .
1036 519 1165 558 Primo
1180 523 1219 560 S.
1239 525 1317 561 Au-

207 573 377 624 gustinus
405 583 481 609 non
510 571 632 610 solum
663 574 701 611 id
730 587 831 626 saepe
852 574 1014 625 repetit,
1040 575 1107 611 sed
1136 577 1247 613 etiarn
1269 588 1314 614 ex

208 627 322 663 sacris
350 624 485 662 litteris
515 625 674 677 probat3
721 640 811 665 nam
842 628 880 664 in
909 626 1034 664 Serm.
1070 627 1157 679 194.
1187 628 1315 666 obser-

207 687 295 726 vat‚
339 691 475 730 pueros
505 679 650 717 futuros
680 680 718 717 in
749 690 915 717 extremo
943 679 1079 730 judicii
1109 681 1170 718 die
1198 683 1237 719 in
1266 683 1315 720 si-

204 734 323 769 nistra
351 741 477 784 parte,
520 731 613 770 adeo
645 747 689 770 ue
719 733 912 771 audituros
938 734 1174 780 1sententiam
1204 734 1315 773 illam

203 783 366 835 judicis,
398 785 583 823 discedite
613 746 705 831 8(σ.;
734 800 872 839 eosque
887 786 1046 837 proinde
1063 787 1208 826 futuros
1227 801 1316 838 pro-

206 838 267 875 cul
295 836 406 876 dubio
435 841 477 875 ιή
507 842 599 890 igne
619 849 799 884 aeterno‚·
829 839 864 875 &
892 846 988 877 totus
1009 849 1088 888 est,
1118 849 1156 878 ut
1185 852 1316 880 contra

205 889 452 942 Pelagianos,
498 891 649 930 nullum
681 907 756 930 esse
800 892 935 945 probet
971 894 1143 931 medium
1186 893 1315 933 locum

205 946 301 982 inter
330 946 520 983 dexteram
539 976 549 994 ,
579 944 614 982 8(
643 948 829 984 sinistram
846 976 857 994 ,
885 944 954 983 nbi
984 955 1168 997 ponantur
1190 948 1316 986 infan-

203 1007 276 1046 tes,
315 999 413 1036 unde
442 1000 557 1037 etiarn
588 999 802 1037 concludit:
852 998 931 1050 Qui
959 1010 1041 1036 non
1070 1004 1110 1037 in
1140 999 1314 1050 dextra,

201 1052 335 1102 procul
376 1051 489 1090 dubio
519 1056 559 1090 in
599 1057 793 1091 sinistra:
840 1064 934 1105 ‘ergo
961 1057 1026 1104 qui
1061 1065 1143 1090 non
1183 1058 1225 1092 in
1253 1068 1313 1092 re-

201 1119 325 1157 gnum
349 1135 359 1153 ,
389 1107 523 1156 procul
553 1105 665 1144 dubio
694 1110 735 1143 in
764 1111 900 1159 ignem
929 1114 1153 1145 oeternum.
1184 1107 1313 1155 Quam

201 1161 422 1197 sententiam
453 1159 493 1198 S.
524 1160 665 1198 Doctor
703 1161 998 1198 constantissime
1035 1161 1151 1198 tenuit
1193 1174 1313 1212 nsque

200 1212 248 1249 ad
276 1221 488 1250 extremum
519 1214 606 1250 vitae
637 1228 742 1258 suae3
772 1228 861 1252 nam
884 1215 997 1251 etiam
1028 1214 1067 1251 in
1091 1213 1219 1263 Opere
1238 1218 1314 1251 im·-

199 1263 303 1317 perf.
333 1276 462 1304 contra
490 1264 571 1305 Jul.
600 1266 691 1305 Lib.
722 1267 791 1306 III.
819 1281 854 1304 c.
887 1280 1005 1305 200..
1036 1266 1070 1303 &
1097 1267 1194 1305 alibi
1223 1267 1260 1305 id
1282 1269 1312 1305 i-

198 1333 311 1370 psum
342 1329 547 1357 constanter
577 1321 737 1371 repetit.
920 1369 923 1371 A
1222 1370 1228 1372 ἡ

254 1370 344 1409 505.
375 1373 414 1410 S.
446 1372 669 1423 Fulgentius
700 1370 907 1426 Ruspensis
923 1369 1135 1425 Episcopus
1164 1371 1204 1411 in
1222 1372 1310 1412 Lib.

198 1423 246 1462 de
261 1424 353 1476 fiale
382 1424 437 1462 ad
465 1424 626 1462 Petrum
657 1425 756 1464 lianc
797 1428 1010 1464 doctrinam
1055 1435 1095 1463 ut
1137 1427 1312 1465 firmissi-

195 1489 304 1514 mum
327 1477 512 1516 Ecclesiae
541 1479 680 1530 dogma
708 1481 914 1531 proponit,
944 1480 1122 1531 inquiens
1141 1494 1227 1533 cap.
1246 1493 1310 1532 27.

196 1559 223 1579 „
254 1530 493 1570 Firmissime
522 1542 604 1570 tene
621 1562 632 1580 ,
662 1531 696 1567 8(
716 1532 930 1571 nullatenus
950 1533 1100 1571 dubites
1116 1564 1127 1582 ,
1156 1547 1231 1571 non
1253 1547 1309 1571 so-

196 1612 221 1632 „
253 1583 335 1621 lum
363 1583 537 1624 homines
567 1587 707 1623 ratione
738 1596 903 1634 utentes,
933 1599 1066 1624 verum
1087 1586 1202 1622 etiam
1223 1599 1310 1636 par-

196 1666 224 1685 „
254 1636 361 1675 vulos
453 1641 519 1691 qui
551 1640 628 1676 sine
648 1639 897 1676 Sam-amento
926 1639 1042 1676 sancti
1072 1636 1311 1688 baptismatis

197 1718 223 1737 „
253 1690 301 1727 de
331 1690 401 1728 lioc
429 1691 570 1728 saeculo
594 1700 817 1738 transeunt,
848 1692 942 1739 ignis
962 1690 1092 1726 aeterni
1114 1692 1310 1742 sempiter-

196 1771 225 1790 „
252 1754 303 1779 no
331 1741 524 1794 supplicio
550 1744 759 1795 puniendos
775 1746 801 1765 ‘⁶
819 1769 830 1781 .
856 1744 972 1790 Quod
1002 1742 1138 1780 iterum
1164 1743 1310 1781 confir-

194 1805 275 1834 mat
303 1796 343 1833 in
372 1795 461 1834 Lib.
491 1797 521 1834 Ι.
551 1797 600 1834 de
629 1800 792 1834 veritate
819 1796 1181 1847 praedestinationis
1222 1811 1308 1850 cap.

198 1861 289 1895 12.;
319 1849 429 1900 eique
457 1850 700 1888 subscribunt
727 1862 858 1888 ornnes
887 1849 946 1888 illi
976 1852 1093 1888 sancti
1124 1850 1306 1902 Episcopi

193 1900 399 1949 Africani,
442 1902 509 1955 qui
539 1915 614 1954 pro
637 1903 713 1941 fide
741 1901 927 1941 catholica
964 1902 1079 1941 exilio
1110 1905 1146 1941 in
1175 1903 1306 1943 Sardi-

193 1955 298 1992 niam
326 1954 510 2006 deportati
541 1957 672 2004 fuere,
720 1957 761 1994 in
790 1956 880 1995 Lib.
909 1956 959 1994 de
988 1956 1304 2006 Ιηεανηιιιίοηε,

191 2009 242 2047 (9‘
268 2012 432 2058 gratia.
463 2009 567 2056 Quid
598 2007 738 2060 plura?
784 2010 827 2046 In
858 2011 940 2061 ipso
968 2011 1097 2048 codice
1126 2010 1305 2050 Decreto-

192 2073 277 2098 rum
308 2061 407 2099 Dist.
438 2061 477 2107 4.
508 2075 594 2113 cap.
626 2062 663 2100 5.
693 2061 741 2100 de
774 2058 958 2100 consecr.
988 2062 1070 2100 haec
1101 2064 1232 2102 eadem
1261 2064 1302 2103 S.

191 2114 386 2166 Fulgentii
424 2114 541 2155 verba
582 2115 653 2153 sub
694 2118 847 2155 nomine
875 2116 917 2155 S.
947 2116 1149 2168 Augustini
1186 2117 1303 2156 relata

189 2177 275 2206 sunt
298 2195 308 2207 .
799 2217 801 2219 Ι

243 2219 336 2266 504.
366 2220 524 2275 insuper
556 2222 677 2263 sancti
714 2219 838 2262 Patres
880 2219 1076 2277 appellant
1119 2224 1301 2277 parvulos

188 2285 265 2312 non
294 2274 498 2326 baptizatos
527 2290 626 2315 vasa
656 2282 753 2326 irae,
784 2291 885 2316 vasa
913 2280 1169 2316 contumeliae
1198 2288 1301 2330 apta

188 2330 231 2364 z'n
261 2331 484 2368 interitum.
514 2330 569 2368 Ita
597 2331 780 2384 Episcopi
811 2330 983 2370 Africani
1014 2334 1052 2371 in
1082 2333 1205 2383 Epist.
1227 2333 1300 2386 Sy-

188 2381 276 2419 nod.
303 2395 390 2433 cap.
425 2383 485 2421 13.
516 2384 568 2422 Ita
598 2386 701 2422 enim
732 2385 772 2422 S.
804 2384 962 2436 August.
993 2387 1032 2424 in
1062 2385 1138 2423 fine
1158 2386 1246 2424 Lib.
1268 2388 1297 2424 Ι.

190 2433 312 2483 Oper.
342 2434 531 2488 imperf,
560 2437 629 2475 ubi
657 2435 858 2486 observat,
888 2438 1112 2490 Apostolum
1135 2436 1300 2477 Paulum

184 2500 262 2525 nou
305 2488 518 2527 distinxisse
547 2490 678 2542 aliqua
721 2504 809 2528 vasa
838 2492 964 2529 media
1007 2494 1104 2530 inter
1134 2506 1222 2530 vasa
1257 2497 1300 2530 z'n.

185 2535 403 2589 honorem,
433 2540 468 2578 8(
498 2557 586 2581 vasa
615 2547 657 2579 z'n
685 2544 997 2582 contumeliam.
1043 2545 1103 2583 Ab
1132 2543 1298 2584 aliorum

185 2595 407 2632 testimoniis
436 2597 673 2634 recensendis
702 2598 951 2648 supersedeo3
981 2596 1015 2634 8(
1045 2600 1112 2650 qui
1144 2598 1211 2637 illa
1240 2600 1296 2637 vi-

187 2647 273 2685 dere
302 2650 406 2700 cupit
424 2680 434 2697 ,
466 2649 579 2688 facile
607 2649 708 2702 apud
730 2649 975 2690 Adversarios
998 2653 1183 2701 inveniet,
1214 2665 1296 2691 ma·-

187 2702 289 2738 xime
318 2703 418 2754 apud
449 2703 565 2741 Dion.
596 2702 792 2743 Petavium
823 2703 912 2742 Lib.
934 2702 1003 2743 IX.
1034 2705 1082 2743 de
1097 2705 1231 2743 Praecl.
1261 2720 1297 2744 c.

193 2766 250 2789 10.
269 2783 279 2800 ,
309 2756 410 2806 apud
439 2755 481 2793 P.
502 2757 562 2794 Jo.
594 2756 709 2795 Laur.
739 2757 838 2794 Berti
869 2758 957 2795 Lib.
978 2758 1084 2795 XIII.
1115 2758 1162 2796 cle
1182 2759 1296 2796 theol.

190 2805 333 2856 discipl.
362 2821 448 2860 cap.
478 2810 516 2848 8.
535 2840 546 2857 ,
577 2810 609 2846 8(
639 2810 742 2861 apud
770 2810 884 2847 nard.
914 2810 1108 2848 Not-isium
1139 2815 1180 2847 in
1202 2809 1296 2847 Vin-

189 2857 297 2894 dicits
325 2862 488 2913 August.
519 2874 605 2916 cap.
637 2864 673 2902 5.
704 2862 743 2915 §-
775 2864 814 2901 5.
856 2863 956 2902 Satis
985 2864 1101 2901 fuerit
1130 2863 1297 2902 breviter

188 2908 391 2961 colligere,
419 2929 556 2966 pueros
577 2916 663 2956 illos
685 2919 930 2955 miserrimos
947 2946 957 2964 ,
987 2916 1086 2963 dici,
1117 2919 1296 2954 intermi-

189 2961 309 2999 nabin*
338 2968 515 3006 incendio
545 2969 773 3022 deputatos,
811 2973 970 3008 oeternis
999 2967 1152 3022 ignibus
1181 2970 1298 3009 arden

189 3028 259 3062 re,
297 3023 531 3065 sempiterno
561 3028 665 3076 ignis
693 3024 880 3076 supplicio
911 3035 993 3061 uno,
1026 3036 1117 3060 cum
1148 3023 1296 3062 Diabo-

191 3069 226 3105 to
256 3069 562 3123 condemnatos,
592 3087 748 3115 oeterna
776 3082 862 3128 pati
890 3085 1093 3115 tormenta,
1122 3077 1192 3115 &c.
1222 3078 1297 3116 Lo-

188 3124 354 3160 cutiones
383 3136 471 3160 vero
497 3135 572 3165 tam
603 3132 786 3181 energicae
804 3162 815 3180 ,
845 3132 878 3168 8(
908 3139 984 3169 tarn
1006 3145 1106 3184 saepe
1127 3134 1295 3183 repetitae

189 3184 289 3213 certe
317 3175 465 3227 aliquid
496 3179 581 3228 plus
610 3184 823 3234 significare
843 3185 1041 3234 videntur,
1070 3199 1187 3236 quam
1216 3199 1296 3223 me—

189 3239 270 3267 tam
301 3230 453 3267 visionis
484 3230 556 3268 Dei
585 3234 772 3274 beatificae
803 3239 1080 3289 privationem.

240 3282 334 3320 505.
368 3282 478 3335 Resp.
509 3284 549 3321 S.
572 3285 759 3326 Thomas:
790 3320 815 3338 ‚,
845 3292 945 3342 qnod
976 3293 1179 3339 tormenti,
1209 3305 1298 3344 sup-

182 3363 211 3383 „
242 3336 379 3387 plicii,
409 3337 618 3388 gehennae,
648 3339 680 3374 8(
710 3345 924 3392 cruciatus,
968 3345 1027 3384 vel
1058 3345 1087 3382 si
1119 3345 1220 3396 quod
1248 3346 1296 3384 si·

798 120 1199 166 DISSERTATIO
1231 122 1308 167 111.
1353 116 1521 167 SECT.
1553 123 1629 166 ΙΙΙ.
1679 123 1807 171 CAP.
1841 125 1960 171 VIII.

1391 233 1417 253 ,,
1447 202 1539 240 mile
1570 204 1607 240 in
1636 204 1745 242 dictis
1773 204 2266 256 Sanctoruminveniatur‚
2310 213 2371 246 est'
2389 208 2493 260 large

1446 255 1713 308 accipiendum
1744 270 1813 308 pro
1841 272 1953 310 poena
1971 291 1980 309 ,
2010 272 2051 299 ut
2081 273 2242 313 ponatur
2264 263 2405 314 species
2426 274 2495 314 pro

1444 323 1604 362 genere.
1653 309 1741 346 Ideo
1769 320 1893 349 autem
1923 313 2048 351 Sancti
2077 315 2145 353 tali
2174 316 2284 353 niodo
2314 314 2496 366 loquendi

1446 365 1502 401 usi
1532 371 1642 409 sunt,
1673 371 1711 400 ut
1740 363 1998 403 detestabilem
2029 369 2224 407 redderent
2245 382 2407 405 errorem
2425 367 2493 405 Pe-

1444 415 1705 468 lagianorum,
1736 418 1802 467 qui
1832 419 2044 456 asserebant
2077 423 2113 458 in
2145 422 2313 472 parvulis
2343 421 2493 458 nullum

1442 479 1639 522 peccatum
1671 483 1773 517 esse,
1823 483 1890 508 nec
1919 472 1970 508 eis
2000 472 2168 524 aliquam
2199 488 2350 524 poenzun
2381 476 2496 512 debe«

1442 525 1503 561 ri.
1536 521 1598 560 Ira
1630 522 1783 572 Quaest.
1816 521 1864 562 V.
1893 523 1939 561 de
1968 526 2068 563 malo
2096 536 2174 563 art.
2207 539 2243 563 2.
2273 528 2326 564 αιῑ
2353 540 2416 574 ·1.;
2444 529 2493 567 (θ’

1443 580 1484 613 in
1513 576 1566 614 Π.
1597 575 1700 614 Sent.
1730 576 1835 614 Dist.
1868 577 1932 615 53.
1962 591 2025 628 qn.
2057 591 2094 616 2.
2123 588 2202 616 art.
2229 591 2261 616 1.
2291 580 2345 616 ad
2381 595 2412 618 1.
2442 585 2494 618 si-

1441 631 1586 667 militer
1614 630 1854 681 respondet,
1901 631 2136 683 supplicium
2179 645 2253 670 non
2298 636 2495 672 nominare

1441 697 1595 735 poenam
1625 684 1843 721 sensibilem
1862 714 1872 731 ,
1910 684 1971 721 sed
2002 683 2123 722 solum
2155 697 2312 735 poenam
2341 685 2494 736 damni,

1441 750 1529 788 qnae
1560 746 1611 774 est
1640 739 1806 775 carentia
1834 739 1974 775 divinae
2013 738 2194 783 visionis;
2240 739 2350 775 sicuti
2378 741 2495 778 etiarn

1385 819 1411 838 ,‚
1440 791 1593 828 nomine
1622 791 1720 841 ignis
1750 791 1966 845 frequenter
2007 792 2048 829 iu
2076 790 2282 843 Scripturis
2311 791 2496 842 quaelibet

1385 872 1410 890 „
1443 857 1556 893 pcena
1585 843 1743 894 figurari
1773 845 1992 882 consuevit.

1438 895 1530 933 506.
1563 896 1609 933 Et
1637 899 1730 947 quia
1758 898 1856 935 inter
1885 897 2051 949 objectos
2080 904 2223 936 sanctos
2243 896 2368 935 Patres
2397 907 2498 950 prae-

1385 949 1498 999 cipue
1529 950 1668 987 eminet
1697 950 1738 987 S.
1769 951 2025 1002 Augustintrs,
2054 952 2152 989 unde
2181 951 2247 990 alii
2271 965 2342 988 non
2372 951 2497 989 solum

1383 1001 1589 1038 doctrinam
1609 1031 1619 1049 ,
1648 1002 1726 1051 {sed
1756 1005 1869 1041 etiam
1900 1004 2016 1043 verba
2045 1004 2126 1054 ipsa
2156 1004 2386 1051 hauserunt,
2427 1003 2497 1041 ob-

1382 1053 1611 1091 servandum
1642 1064 1719 1101 est,
1761 1056 1864 1095 hunc
1894 1058 2081 1109 insignem
2111 1057 2325 1109 Pelagianae
2370 1056 2496 1094 liaere-

1382 1119 1460 1144 seos
1489 1105 1761 1146 debellatorem
1799 1119 1943 1148 certum
1986 1111 2141 1162 quidem
2180 1113 2334 1149 omnino
2377 1111 2492 1148 fuisse

1381 1160 1428 1196 de
1458 1158 1613 1197 illorum
1632 1161 1850 1199 infelicium
1870 1163 2119 1213 parvulorum
2134 1165 2396 1211 damnatione,
2425 1175 2492 1202 seu

1383 1212 1596 1250 exclusione
1626 1224 1790 1266 a‘regno
1818 1214 2032 1262 coelorum,
2080 1217 2114 1251 8(
2141 1230 2163 1254 a
2204 1219 2284 1256 vita
2325 1226 2494 1262 aeterna5

1380 1266 1634 1317 quamobrem
1665 1267 1702 1305 id
1734 1267 1967 1320 proponebat
1997 1273 2194 1318 tamquam
2224 1270 2380 1319 firmum
2400 1299 2410 1318 ,
2459 1269 2495 1305 8(

1380 1321 1644 1358 inconcussum
1675 1320 1765 1359 fidei
1795 1330 1930 1359 nostrae
1959 1320 2121 1372 dogma.
2151 1321 2225 1358 Sed
2243 1325 2392 1361 nonita
2411 1336 2492 1360 cer-

1381 1382 1438 1411 tus
1468 1374 1617 1413 videtur
1647 1374 1762 1413 fuisse
1791 1373 2047 1426 de‘qualitate
2076 1373 2192 1425 hujus
2219 1375 2495 1419 damnationis;

1381 1426 1483 1479 quod
1514 1440 1558 1464 ex
1589 1428 1705 1466 variis
1734 1427 1816 1478 ejus
1845 1426 1938 1466 locis
1966 1427 2095 1478 colligi
2125 1435 2268 1480 potest.
2299 1427 2428 1465 Primo
2457 1441 2495 1463 e-

1380 1482 1460 1517 nim
1491 1494 1689 1532 nunquam
1735 1494 1906 1532 expresse
1949 1482 2169 1529 revocavit,
2216 1492 2304 1532 qnae
2349 1479 2495 1519 dixerat

1379 1533 1468 1570 Lib.
1498 1533 1566 1570 III.
1595 1531 1643 1569 de
1663 1531 1725 1570 ab.
1753 1530 1840 1570 arb.
1869 1547 1903 1571 c.
1927 1533 2018 1582 23.,
2050 1532 2117 1571 ubi
2146 1533 2369 1585 quaestioni,
2399 1547 2495 1585 qua-

1378 1584 1426 1622 lis
1456 1586 1494 1621 in
1525 1584 1669 1635 judicio
1699 1586 1944 1637 deputabitur
1985 1586 2089 1624 locus
2132 1587 2298 1635 infanti,
2335 1588 2402 1638 qui
2432 1586 2493 1624 ni·

1376 1636 1433 1676 hit
1463 1637 1554 1675 boni
1573 1667 1583 1686 ,
1614 1647 1677 1675 aut
1705 1639 1798 1677 mali
1819 1638 1938 1678 fecit?
1968 1641 2018 1677 ita
2040 1640 2260 1691 respondet:
2291 1669 2316 1687 ,‚
2345 1639 2429 1677 Non
2453 1651 2492 1677 e·

1435 1689 1514 1728 nim
1543 1692 1789 1731 metuendum
1821 1701 1900 1740 est,
1929 1706 1977 1729 ne
2007 1694 2084 1730 vita
2111 1706 2187 1729 esse
2217 1693 2382 1743 potuerit
2409 1701 2491 1733 ine-

1433 1742 1496 1781 dia
1523 1745 1702 1797 quaedam
1733 1747 1830 1783 inter
1860 1754 1960 1783 recte
1990 1745 2162 1794 factum,
2205 1753 2317 1797 atque
2354 1759 2490 1796 pecca-

1433 1806 1540 1845 tum,
1575 1798 1609 1835 8(
1639 1801 1817 1836 sententia
1842 1798 1984 1850 judicis
2015 1798 2139 1836 media
2169 1813 2246 1837 esse
2275 1811 2346 1836 non
2375 1799 2491 1849 possit

1433 1851 1530 1889 inter
1567 1854 1801 1903 praemium,
1849 1852 1882 1888 8(
1913 1851 2177 1904 supplicium.
2225 1851 2405 1890 Secundo
2445 1855 2489 1888 in

1432 1918 1494 1956 ep.
1521 1905 1577 1942 ad
1606 1905 1646 1943 S.
1678 1905 1844 1944 Hieron.
1881 1906 1967 1944 166.
1997 1918 2033 1943 e.
2062 1904 2100 1943 6.
2131 1905 2216 1943 hoec
2246 1904 2383 1943 habet:
2412 1904 2487 1944 Sed

1431 1972 1520 1996 cum
1549 1959 1595 1996 ad
1625 1974 1756 2011 poenas
1772 1969 1927 1998 ventum
1950 1967 1999 1997 est
2017 1959 2287 2010 parvulorum,
2317 1960 2487 2010 magnis,

1430 2011 1527 2050 mihi
1556 2013 1693 2060 crede,
1737 2023 1905 2051 coarctor
1934 2014 2138 2064 angustiis,
2186 2026 2256 2051 nec
2299 2014 2399 2064 qnod
2429 2026 2488 2050 re-

1373 2095 1399 2114 „
1430 2065 1632 2117 spondeam
1650 2095 1660 2114 ,
1691 2079 1841 2118 prorsus
1871 2068 2043 2104 invenio:
2075 2080 2149 2105 non
2179 2066 2302 2105 solnm
2321 2080 2382 2103 eas
2402 2076 2487 2118 poe-

1371 2147 1398 2169 „
1426 2131 1497 2156 nas
1525 2119 1639 2168 dico,
1678 2133 1770 2171 quas
1800 2117 1912 2157 habet
1941 2128 2020 2172 post
2049 2118 2145 2157 lianc
2175 2122 2292 2158 vitam
2323 2119 2392 2157 illa
2420 2119 2486 2156 da-

1369 2199 1396 2222 „
1426 2173 1596 2220 mnatiO,
1625 2186 1702 2225 quo
1731 2182 1881 2212 necesse
1908 2183 1986 2220 est,
2017 2168 2239 2220 trahantur,
2268 2176 2298 2210 si
2329 2173 2374 2209 de
2403 2186 2487 2210 cor«

1370 2255 1396 2275 „
1424 2236 1516 2277 pore
1546 2227 1706 2264 exierint
1735 2227 1814 2264 sine
1842 2226 2059 2265 cliristianae
2089 2227 2219 2278 gratiae
2249 2233 2486 2262 sacramento

1369 2309 1396 2328 „
1425 2279 1511 2319 &a
1543 2282 1597 2325 “3
1638 2278 1704 2317 ubi
1734 2280 1779 2317 de
1807 2280 2046 2318 damnatione
2076 2290 2281 2332 puerorum
2314 2277 2484 2316 nihilum

1368 2332 1527 2384 quidem
1557 2331 1724 2378 haesitat3
1771 2335 1834 2371 sed
1862 2335 1982 2384 magis
2012 2348 2048 2372 se
2078 2334 2282 2372 coarctari·
2304 2333 2484 2383 angustiis

1367 2386 1533 2434 fatetur,
1563 2387 1630 2424 ubi
1661 2387 1867 2439 inquiritur
1897 2387 1944 2424 de
1972 2391 2126 2438 poenis,
2164 2399 2264 2438 quas
2294 2384 2409 2424 habet
2437 2385 2483 2422 il-

1370 2439 1410 2477 la
1441 2439 1681 2477 damnatio·
1729 2439 1862 2477 'Tertio
1890 2441 1982 2492 quia
2010 2454 2113 2493 saepe
2149 2438 2358 2492 appellavit
2401 2453 2484 2488 poe-

1370 2506 1460 2530 nam
1491 2493 1739 2545 parvulorum
1771 2497 2060 2532 mitissimam:
2108 2508 2198 2532 nam
2230 2496 2268 2531 in
2298 2491 2483 2530 Euchira·-

1369 2545 1432 2583 (ἔίο
1462 2560 1547 2598 cap.
1577 2547 1643 2599 93.
1686 2548 1835 2599 inquit:
1882 2577 1908 2596 „
1939 2548 2139 2585 mitissima
2181 2561 2267 2585 sane
2307 2548 2484 2584 omnium

1367 2629 1392 2648 „
1424 2614 1538 2652 poena
1568 2603 1638 2638 erit
1668 2613 1829 2648 eorum,
1858 2601 1925 2652 qui
1957 2610 2093 2651 praeter
2124 2610 2318 2652 peccatum
2337 2630 2347 2646 ,
2378 2599 2482 2650 quod

1365 2681 1391 2701 „
1417 2653 1603 2704 ‘originale
1632 2661 1852 2699 traxerunt,
1883 2652 2035 2689 nullum
2058 2655 2214 2703 insuper
2233 2652 2480 2690 addiderunt.

1367 2734 1394 2753 „
1424 2704 1479 2742 Es
1508 2704 1594 2742 Lib.
1624 2704 1677 2743 ΙΙ.
1725 2705 1772 2742 de
1801 2714 1945 2756 peccat.
1990 2706 2158 2752 meritis,
2200 2703 2234 2740 8(
2266 2703 2410 2742 remiss.
2441 2716 2478 2742 c.

1430 2756 1489 2794 16.
1519 2756 1663 2805 Potest,
1693 2761 1750 2794 ait
1766 2783 1777 2805 ,
1809 2758 1966 2809 proinde
1981 2756 2058 2796 dici
2076 2787 2086 2805 ,
2118 2754 2295 2809 parvulos
2315 2758 2392 2794 sine
2412 2756 2480 2794 ba-

1423 2811 1560 2861 ptismo
1588 2810 1634 2847 de
1664 2824 1820 2861 corpore
1849 2821 2022 2848 exeuntes
2054 2813 2091 2848 in
2129 2812 2372 2848 damnatione
2399 2823 2482 2848 om-

1366 2892 1393 2916 „
1423 2864 1534 2900 nium
1563 2863 1766 2900 mitissima
1796 2864 1940 2901 futuros
1971 2867 2024 2902 “.
2055 2864 2165 2909 Quod
2195 2866 2328 2916 repetit
2357 2864 2478 2914 magis

1367 2925 1620 2953 asseveranter
1650 2918 1689 2954 in
1719 2916 1809 2954 Lib.
1840 2916 1889 2955 V.
1920 2925 2024 2954 cont.
2053 2915 2129 2954 Jul.
2160 2931 2194 2955 c.
2231 2932 2290 2956 Η.
2339 2917 2477 2955 addens
2526 2915 2530 2918 ’

1366 2968 1450 3006 l‘naec
1480 2968 1597 3007 verba
1628 2969 1746 3021 probe
1774 2969 1956 3008 notandax
2009 2970 2135 3020 Qnae,
2165 2971 2214 3011 <²9¹
2243 2971 2397 3021 qualis,
2426 2971 2477 3011 ἅθ’

1365 3031 1519 3074 quanta
1549 3026 1620 3058 eric
1639 3052 1648 3070 ,
1678 3026 1857 3073 quamvis
1888 3022 2053 3076 definire
2082 3038 2160 3061 non
2189 3022 2334 3074 possim
2353 3040 2368 3070 ,-
2396 3037 2477 3061 non

1365 3085 1504 3113 tamen
1533 3074 1659 3112 audeo
1689 3076 1844 3124 (licere,
1892 3076 1993 3128 quo]
2022 3082 2078 3115 eis
2108 3087 2147 3114 ut
2178 3079 2275 3117 melli
2316 3085 2475 3126 essent,

1363 3138 1488 3181 >quam
1517 3137 1556 3166 ut
1586 3127 1634 3165 ibi
1665 3132 1678 3179 (
1711 3143 1846 3187 nempe
1877 3132 1915 3168 in
1946 3147 1989 3169 ea
2017 3132 2291 3182 damnatione)
2323 3138 2472 3178 essent,

1365 3186 1490 3234 potius
1518 3181 1746 3233 expediret.
1794 3188 1879 3221 ,lam
1909 3196 1997 3224 vero
2027 3199 2070 3223 ex
2116 3185 2173 3223 his
2202 3187 2241 3225 S.
2276 3183 2473 3237 Augustini

1365 3236 1492 3274 verbis
1519 3244 1645 3285 recte,
1678 3242 1715 3272 ut
1744 3237 1904 3289 opinor,
1935 3239 2186 3278 concludebat
2215 3240 2255 3279 S.
2277 3239 2470 3283 Thomas,

1367 3302 1427 3327 eos
1457 3287 1632 3339 parvulos
1662 3298 1733 3327 non
1764 3293 1927 3342 torqueri
1959 3307 2074 3344 poena
2105 3295 2225 3346 igni-⁴³5
2272 3294 2365 3344 qula.
2394 3302 2473 3341 poe-

1366 3352 1424 3381 na
1450 3346 1552 3395 ignis
1581 3342 1729 3395 inferni
1757 3353 1815 3383 esc
1841 3349 2110 3396 gravissima.

1391 288 1415 306 2)

1390 340 1416 360 >5

1388 395 1413 413 25

1387 448 1414 467 2>

1386 501 1411 520 ³2

1386 555 1412 573 9>

1387 606 1413 626 5>

1387 659 1412 679 >2

1385 713 1411 732 2)

1384 766 1410 785 ³²

1379 1722 1405 1740 ’9

1379 1776 1404 1794 7>

1376 1829 1402 1847 92

1375 1882 1400 1901 2)

1375 1936 1402 1955 2>

1375 1989 1401 2008 29

1374 2042 1400 2061 92

1366 2786 1393 2806 >²

1367 2838 1392 2857 >³

2331 3397 2423 3447 507.
