2583 3685
907 70 988 117 DE
1024 72 1163 117 FIDE
1196 71 1242 116 S.
1275 72 1549 117 CYltlLLI.

83 164 166 199 tuto
193 153 375 213 Episcopi
409 165 473 192 sex
516 163 632 206 supra
667 158 818 191 centum
862 153 1193 205 subscripserant,

82 226 246 267 qnorum
286 209 417 247 decem
448 221 492 245 ex
521 205 631 245 ltalia
672 216 805 255 erant,
847 207 924 245 ‹luo
951 206 1163 246 Orientales
1182 234 1193 255 ,

81 276 157 306 tres
185 276 229 303 ex
258 259 442 314 Illyrico,
473 258 507 296 8(
536 272 633 298 unus
663 273 707 296 ex
738 259 898 299 Africa.

137 317 227 358 225.
255 312 357 352 lllud
398 321 527 353 tamen
561 312 848 362 constitutum,
891 313 964 352 sibi
1001 329 1022 351 a
1050 310 1195 364 Vigilio

82 369 368 416 transmissum,
414 367 652 406 Justinianus
695 368 852 406 minime
881 366 1055 405 Patribus
1091 377 1194 402 com-

81 420 360 464 mnuieandum
391 422 566 469 censuit,
596 434 644 458 ne
673 423 788 459 trium
817 418 1082 472 Capitnlorum
1104 429 1193 454 con-

75 475 294 522 demnatio,
324 472 374 513 ab
404 473 486 527 ipso
514 474 758 512 vehementer
787 480 958 526 exoptata
987 470 1194 529 retardare-

77 537 166 579 tur,
210 528 303 581 ipsis
332 525 456 566 solum
495 528 796 567 communicavit
825 525 1053 564 Indicarum
1083 522 1194 573 Vigi-

77 581 124 622 lii
146 609 156 629 ‚
186 581 220 619 &
249 580 343 620 duas
371 579 542 634 ejusdem
571 581 738 628 litteras,
768 579 909 633 quibus
937 577 1007 615 tria
1035 576 1192 636 Capitu-

77 632 116 675 la
145 635 178 672 8(
197 636 274 688 ipse
289 634 521 681 damnabat5
551 636 652 675 nude
681 630 940 681 inferebatur,
970 638 1191 668 sententiam

77 689 245 729 Concilii
287 701 364 728 esse
393 687 508 728 menti
538 687 731 727 Pontificis
765 685 919 723 omnino
960 695 1190 722 consonam.

76 742 343 792 Quamobrem
362 741 498 781 Collat.
521 740 655 780 ultima
681 737 861 776 omnibus
889 738 1114 788 compendio
1133 749 1190 773 re-

75 796 254 845 censitis,
296 806 386 848 quae
416 795 456 835 in
484 790 742 846 superioribus
770 789 1048 829 collationibus
1092 798 1191 842 gesta

74 851 254 899 fuerant,
298 850 439 887 iterum
466 849 583 886 trium
611 839 879 897 capitulorum
924 843 1190 882 condemnatio

74 903 259 958 repetita,
302 900 337 939 8(
365 899 590 941 confirmata
618 897 717 946 fuit,
764 896 945 949 subjectis
981 897 1093 935 etiam
1129 906 1189 934 ε’).

73 954 419 1002 anathematismis,
461 963 625 1005 quorum
656 959 728 989 tres
757 951 935 1002 postremi
974 952 1091 989 trium
1119 950 1191 987 Ca-

72 1009 284 1063 pitulorurn
314 1017 469 1045 causam
497 1005 735 1058 suscipiunt.
779 1003 861 1042 Hoc
897 1010 1022 1042 tamen
1053 1012 1186 1043 notan-

69 1063 165 1102 dum
192 1068 245 1100 est
271 1059 502 1107 discrimen,
530 1059 634 1112 quod
664 1059 702 1095 in
725 1055 815 1095 ΧΙΙ.
845 1070 922 1096 non
951 1057 1074 1095 solum
1094 1056 1187 1095 scri-

69 1123 161 1168 pta,
197 1113 260 1152 sed
290 1111 407 1151 etiam
435 1124 594 1164 persona
625 1109 705 1162 ipsa
734 1109 926 1148 Theodori
957 1107 1188 1149 anathemati

68 1167 275 1220 subjicitur
294 1178 306 1212 ;
334 1166 374 1205 in
390 1164 538 1204 duobus
565 1176 658 1203 vero
678 1163 765 1202 aliis
785 1164 1087 1203 condemnantur
1101 1164 1188 1216 qui-

69 1221 159 1261 dem
187 1220 328 1272 scripta
357 1216 587 1256 Theodoreti
618 1226 749 1256 contra
764 1216 947 1255 Sanctum
964 1216 1158 1269 Cyrilluin
1176 1245 1187 1265 ,

68 1274 104 1313 8(
133 1273 331 1327 Synodum
372 1267 635 1323 Ephesumn,
677 1270 712 1307 8(
754 1270 913 1321 epistola
942 1270 1043 1319 lbae,
1093 1270 1187 1322 ipsae

68 1336 196 1366 tamen
227 1336 396 1377 personae
425 1321 684 1371 Theodoreti,
726 1323 761 1360 8(
792 1323 870 1362 lbae
889 1354 900 1372 ,
944 1333 1069 1377 utpote
1098 1336 1189 1377 quae

68 1379 119 1419 ad
159 1391 292 1432 pacem
322 1375 506 1417 Ecclesiae
536 1375 710 1416 Concilio
743 1375 1043 1416 chalcedonensi
1085 1390 1187 1416 rece·

69 1443 145 1487 ptae
176 1433 350 1478 fuerant,
381 1430 543 1468 minime
570 1428 891 1483 proscribuntur.

125 1483 215 1530 224.
246 1480 400 1536 Reliqui
442 1491 570 1522 autem
601 1482 715 1534 hujus
743 1483 908 1522 Concilii
938 1496 1099 1524 canones
1126 1482 1185 1523 di-

66 1540 160 1578 recti
189 1545 292 1576 erant
321 1544 448 1575 contra
476 1534 570 1576 duas
597 1537 786 1590 oppositas
813 1536 977 1576 haereses
992 1537 1182 1576 Nestoria-

66 1603 229 1638 norum,
265 1588 299 1627 8(
328 1587 685 1642 Eutychianorum,
727 1602 815 1642 quae
847 1590 998 1628 fuerant
1026 1591 1184 1642 quidem

65 1645 111 1685 in·
136 1644 284 1684 duobus
312 1642 618 1696 praecedentibus
637 1643 894 1682 condemnatae
911 1674 922 1692 ,
951 1656 1026 1682 non
1057 1653 1184 1682 tamen

66 1697 250 1736 distinctis
277 1694 515 1742 canonibus3
556 1696 658 1748 quod
687 1695 734 1734 ad
762 1697 1033 1748 praecludenda
1062 1697 1186 1735 haere·

66 1752 231 1790 ticorum
261 1746 401 1801 effugia
429 1750 681 1788 necessarium
699 1749 900 1789 videbatur
917 1777 926 1787 .
958 1750 1105 1788 Horum
1123 1764 1185 1788 ca—

69 1815 213 1843 nonum
244 1811 372 1842 auctor
413 1802 486 1841 fuit
515 1802 728 1855 Eutychius
758 1799 975 1841 patriarcha
1004 1804 1185 1842 Constan-

67 1854 334 1908 tinopolitanus
355 1883 366 1904 ‚
408 1855 469 1895 vir
500 1853 534 1892 8(
564 1866 714 1894 mortun
752 1856 1020 1904 sanctimonia,
1051 1856 1084 1894 8(
1117 1858 1184 1895 do-

67 1911 199 1948 ctrinae
228 1910 391 1964 puritate
432 1908 638 1947 admodum
675 1908 828 1948 clarus.
872 1909 1067 1962 Imprimis
1095 1921 1184 1948 vero

67 1970 194 2012 sarta,
237 1969 410 2016 tectaque
437 1974 588 2000 summa
624 1959 694 2000 reli
724 1963 808 2000 ione
849 1971 1069 2000 conservata
1097 1970 1184 2001 sunt

96 2028 325 2070 uaecumque
350 2017 392 2054 in
420 2014 595 2054 Concilio
616 1975 910 2054 Chaicedonesisi
941 2017 1091 2054 fuerant
1119 2016 1183 2054 de-

65 2029 198 2116 goim
226 2067 326 2122 quod
347 2065 564 2106 Concilium
594 2079 671 2106 una
698 2080 788 2107 cum
818 2067 905 2106 aliis
933 2069 1054 2108 tribus
1083 2082 1183 2122 prae-

64 2119 290 2162 cedentibus
316 2120 444 2160 Patres
470 2118 614 2173 Synodi
635 2121 685 2160 V.
715 2135 754 2160 se
784 2123 983 2170 venerari,
1012 2137 1056 2160 ac
1085 2124 1182 2160 reci-

64 2187 155 2229 pere
182 2174 325 2228 saepius
351 2174 472 2214 testati
501 2182 615 2222 sunt,
656 2184 696 2212 ut
725 2189 814 2213 ansa
843 2174 1106 2212 calumniandi
1137 2174 1183 2211 iis

66 2230 366 2280 praeriperetur,
406 2227 476 2278 qni
505 2227 651 2278 Synodi
681 2226 749 2264 IV.
780 2227 1039 2264 auctoritatem
1069 2227 1184 2265 fuisse

67 2281 108 2320 iu
135 2279 288 2333 Synodo
317 2278 662 2318 Vciabefactatam
689 2278 1008 2330 suspicabantur·

70 2460 256 2501 admodum
295 2472 500 2511 pepercerat
537 2462 698 2511 Synodus
731 2464 931 2511 Ephesinae
967 2462 1185 2511 superfluum

69 2509 157 2547 dicit
196 2511 406 2546 Theodora-ti
443 2512 573 2558 scripta
609 2511 798 2553 damnare,
836 2525 915 2547 cum
942 2514 974 2546 S.
1002 2515 1185 2558 Cyrillus,

70 2558 103 2591 ee
127 2556 288 2604 Synodus
305 2557 597 2593 Chalcedonensis
623 2559 710 2592 nihil
735 2558 829 2593 aliud
857 2557 899 2593 ab
919 2572 958 2593 eo
981 2561 1186 2604 exegerint,

69 2605 138 2638 nisi
165 2613 203 2639 ut
229 2604 394 2639 Nestorio
423 2603 610 2639 anathema
635 2602 788 2639 diceret.
826 2606 876 2639 De
904 2607 962 2639 lba
989 2613 1105 2640 autem
1130 2608 1186 2640 ni-

68 2649 121 2684 hit
146 2648 414 2686 retractandum
438 2663 512 2685 esse
537 2653 643 2694 vult,
669 2658 744 2697 post
770 2652 967 2686 Concilium
993 2652 1186 2687 Chalcedoa

69 2708 174 2732 nense
195 2721 203 2730 .
232 2696 310 2732 Hoc
336 2706 455 2732 antem
480 2698 710 2733 constitutum
737 2699 890 2732 maxima
916 2700 1022 2732 fuisse
1050 2707 1123 2732 arte
1149 2712 1184 2732 e—

67 2742 267 2778 laboratum
285 2765 296 2786 ,
320 2742 399 2789 jure
425 2744 548 2780 asserit
571 2744 673 2779 Joan·
700 2745 891 2779 Gau-nerins
917 2744 952 2778 in
978 2757 1042 2779 sua
1067 2745 1187 2779 erudi-

70 2795 108 2822 ta
130 2787 277 2824 Dissert.
304 2789 360 2825 De
391 2790 540 2831 Srnodo
565 2788 606 2824 V.
633 2805 664 2825 c.
693 2790 725 2826 5·
752 2793 784 2834 §-
812 2800 845 2836 7·

117 2835 162 2873 (a)
186 2834 359 2881 vigilium
383 2848 560 2872 summum
586 2837 788 2872 Pontificem
825 2837 1046 2872 confirmasse
1074 2840 1186 2883 Syno-

72 2875 157 2913 dnm
179 2880 225 2915 V.
255 2883 378 2917 scribit
417 2884 726 2919 {eminentissimus
764 2883 868 2919 Card.
902 2884 1091 2918 Annalium
1125 2896 1186 2928 pa-

72 2933 179 2966 rens,
218 2935 292 2971 post
319 2928 549 2964 Eustachium
575 2931 611 2965 in
638 2932 710 2964 vita
738 2932 770 2964 S.
797 2929 966 2975 Entyehii
993 2943 1068 2977 cap.
1095 2933 1129 2973 4.
1158 2934 1188 2963 8(

75 2971 269 3015 Evagrinm
285 2973 360 3007 Lib.
376 2975 435 3009 lV·
461 2974 558 3010 Hlse.
585 2988 660 3023 cap.
677 2979 734 3023 37.
760 2977 914 3021 aliosque
940 2988 1068 3021 graecos
1094 2978 1190 3011 Seri-

74 3026 214 3063 ptores:
242 3019 298 3052 cni
323 3019 559 3065 suffragantur
574 3022 713 3058 Natalis
738 3022 936 3059 Alexander
952 3045 963 3064 ,
989 3025 1116 3069 aliique
1137 3035 1189 3055 re-

78 3065 249 3098 centiores
265 3087 272 3095 .
307 3064 376 3098 Res
401 3075 516 3101 tamen
545 3077 638 3103 certa
664 3081 731 3105 non
756 3079 806 3103 est
822 3090 832 3110 ,
858 3069 1116 3103 contradicente
1142 3071 1190 3103 Α·-

75 3112 234 3144 nastasio
261 3109 551 3147 Bibliothecario.
580 3115 841 3151 illustrissimus
857 3115 976 3149 Petrus
1001 3115 1043 3150 de
1069 3118 1188 3151 Marca

74 3155 109 3189 in
138 3157 285 3190 Dissert.
313 3155 368 3188 Da
393 3158 533 3190 decreto
559 3158 685 3204 Viguit·
709 3174 768 3206 pro
794 3163 1053 3207 confirmatione
1079 3162 1188 3205 Quin·-

71 3210 110 3244 τᾳ
133 3204 275 3248 synodi
290 3203 470 3248 epistolam
491 3205 626 3247 primus
637 3206 744 3242 edidit
762 3206 883 3254 Vigilii
911 3208 952 3242 ad
967 3208 1184 3252 Eutychi-un

69 3248 313 3283 Patrinrcliam
339 3251 607 3295 Constantinop-
635 3264 652 3283 a
678 3264 712 3285 se
738 3263 911 3298 repertam·
937 3257 972 3288 in
994 3253 1184 3289 Bibliothe-

73 3306 113 3329 ca
138 3297 247 3341 Regia
263 3317 273 3337 ‚
311 3307 416 3339 quam
441 3308 517 3330 eam
544 3298 654 3341 ipsam
679 3309 750 3333 esse
775 3308 901 3344 putat,
935 3301 1038 3347 ctijus
1061 3301 1186 3335 memi‘

2228 88 2309 130 ⁸²7

1317 151 1406 190 225.
1440 155 1626 190 incertum
1657 159 1733 201 est,
1763 166 1809 190 an
1831 149 1999 205 Vigilius
2019 149 2216 205 Synodum
2234 149 2282 192 V.
2303 169 2372 207 ap-

1290 204 1505 251 robaverit3
1534 213 1680 243 certum
1710 215 1904 245 esttamen
1927 235 1938 254 ‚
1968 207 2143 245 eumdem
2173 222 2370 246 summum

1261 218 1484 297 gonttficem
1514 259 1586 295 tria
1629 257 1797 308 capitula
1838 260 2132 309 condemnasse,
2178 270 2373 314 postquam

1261 311 1484 348 examinatis
1514 308 1773 362 Syuodalibus
1802 314 1892 350 actis
1920 315 2075 352 omnino
2103 317 2303 366 cognovit,
2334 315 2373 354 id

1261 363 1340 401 sine
1369 361 1510 413 injuria
1525 362 1690 401 Concilii
1719 363 2030 404 Chalcedonensis
2061 367 2142 406 fieri
2173 380 2304 419 posse;
2333 368 2375 407 in

1260 427 1338 467 quo
1366 414 1422 452 sin
1454 416 1582 453 minus
1610 426 1781 465 expresse
1803 447 1812 464 ,
1851 420 1958 456 tacite
1987 419 2118 457 saltem
2141 449 2151 466 ‚
2181 420 2213 456 8(
2245 419 2374 473 impli-

1261 470 1336 506 cite
1366 469 1515 506 fueraut
1546 469 1625 530 ipsa
1645 470 1821 521 Capitnla
1850 473 2119 522 condemnata,
2180 474 2303 511 umido
2331 489 2371 511 a-

1261 531 1320 559 cta
1348 522 1511 559 Concilii
1543 521 1754 573 hphesiui,
1787 536 1861 560 una
1890 536 1976 562 cum
2006 523 2045 563 S.
2066 487 2206 579 cyrilti
2235 527 2372 578 episto-

1262 573 1308 612 lis
1338 574 1547 627 approbata
1578 577 1710 614 fuere.
1749 577 1788 614 ld
1821 577 1990 628 praestitit
2020 576 2186 630 Vigilius
2213 591 2280 617 suo
2308 592 2374 632 pe-

1260 631 1468 680 remptorio
1496 627 1644 666 decreto
1663 630 1725 667 die
1747 628 1810 669 23.
1844 629 2043 669 Februarii
2072 646 2170 670 aritio
2189 633 2280 679 554.
2303 635 2377 672 Ac·

1259 682 1415 721 cedente
1446 683 1560 734 igitur
1589 696 1767 721 consensu
1801 679 1961 722 Romani
1979 682 2168 724 Pontificis
2196 685 2374 739 Synodus

1262 735 1310 773 V.
1340 736 1476 774 merito
1506 745 1544 772 ut
1575 737 1813 775 oecumenica
1842 735 1969 775 habita
1991 739 2083 776 fuit:
2113 749 2225 791 atque
2257 748 2294 778 ut
2316 753 2372 778 ω·

1259 791 1462 827 cumenica
1491 802 1512 826 a
1536 788 1671 839 vigilii
1702 790 1979 829 successoribus
2009 790 2159 844 Pelagio
2177 794 2231 842 l.‚
2261 793 2376 832 Jotm·

1259 856 1305 880 ne
1334 842 1399 879 111.
1417 868 1428 890 ,
1460 842 1661 880 Benedicto
1691 842 1742 890 l.,
1774 842 1923 894 Pelagio
1945 845 1992 882 ll.
2011 874 2020 892 ‚
2052 843 2085 881 8(
2113 846 2250 885 Sancto
2277 849 2377 885 Gre-

1257 894 1364 948 gorio
1395 895 1538 946 Maguo
1568 893 1746 934 laudata.
1791 893 1964 935 Fuerunt
2005 898 2162 950 quidem
2191 901 2230 938 in
2258 899 2372 939 Occi-

1259 949 1368 986 dente
1407 949 1520 986 multi
1552 946 1773 988 Refractarii
1793 975 1804 997 ‚
1851 963 1895 988 ac
1925 951 2163 1002 potissimum
2191 951 2374 1006 Episcopi

1256 1000 1504 1040 Venetiarum
1523 1032 1533 1050 ‚
1575 1003 1642 1054 qui
1686 1002 1884 1042 schismate
1928 1004 2027 1041 facto
2055 1017 2092 1042 se
2121 1005 2170 1043 ab
2199 1005 2374 1046 Ecclesia

1255 1066 1493 1109 separarunt:
1543 1066 1806 1095 verumtamen
1837 1057 1948 1095 rebus
1978 1059 2098 1110 magis
2142 1060 2338 1111 explicatis
2360 1090 2371 1109 ‚

1255 1123 1300 1148 ac
1329 1110 1607 1148 defervescente
1636 1108 1898 1161 disputationis
1927 1119 2020 1150 aestu
2050 1111 2214 1150 schisma
2244 1113 2373 1153 subla-

1255 1169 1337 1201 tum
1366 1170 1444 1212 est,
1489 1161 1523 1199 8(
1551 1164 1667 1201 trium
1696 1162 1962 1215 Capitulorum
1992 1165 2256 1204 condemnatio
2298 1181 2374 1206 una.

1256 1229 1347 1255 cum
1375 1217 1531 1270 Synodo
1562 1212 1611 1255 V.
1656 1216 1864 1255 universim
1907 1218 1949 1255 iu
1978 1216 2151 1257 Ecclesia
2179 1217 2375 1259 Catholica.

1255 1279 1407 1323 recepta
1437 1270 1500 1321 (a.)
1520 1294 1530 1307 .

1313 1322 1404 1363 226.
1433 1322 1611 1362 Ceterum
1642 1329 1715 1361 tota
1745 1321 1829 1361 haec
1857 1322 2140 1374 controversia,
2167 1337 2258 1378 quae
2290 1340 2372 1366 ma-

1254 1389 1330 1430 gna
1358 1377 1578 1415 animorum
1608 1379 1845 1416 contentione
1874 1377 1937 1415 diu
1967 1381 2104 1429 agitata
2134 1380 2231 1426 tuin
2262 1374 2296 1416 8(
2325 1394 2372 1418 ex

1255 1443 1333 1483 qua
1362 1430 1526 1468 schisma
1556 1429 1652 1468 inter
1672 1438 1790 1469 totum
1813 1431 2059 1469 Occidentem
2078 1461 2088 1481 ‚
2119 1432 2152 1468 8(
2173 1434 2372 1472 Orientem

1256 1483 1371 1522 facile
1400 1490 1553 1522 enatum
1585 1484 1742 1531 fuisset,
1790 1485 1863 1521 nist
1897 1483 2057 1535 vigilii,
2101 1486 2260 1538 eiusque
2289 1499 2374 1525 suc-

1255 1550 1444 1574 cessorum
1475 1536 1674 1588 prudentia
1693 1536 1787 1574 illud
1806 1539 2054 1589 praevertisset
2071 1569 2082 1587 ,
2113 1537 2197 1577 haec
2215 1542 2374 1592 inquam

1254 1592 1507 1628 controversia
1534 1603 1611 1628 non
1640 1590 1684 1629 de
1715 1589 1803 1629 fidei
1833 1591 2075 1642 dogmatibus
2106 1593 2198 1639 fuit,
2231 1593 2371 1645 inqui-

1254 1641 1326 1681 bus
1358 1655 1429 1680 una
1459 1650 1537 1680 erat
1564 1644 1738 1681 omnium
1770 1642 2028 1682 Ecclesiarum
2059 1649 2266 1693 sententia,
2310 1646 2373 1684 sed

1254 1704 1399 1733 tantum
1429 1695 1476 1733 de
1512 1693 1632 1734 tribus
1662 1696 1889 1747 Episcopis,
1937 1710 2148 1749 eorumque
2190 1700 2339 1749 scriptis
2359 1722 2373 1736 .

1254 1748 1517 1797 Quamobrem
1547 1748 1641 1786 nihil
1673 1761 1718 1785 ex
1746 1761 1791 1784 ea
1820 1747 2051 1798 proficiunt,
2088 1752 2156 1802 qui
2188 1751 2277 1789 inde
2305 1750 2375 1789 eli-

1253 1816 1338 1840 cere
1367 1811 1577 1847 conantur,
1616 1796 1832 1838 Romanum
1863 1798 2087 1840 Pontificem
2117 1816 2162 1840 ex
2193 1804 2372 1843 cathedra

1252 1854 1494 1893 definientem
1527 1851 1611 1891 falli
1638 1866 1772 1906 posse,
1802 1863 1867 1892 aut
1897 1869 1973 1894 esse
1993 1855 2156 1907 Synodis
2178 1860 2372 1896 universa-

1251 1905 1354 1946 libus
1383 1906 1599 1958 subjectum
1618 1931 1629 1945 .
1678 1903 1718 1945 ld
1748 1915 1897 1946 testatus
1926 1918 1978 1947 est
2006 1909 2178 1960 Pelagius
2210 1920 2367 1963 uterque

1250 1959 1282 2000 Ι.
1313 1960 1347 1997 8(
1377 1961 1454 2008 ΙΙ.;
1503 1959 1569 1998 ille
1598 1959 1754 2013 quidem
1786 1960 1825 1998 in
1855 1963 1964 2012 epist.
2006 1963 2053 2000 ad
2081 1962 2371 2006 Childebertuin

1252 2012 1395 2068 Regem
1427 2014 1688 2060 Francorum,
1735 2014 1803 2051 iste
1831 2025 1957 2052 autem
1988 2016 2027 2053 in
2057 2017 2166 2067 epist.
2196 2017 2243 2054 ad
2273 2016 2369 2070 Epi-

1249 2082 1379 2119 scopos
1410 2068 1527 2105 lstriae
1557 2080 1644 2118 cap.
1667 2065 1730 2111 5.;
1761 2074 1841 2103 tum
1872 2076 1997 2118 postea
2026 2070 2139 2107 etiam
2165 2069 2203 2108 S.
2225 2071 2370 2122 Grego-

1250 2123 1330 2158 rius
1360 2115 1553 2170 Magnum
1601 2131 1765 2171 quorum
1796 2121 2009 2159 testimonia
2051 2124 2173 2161 videri
2218 2134 2370 2176 possunt

1250 2170 1352 2221 apud
1396 2171 1570 2210 Natalem
1603 2172 1806 2210 Alexandr.
1850 2173 2100 2213 Dissectdv.
2143 2177 2182 2214 in
2221 2177 2367 2217 Saecul.

1251 2225 1320 2263 Vl.
1339 2255 1349 2273 ,
1395 2225 1461 2263 ubi
1493 2223 1591 2262 hanc
1619 2226 1868 2278 quaestionem
1898 2227 2008 2268 solita
2035 2242 2114 2268 suae
2145 2232 2367 2271 eruditionis

1252 2279 1363 2331 copia
1393 2287 1594 2331 pertractat
1625 2279 1707 2331 (b).

2227 2351 2320 2391 2270

1255 2464 1305 2502 nit
1325 2466 1496 2511 Evagrius
1523 2467 1706 2513 inquiens:
1732 2467 1887 2508 Vimiins
1912 2479 2021 2503 antem
2046 2483 2107 2514 per
2132 2474 2271 2505 lizia-as
2288 2484 2369 2505 cor.-

1255 2519 1364 2547 sensit
1392 2516 1550 2546 Concilio
1570 2536 1580 2553 ‚
1620 2527 1683 2547 non
1709 2523 1821 2547 lamen
1849 2519 2020 2548 inter-ess?
2048 2520 2173 2551 voluit.
2216 2518 2366 2555 iiva‘lfl'o

1252 2569 1419 2594 consonat
1449 2560 1588 2591 l‘hntius
1628 2561 1661 2591 in
1689 2560 1795 2591 Libro
1825 2559 1876 2592 De
1898 2562 2060 2603 „Seruhs
2097 2564 2143 2595 ita
2177 2562 2217 2594 ‹le
2240 2556 2368 2601 victl-'0

1253 2607 1432 2640 scribens:
1463 2606 1755 2647 Aderatquidmn
1778 2618 1925 2647 prssens
1952 2611 1986 2638 ιή
2007 2606 2096 2639 Urbe
2113 2630 2122 2646 ‚
2151 2610 2212 2640 sed
2238 2601 2299 2640 nori
2318 2613 2371 2641 in-

1252 2661 1378 2686 tererat
1400 2653 1568 2696 {runcin-
1598 2650 1680 2684 Etsi
1707 2663 1781 2683 vero
1809 2664 1870 2683 nnn
1899 2654 1984 2684 adeo
2009 2666 2112 2695 pruno
2139 2660 2250 2687 (inimo
2276 2663 2369 2689 esset

1252 2712 1334 2744 erga
1363 2699 1468 2732 Sacri
1496 2698 1650 2730 Concilii
1674 2706 1791 2730 cu-eum
1809 2720 1818 2737 ,
1845 2699 2064 2732 ne'lrtlumitms
2092 2708 2199 2733 tamon
2228 2714 2370 2734 comnm-

1253 2759 1325 2779 nem
1349 2744 1480 2778 Parrum
1499 2744 1611 2786 fidem
1624 2745 1742 2778 libello
1768 2744 2003 2787 confisum-tie.
2032 2748 2117 2779 S·tnt
2140 2757 2253 2781 tamen
2269 2770 2278 2788 ‚
2304 2747 2364 2791 qui

1253 2793 1436 2837 epistolam
1459 2791 1581 2834 vigilii
1609 2803 1627 2823 a
1655 2789 1755 2824 Petro
1779 2787 1820 2822 ‹le
1850 2793 1966 2825 marm
1996 2793 2172 2827 iuvenum
2194 2816 2204 2834 ,
2246 2795 2367 2838 genni-

1255 2850 1335 2872 narn
1362 2849 1434 2870 esse
1460 2836 1622 2870 dubitant
1641 2860 1648 2866 .
1685 2838 1733 2869 De
1759 2836 1822 2869 lmc
1860 2846 1975 2870 nutem
2011 2839 2138 2873 celebri
2169 2841 2274 2874 trium
2302 2842 2368 2874 Ca-

1255 2885 1447 2929 pitulorum
1477 2896 1578 2916 causa
1607 2892 1733 2927 praeter
1759 2882 1849 2915 laud.
1878 2885 2076 2928 snpraNst.
2104 2885 2340 2920 Alexandrum
2359 2909 2369 2927 ,

1257 2929 1360 2965 (hi-d.
1390 2931 1476 2973 Aug.
1503 2930 1606 2967 Orsi,
1630 2931 1682 2961 Jo.
1709 2930 1922 2962 Garnerium
1940 2953 1949 2971 ,
1985 2934 2015 2964 δε
2043 2932 2181 2965 Petrum
2205 2931 2246 2965 de
2273 2930 2370 2967 Mar-

1258 2990 1318 3016 ca,
1354 2973 1460 3008 videri
1486 2976 1590 3007 etiam
1618 2983 1727 3019 potest
1754 2975 1857 3008 Cas-«l.
1885 2977 2044 3010 Nor-isius
2073 2978 2125 3011 De'
2151 2977 2299 3015 Srnoulr,
2327 2980 2368 3013 V,

1259 3035 1336 3056 cuin
1363 3021 1519 3064 ejusdem
1545 3021 1741 3054 detensioni-
1768 3035 1784 3053 n
1811 3022 2022 3056 doctissimis
2043 3017 2224 3058 Fran-ilius
2241 3025 2368 3068 Petro,

1256 3073 1286 3101 ἃ
1304 3069 1515 3110 Hieronymo
1536 3068 1716 3111 liniter-mis
1744 3067 1937 3110 mlornata5
1965 3080 2039 3104 turn
2057 3071 2278 3107 Christianus
2299 3075 2369 3107 Lu-

1256 3126 1320 3160 pus
1348 3115 1379 3146 in
1410 3115 1500 3146 Dics.
1527 3113 1580 3146 De
1606 3112 1847 3158 V.Sy·m›1l0,
2078 3156 2081 3160 .

1304 3163 1348 3198 (1,)
1383 3159 1582 3192 Mirabatur
1609 3160 1791 3193 Facundus
1821 3162 2000 3197 Hermian.
2026 3164 2105 3198 Lib.
2129 3165 2185 3196 tv.
2223 3175 2252 3197 c.
2275 3176 2302 3197 2.
2334 3166 2366 3197 in

1255 3206 1395 3249 Synodo
1422 3206 1464 3237 V.
1505 3206 1635 3238 nullam
1675 3207 1778 3239 fuisse
1815 3209 1941 3242 factam
1986 3212 2193 3243 mentiosum.»
2224 3211 2360 3243 lnolnri

1254 3252 1461 3292 'rar-sensis,
1487 3263 1589 3296 quein
1610 3254 1642 3285 S.
1670 3253 1828 3297 Cyrillus
1855 3255 1888 3288 in
1915 3256 2017 3298 epist.
2047 3262 2076 3290 ι’.
2104 3253 2145 3289 ad
2162 3259 2363 3289 Satn-essum

1252 3300 1407 3343 primum
1433 3299 1537 3333 fuisse
1565 3300 1679 3333 innuit
1697 3299 1916 3336 Nestorisue
1938 3302 2107 3339 haereseos
2123 3303 2363 3340 inventortmj
