2583 3685
854 143 981 190 APP.
1014 142 1094 191 DE
1121 140 1273 194 NAT.
1306 142 1464 190 -PUitA
1487 174 1497 186 .

141 233 236 287 547.
263 225 437 271 Secundo
455 225 651 275 inferum,
679 224 781 277 quod
811 223 925 263 bomo
954 228 993 264 in
1024 236 1116 265 statu
1134 241 1199 265 na·

84 297 183 330 turae
213 297 318 339 purae
360 294 437 321 non
465 281 702 318 ordinaretur
732 280 777 317 ad
809 279 924 316 linem
963 290 1199 330 supernatu-

87 346 247 385 ralem-‚-
285 336 335 374 ad
363 335 478 373 illurn
507 335 611 372 enim
641 333 759 371 finem
798 336 1103 385 consequendum
1130 348 1198 371 ne-

83 394 245 437 cessaria
273 398 326 428 est
353 388 473 440 gratia
491 417 502 435 ,
532 400 620 438 quae
641 387 747 424 nulla
777 387 990 425 admittitur
1017 389 1058 424 in
1084 396 1198 424 natu-

87 463 135 491 η-
154 457 278 500 pura.
312 442 567 480 Ordinaretur
597 453 684 492 ergo
713 440 759 478 ad
790 441 908 479 finem
938 440 1196 488 naturalem,

82 512 219 551 nempe
246 497 296 535 ad
323 496 626 546 cognoscendum
646 494 775 532 Deum
793 523 804 541 ,
833 502 873 531 ut
890 503 1022 532 auctor
1051 502 1103 531 est
1133 507 1197 531 ua-

81 560 178 597 turae
197 581 209 599 ,
239 561 407 602 euinque
435 548 507 586 hac
536 551 679 586 ratione
708 547 915 585 amandum
933 572 943 584 .
987 547 1053 584 Sic
1083 548 1197 584 etiam

78 604 274 647 beatitudo
301 603 362 642 illi
390 603 501 640 statui
530 602 755 640 conveniens
784 610 860 637 nou
891 608 980 636 esset
1010 600 1107 637 visio
1121 599 1197 636 Dei

78 659 286 706 iminium,
314 668 404 710 quae
434 665 486 694 est
513 655 654 693 ordinis
682 650 1005 705 supernaturalis,
1047 651 1110 689 sed
1139 664 1196 688 so-

77 712 119 751 la
144 712 308 764 cognitio
337 710 410 748 Dei
437 709 692 753 abstractiva;
731 705 888 758 qualern
916 706 1128 743 concedunt
1157 719 1195 742 e-

74 768 169 806 tiam
215 766 314 803 ueris
325 762 596 803 decedentibus
612 773 701 799 cum
716 758 795 797 solo
814 767 968 810 peceato
981 758 1163 810 originali
1181 783 1192 797 .

132 820 156 858 5
215 845 226 857 .
255 817 387 857 Tertio
412 817 568 863 dicunt,
615 811 809 852 hominem
852 813 892 848 in
921 824 965 849 eo
992 821 1086 850 statu
1116 825 1193 851 non

72 874 195 912 teneri
223 871 271 910 ad
300 878 403 909 actus
431 863 762 922 supernaturales,
797 865 866 916 qui
894 866 974 903 sine
1002 867 1123 917 gratia
1153 880 1192 902 e-

75 925 142 964 lici
171 931 390 978 nequeunt,
419 924 482 962 sed
509 920 634 960 solum
663 919 710 956 ad
739 926 933 970 praecepta
961 917 1054 970 legis
1083 927 1191 957 natu-

76 978 169 1018 ralis
195 976 470 1029 adimplenda,
497 974 546 1012 ad
573 981 738 1025 quorum
766 972 1048 1010 observantiam
1077 986 1192 1024 gene-

75 1032 168 1071 ralis
196 1043 399 1071 concursus
419 1028 492 1067 Dei
521 1035 670 1064 naturae
687 1035 824 1078 praesto
840 1035 959 1063 esset.
989 1025 1038 1064 Et
1053 1040 1190 1077 quem·

74 1083 281 1126 admodum
311 1085 328 1134 (
356 1080 499 1120 addunt
526 1078 648 1132 aliqui
678 1080 694 1129 )
724 1080 791 1132 qui
821 1094 865 1117 ea
899 1087 1089 1131 praecepta
1120 1079 1190 1117 ob-

72 1146 263 1186 servaret,
291 1149 368 1174 non
392 1143 685 1187 consequeretur
704 1132 816 1170 illam
844 1142 1038 1171 sitinmam
1067 1132 1190 1170 beati-

70 1192 267 1239 tudinem,
295 1200 385 1242 quae
414 1189 454 1228 in
485 1188 660 1226 intuitiva
688 1186 763 1224 Dei
792 1187 937 1225 visione
966 1188 1086 1237 posita
1113 1194 1187 1235 est,

69 1247 123 1286 ita
148 1246 216 1298 qui
245 1244 379 1284 eadem
400 1241 579 1287 violaret,
608 1250 684 1278 non
714 1240 808 1276 foret
827 1238 1011 1290 gehennae
1041 1241 1187 1292 petuis,

67 1299 135 1338 sed
161 1297 247 1337 aliis
277 1296 399 1335 multo
425 1292 642 1333 mitioribus
671 1295 889 1344 puniendus
906 1319 917 1331 .

124 1351 217 1405 549.
245 1350 420 1397 Quarto,
449 1360 673 1400 quanquam
696 1346 809 1383 homo
838 1345 950 1384 modo
968 1346 1017 1384 'sit
1047 1348 1084 1385 in
1113 1354 1187 1386 sta-

69 1411 113 1444 tu
142 1413 289 1444 uaturae
318 1401 437 1454 lapsae
455 1431 466 1450 ,
497 1399 614 1452 &per
642 1400 803 1451 gratiam
821 1410 1028 1451 reparatae‚
1059 1402 1186 1452 ipsum

72 1467 199 1497 tamen
243 1455 372 1495 volunt
412 1454 732 1492 considerandum
777 1466 854 1490 esse
884 1455 922 1490 in
950 1452 1098 1505 duplici
1127 1466 1187 1491 or-

69 1511 183 1558 dine,
224 1509 412 1546 nimirum
442 1508 483 1544 in
511 1505 642 1544 ordine
671 1518 774 1542 mere
804 1504 999 1554 naturali,
1042 1508 1083 1544 iu
1112 1520 1188 1558 quo

70 1563 229 1603 relictus
257 1569 311 1598 est
338 1568 422 1612 post
448 1557 743 1609 expoliationem
785 1557 973 1596 donorum
1000 1572 1186 1610 superna-

68 1614 253 1656 turalium
269 1626 284 1663 3
311 1612 346 1649 δι
374 1613 415 1651 in
443 1612 577 1649 ordine
604 1609 912 1663 supernaturali,
942 1611 990 1648 ad
1018 1624 1133 1662 quem
1154 1613 1189 1648 i-

67 1677 197 1710 terum
225 1673 374 1705 evectus
401 1674 455 1704 est
482 1673 552 1718 per
591 1665 751 1716 gratiam
781 1663 868 1702 Jesu
897 1663 1039 1701 Christi
1069 1665 1187 1702 nostri

69 1718 357 1774 Redemptor-is.
385 1714 489 1757 Hine
518 1720 646 1770 ipsum
674 1718 807 1756 dicunt
835 1716 883 1755 ad
912 1716 1110 1769 duplicem
1139 1717 1187 1755 fi-

68 1785 160 1816 nem
174 1773 340 1812 ordinari
357 1802 369 1821 ,
397 1772 611 1811 naturalem
641 1783 764 1810 unum
782 1800 792 1820 ,
821 1769 968 1810 scilicet
997 1771 1043 1809 ad
1058 1771 1186 1808 Deum

69 1827 372 1882 cognoscendum
389 1855 400 1874 ‚
448 1825 482 1862 &
510 1824 720 1863 amandum
737 1854 749 1873 ‚
797 1832 837 1862 ut
878 1830 1011 1862 auctor
1038 1834 1187 1863 naturae

71 1891 125 1920 est
140 1896 152 1928 3
200 1879 234 1916 ἃ
261 1879 385 1918 alium
412 1891 454 1916 su
487 1877 772 1927 ernatnralem,
815 1891 953 1930 nempe
981 1878 1030 1916 ad
1059 1878 1187 1916 Deum

69 1933 374 1987 cognoscendum
391 1961 402 1980 ,
511 1931 775 1984 diligendum,
820 1941 859 1969 ut
887 1940 1018 1969 auctor
1046 1941 1097 1970 est
1126 1940 1186 1970 su-

70 1986 350 2042 pernaturalis,
397 1993 526 2024 auctor
562 1984 708 2023 scilicet
743 1986 906 2036 gratiae,
954 1982 988 2020 ἃ
1017 1985 1150 2037 gloriae
1173 2011 1185 2024 .

70 2041 130 2081 Ad
160 2042 330 2094 primum
372 2038 490 2078 finem
520 2039 828 2090 consequendum
870 2036 1046 2076 sufficere
1089 2040 1187 2077 vires

68 2104 215 2134 naturae
232 2124 243 2143 ,
272 2104 360 2147 quae
386 2092 537 2130 intacta
566 2100 649 2143 post
677 2100 877 2144 peccatum
907 2102 1186 2131 remanserunt:

67 2149 116 2187 ad
146 2147 308 2186 alterum
334 2153 426 2184 vero
454 2143 571 2183 finem
600 2158 776 2197 semper,
815 2142 849 2181 δι
878 2145 1058 2184 omnibus
1087 2154 1190 2198 prae-

67 2211 122 2241 sto
150 2213 229 2240 esse
247 2201 391 2240 divinae
405 2201 539 2250 gratiae
567 2197 876 2252 ‘supernaturalia
899 2198 1067 2247 auxilia,
1097 2213 1186 2252 quae

67 2255 256 2294 Dominus
273 2284 284 2303 ‚
314 2264 376 2292 ‘ac
404 2252 635 2305 Redemptor
672 2261 795 2290 noster
837 2254 1099 2304 pretiosissimi
1127 2254 1188 2291 sui

67 2309 262 2360 sanguinis
287 2306 478 2346 oblatione
504 2306 616 2344 nobis
641 2306 824 2344 omnibus
852 2307 1064 2357 promeruit
1084 2330 1095 2343 .
1142 2305 1188 2344 ld

69 2362 240 2399 maxime
267 2366 425 2413 apparet
454 2359 496 2396 in
525 2358 739 2396 infantibus
755 2370 827 2397 non
848 2359 1069 2412 baptizatis,
1099 2361 1187 2412 qui-

71 2409 146 2452 bus
172 2426 263 2452 cum
304 2409 638 2464 supernaturalem
666 2408 942 2450 beatitudiuem
982 2415 1189 2451 concedere

70 2474 290 2518 nequeant,
335 2464 484 2502 defectu
511 2462 722 2513 baptismi,
770 2465 851 2501 sine
886 2478 963 2516 quo
990 2479 1104 2504 nemo
1132 2467 1188 2505 in·

70 2519 271 2557 troibit-in
300 2528 460 2569 regnum
489 2514 705 2562 coelorum,
750 2512 1028 2554 beatitudiuem
1064 2527 1191 2556 tamen

69 2572 199 2611 nescio
226 2584 351 2624 quam,
365 2569 538 2607 tribuunt
565 2568 709 2606 ordinis
738 2580 840 2606 mere
856 2567 1065 2616 naturalis,
1094 2580 1190 2621 qua·-

68 2623 119 2663 lis
161 2625 291 2662 fuisset
320 2620 500 2662 destinata
542 2620 689 2659 homini
733 2621 910 2672 inpuris
954 2621 1188 2659 naturalibus

66 2679 295 2717 constituto.
343 2675 455 2724 Quod
484 2682 613 2712 autem
641 2675 687 2711 de
717 2673 887 2726 parvulis
917 2674 1083 2722 dicitur,
1123 2689 1188 2726 po-

67 2732 161 2770 tiore
189 2729 275 2783 jure
315 2726 522 2767 dicendum
551 2728 621 2765 erit
662 2728 708 2765 de
737 2727 958 2776 Fabriciis,
1005 2726 1188 2779 Regulis,

69 2782 232 2833 Fabiis,
262 2781 539 2836 Scipionibus,
585 2781 750 2834 aliisque
778 2782 982 2819 decantatis
1011 2779 1188 2819 heroibus

69 2838 252 2891 paganis,
294 2838 363 2890 qui
392 2837 433 2874 in
461 2832 677 2874 moralibus
705 2833 912 2876 virtutibus
947 2834 1091 2873 ordinis
1118 2848 1186 2874 na-

69 2887 201 2930 taralis
229 2889 493 2930 excelluerunt
509 2910 521 2928 ι

70 3021 192 3057 nempe
204 3007 434 3057 privationem
460 3014 580 3059 gratie
596 3035 607 3054 ,
633 3014 852 3057 aliorumque
864 3012 1036 3046 donorum
1061 3023 1182 3057 supera

70 3059 312 3098 naturalium3
353 3073 502 3105 quorum
541 3069 656 3094 tamen
694 3061 848 3094 carentia
887 3062 994 3093 etiam
1030 3067 1119 3092 esset
1147 3061 1183 3092 in

69 3114 169 3139 statu
195 3113 327 3138 natura
353 3117 472 3150 purae,
498 3106 578 3140 licet
606 3120 672 3141 non
699 3119 760 3152 per
784 3105 926 3140 modum
950 3109 1181 3148 privationis,

73 3159 132 3184 aut
156 3162 281 3195 poenae.
331 3151 420 3184 Hinc
445 3161 496 3185 est
521 3153 652 3194 etiam,
675 3152 767 3199 quod
793 3155 909 3198 pueris
935 3152 1184 3186 decedentibus

71 3198 146 3231 sine
171 3197 348 3242 baptismo
373 3196 540 3241 'l‘heologi
566 3209 753 3234 assertores
780 3209 891 3234 status
925 3208 1060 3234 naturae
1087 3208 1183 3243 purae

70 3244 174 3278 facile
201 3243 392 3277 concedunt
429 3243 680 3278 beatitudinem
704 3244 892 3290 quamdam
928 3244 1062 3280 ordinis
1089 3255 1182 3277 mere

70 3291 266 3330 naturalis,
293 3291 327 3322 in
353 3303 420 3334 qua
447 3292 555 3322 vitain
570 3290 788 3334 jucundam,
813 3295 845 3324 ἀ
870 3293 1109 3326 felicissimam
1124 3289 1184 3322 ‹le-

71 3345 180 3380 gant5
214 3335 326 3381 qualis
354 3338 474 3369 fuisset
503 3336 538 3368 in
561 3343 656 3370 statu
681 3345 813 3372 naturae
839 3349 934 3383 purae
963 3340 1035 3373 sine
1061 3349 1184 3383 pecca·

71 3390 128 3418 to.
152 3381 241 3417 Vide
267 3394 371 3428 supra
397 3395 431 3415 n.
456 3383 534 3416 252.

2241 155 2325 197 215

1321 225 1414 263 550.
1440 226 1587 269 'Quinto
1629 224 1715 264 binc
1746 228 1858 266 etiam
1889 227 2114 277 deducitur,
2163 229 2221 267 sin
2252 232 2381 269 minus

1262 280 1423 325 omnia,
1454 278 1638 330 pleraque
1668 280 1797 319 saltem
1830 283 2011 320 naturalis
2042 282 2133 333 legis
2163 294 2381 337 praecepta,

1266 340 1454 384 quantum
1485 332 1530 368 ad
1563 333 1810 372 substantiam
1848 336 2053 387 adimpleri
2081 350 2214 388 posse,
2263 346 2384 375 tenta-

1267 395 1387 423 tiones
1414 387 1617 436 superari,
1648 387 1679 422 δε
1702 388 1827 426 Deum
1858 403 1971 441 super
1999 391 2126 426 omnia
2155 391 2263 442 diligi
2294 390 2385 430 solis

1267 439 1416 476 viribus
1444 448 1590 476 uaturae
1609 468 1619 486 ,
1649 440 1709 477 sed
1743 443 1778 479 in
1806 443 1937 480 ordine
1967 442 2088 480 solnm
2121 444 2309 490 naturali,
2341 452 2382 484 nt

1267 501 1394 529 autem
1425 490 1509 530 haec
1535 493 1667 530 'omnia
1699 495 1737 531 in
1764 493 1896 532 ordine
1912 498 2189 547 supernaturali
2208 526 2217 544 ,
2248 497 2382 535 &me-

1265 549 1400 582 ritorie
1443 555 1721 594 exerceantur,
1769 550 2018 586 necessariam
2063 565 2139 587 esse
2184 552 2379 600 gratiam-¹

1261 608 1383 650 quain
1429 607 1557 636 tamen
1589 599 1693 637 Deus
1721 602 1900 639 omnibus
1948 602 2214 640 liberalissime
2242 604 2380 652 donat,

1266 661 1305 688 ut
1334 649 1451 689 bomo
1481 653 1519 689 in
1550 653 1684 690 ordine
1703 654 2011 705 supernaturali,
2043 655 2075 691 8(
2105 660 2306 695 meritorie
2335 671 2381 696 ea

1263 705 1403 753 faciat,
1440 718 1530 756 quae
1560 705 1717 744 aliunde
1747 710 1785 745 in
1814 709 1946 745 ordine
1976 723 2078 745 mere
2108 710 2272 747 naturali
2302 713 2380 748 suis

1263 758 1412 797 viribus
1440 760 1566 796 facere
1595 769 1738 811 potest.
1795 760 1907 799 Unde
1944 762 2044 813 quod
2073 761 2243 801 Christus
2285 764 2382 803 dixit

1260 810 1368 849 Joan.
1392 812 1482 850 XV.
1512 814 1550 851 5.
1593 813 1687 851 St'ne
1717 827 1783 851 me
1811 814 1907 851 nihil
1936 819 2097 865 potestis
2113 815 2288 866 jacere,
2320 829 2378 853 re-

1260 866 1388 917 stringi
1418 865 1528 904 debet
1557 866 1603 904 ad
1628 880 1742 919 opera
1770 869 1912 906 ordinis
1933 869 2229 920 supernaturalis
2247 900 2257 918 ,
2286 883 2377 922 quau

1256 919 1340 956 'sine
1371 918 1441 956 Dei
1470 920 1592 970 gratia
1622 921 1747 958 facere
1776 933 1851 959 uon
1879 934 2077 974 possumus
2095 948 2106 960 .

1313 972 1405 1010 551.
1435 972 1632 1019 Quantum
1664 987 1752 1012 vero
1781 977 1910 1013 attinet
1939 974 1984 1012 ad
2015 990 2074 1013 eas
2103 988 2192 1013 cum
2222 976 2378 1023 animi,

1259 1033 1340 1063 tum
1382 1028 1549 1078 corporis
1579 1029 1770 1074 miserias,
1819 1042 1911 1081 quas
1950 1042 2064 1080 supra
2106 1043 2140 1067 c.
2164 1028 2213 1068 V.
2244 1028 2278 1065 8<
2310 1028 2378 1068 Vl.

1257 1079 1426 1117 diximus
1455 1094 1532 1118 esse
1561 1083 1780 1132 promeritas
1812 1084 1955 1134 peccati
1984 1083 2180 1133 originalis
2211 1096 2343 1135 poenas
2364 1105 2377 1131 ‚

1256 1132 1317 1170 vel
1348 1134 1513 1171 funestos
1543 1134 1712 1184 ejusdem
1743 1135 1922 1183 effectus,
1952 1145 2148 1174 assertores
2178 1146 2290 1174 status
2310 1149 2378 1174 na·

1255 1194 1352 1224 turae
1383 1200 1491 1238 purae
1513 1188 1664 1225 easdem
1687 1189 1801 1225 etiam
1831 1190 1914 1228 sine
1935 1198 2088 1240 peccato
2109 1189 2254 1227 futuras
2284 1190 2378 1227 fuis<

1255 1253 1294 1277 se
1323 1240 1578 1288 contendunt,
1608 1243 1640 1278 si
1671 1240 1783 1278 homo
1814 1242 1851 1278 in
1881 1244 1987 1293 puris
2016 1242 2257 1280 naturalibus
2285 1253 2381 1281 con--

1255 1293 1436 1343 deretur,
1469 1303 1595 1346 utpote
1616 1305 1775 1332 natnrae-
1793 1293 1973 1333 humanae
1996 1297 2249 1333 consectaria.
2278 1296 2380 1335 Cum.

1257 1348 1361 1384 enim
1392 1348 1558 1385 hominis
1588 1361 1724 1399 corpus
1753 1361 1799 1386 ex
1827 1350 1971 1396 variis,
2001 1348 2152 1400 sibique
2182 1350 2382 1389 contrariis

1258 1398 1454 1438 elementis
1473 1410 1777 1452 coagmentatum
1806 1401 1881 1450 sit,
1910 1405 2122 1440 necessario
2151 1409 2227 1440 tam
2257 1411 2377 1440 exter·

1256 1455 1339 1501 nis,
1383 1462 1501 1505 quam
1532 1455 1683 1492 internis
1713 1455 1991 1502 incommodis,
2033 1463 2146 1507 atque
2175 1456 2247 1506 ipsi
2275 1463 2380 1493 'mor-

1256 1505 1322 1544 tali
1351 1507 1585 1546 dissolutioni
1615 1508 1823 1546 obnoxium
1854 1521 1930 1546 esse
1959 1506 2148 1546 debebat.
2180 1509 2280 1546 Cum
2311 1523 2376 1560 pa-

1255 1561 1347 1596 riter
1375 1559 1489 1597 homo
1530 1561 1680 1599 duabus
1709 1561 1961 1599 dissimilibus
2003 1562 2175 1613 partibus
2204 1572 2378 1611 constet,

1255 1613 1387 1649 anima
1415 1611 1588 1661 scilicet,
1636 1614 1671 1650 &
1700 1627 1885 1666 corpore,
1930 1615 1963 1650 &
1993 1628 2082 1652 cum
2113 1616 2310 1668 utriusque
2338 1629 2380 1654 o-

1254 1665 1380 1716 bjecta
1409 1666 1559 1703 diversa
1588 1668 1682 1714 sint,
1732 1666 1765 1701 ἃ
1793 1667 2025 1719 quandoque
2062 1667 2134 1705 sibi
2173 1672 2344 1720 opposita
2363 1690 2379 1718 -,

1252 1717 1339 1756 vfieri
1370 1730 1444 1755 non
1475 1723 1643 1769 poterat,
1690 1720 1785 1770 quin
1814 1722 2005 1772 appetitus
2041 1722 2265 1769 sensitivus,
2308 1724 2379 1773 qui

1255 1772 1375 1809 fertur
1405 1771 1444 1808 iu
1476 1784 1533 1809 res
1561 1770 1809 1810 delectabiles
1828 1796 1841 1820 ,
1890 1785 1963 1810 non
1992 1785 2093 1823 saepe
2122 1782 2378 1824 opponeretur:

1255 1826 1417 1869 rati0ni3
1465 1825 1504 1862 in
1547 1837 1624 1876 quo
1667 1827 1737 1863 sita
1767 1835 1819 1863 est
1860 1827 2180 1878 concupiscentiae
2219 1835 2378 1878 pugna,

1254 1892 1331 1931 qua
1359 1889 1449 1916 caro
1490 1879 1728 1930 concupiscit
1757 1879 1936 1917 adversus
1978 1881 2186 1932 spiritum.
2244 1880 2372 1929 Haec,

1254 1931 1410 1985 aliaque
1452 1939 1600 1969 naturae
1632 1945 1742 1984 purae
1781 1934 2014 1971 consectaria
2058 1934 2179 1971 videri
2222 1942 2378 1986 vpossunt

1254 1988 1357 2037 apud
1380 1984 1591 2037 The'ologos
1606 1985 1884 2033 scholasticos,
1915 1989 2111 2038 praecipue
2140 1986 2377 2036 Moliuistas3

1255 2039 1290 2076 ἃ
1319 2040 1423 2092 apud
1447 2038 1682 2077 Honoratum
1700 2039 1956 2078 Tournelium
1974 2069 1984 2087 ‚
2015 2040 2127 2090 cujus
2154 2039 2377 2093 descriptio<

1256 2101 1345 2132 'nem
1372 2098 1522 2131 ‘naturae
1552 2106 1661 2145 purae
1689 2104 1806 2146 supra
1835 2106 1941 2131 num.
1964 2092 2055 2138 545.
2086 2093 2309 2132 attulimus.

1338 2189 1378 2251 ξ.
1399 2200 1449 2237 Π.
1479 2197 1544 2238 De
1572 2208 1702 2238 status
1730 2208 1890 2238 naturae
1918 2213 2030 2252 pur-oe
2058 2203 2297 2239 existentia.

1311 2284 1667 2359 552.Pelagiani‚
1709 2309 1777 2360 qui
1808 2321 1932 2360 neque
1964 2315 2162 2359 peccatum
2191 2306 2379 2360 originale

1257 2374 1383 2412 neque
1412 2361 1545 2413 gratiae
1576 2362 1830 2399 necessitatem
1860 2361 2036 2399 confiteri
2065 2361 2269 2410 volebant,
2307 2374 2376 2401 nos

1256 2416 1298 2452 in
1329 2423 1422 2452 statu
1443 2423 1591 2453 naturae
1621 2426 1730 2467 purae
1759 2416 1918 2453 omnino
1945 2414 2212 2461 collocabant3
2241 2417 2374 2468 quain

1256 2480 1298 2505 re
1327 2482 1349 2505 a
1391 2470 1550 2520 profana
1579 2468 1832 2508 Ethnicorum
1875 2468 2122 2520 philosophia
2158 2470 2265 2507 initio
2293 2482 2375 2506 suas

1259 2518 1414 2558 haeresis
1445 2535 1518 2559 non
1549 2521 1681 2572 procul
1703 2523 1859 2560 aberant
1889 2523 1984 2572 (a.)-.
2016 2521 2142 2559 Postea
2173 2532 2298 2560 tamen
2315 2535 2376 2559 ar-

1256 2574 1441 2622 gumentis
1471 2574 1588 2611 sancti
1618 2574 1822 2624 Augustini
1840 2603 1850 2620 ‚
1899 2573 2059 2613 vocibus
2098 2577 2272 2612 omnium
2303 2576 2375 2613 Ca-

1257 2624 1513 2671 tholicorum,
1555 2638 1599 2661 ac
1629 2625 1915 2662 definitionibus
1945 2624 2129 2662 Ecclesiae
2161 2628 2274 2675 pressi
2306 2627 2378 2664 ali-

1256 2690 1333 2728 qua
1362 2678 1570 2728 gratiarum
1592 2676 1942 2729 supernaturalium
1959 2677 2054 2713 dona
2083 2691 2282 2727 agnoscere
2298 2689 2377 2717 coe-

1286 2740 1413 2777 erunt,
1459 2729 1594 2767 saltem
1625 2736 1665 2767 ut
1694 2729 1804 2767 valde
1833 2729 1877 2766 ad
1909 2726 2003 2767 bene
2032 2731 2266 2780 operandum
2298 2733 2372 2772 uti-

1256 2741 1343 2828 iia3
1373 2781 1406 2819 8<
1437 2790 1526 2821 tunc
1555 2797 1577 2820 a
1605 2790 1701 2820 statu
1729 2791 1876 2821 natnrae
1908 2795 2014 2834 purae
2045 2781 2287 2835 aliquatenus
2317 2799 2374 2823 re·

1256 2845 1471 2883 cesserunt3
1519 2849 1562 2873 ac
1605 2835 1727 2873 multo
1755 2838 1876 2887 magis
1919 2845 2172 2886 recesserunt,
2218 2839 2374 2889 quando

1254 2891 1418 2942 gratiam
1465 2888 1763 2928 sanctificantem
1793 2891 1839 2928 ad
1887 2890 2005 2928 vitam
2036 2895 2217 2929 aeternam
2247 2900 2375 2930 'conse-

2201 2958 2321 2997 quen·

1296 3017 1344 3052 (a)
1371 3012 1527 3055 Pelagius
1555 3009 1645 3056 apud
1666 3012 1699 3044 S.
1727 3005 2019 3054 Augustinut'nde
2043 3021 2186 3056 peccato
2211 3018 2371 3059 origina-

1251 3060 1278 3092 li
1305 3071 1337 3092 c.
1360 3060 1414 3091 13.
1443 3059 1645 3102 inquiebat:
1674 3079 1699 3097 ‚‚
1724 3060 1835 3090 Omne
1861 3057 2017 3099 bonnm,
2041 3071 2080 3093 ae
2106 3060 2266 3102 malurn,
2302 3074 2373 3106 quo

1251 3125 1277 3145 „
1302 3106 1357 3138 vel
1382 3103 1572 3138 laudabiles
1588 3125 1598 3143 ,
1637 3104 1690 3135 vel
1716 3104 1967 3147 vituperabiles
1993 3117 2139 3147 snmus,
2176 3119 2242 3140 non
2271 3109 2372 3141 nubi-

1251 3173 1276 3191 ,‚
1302 3163 1399 3183 scum
1423 3151 1563 3189 oritur,
1600 3146 1659 3181 sed
1685 3150 1802 3193 agitur
1828 3162 1846 3183 a
1873 3150 1997 3185 nobis:
2036 3163 2179 3197 capaces
2205 3155 2299 3186 enim
2326 3167 2368 3188 u·

1251 3217 1277 3238 „
1303 3198 1458 3241 tritisque
1487 3195 1563 3235 rei,
1589 3207 1655 3228 non
1681 3196 1772 3239 pleni
1800 3197 2001 3239 nascimnr5
2027 3202 2070 3232 <9⁴
2094 3207 2130 3232 ut
2156 3204 2231 3232 sine
2258 3205 2368 3234 ‹virtu-

1251 3258 1276 3284 ·‚,
1303 3252 1334 3276 te
1352 3265 1362 3283 ‚
1388 3252 1438 3275 ita
1464 3247 1504 3275 (θ’
1531 3246 1606 3274 sine
1634 3246 1717 3274 uitio
1741 3255 1978 3284 procreamur:
2021 3253 2126 3290 atque
2152 3256 2231 3279 ante
2257 3249 2367 3280 actio·

1254 3305 1280 3331 5»
1303 3301 1382 3322 nem
1409 3288 1557 3333 propria!
1594 3288 1786 3322 voluntatis
1823 3288 1859 3323 id
1890 3291 2004 3326 solum
2038 3293 2075 3326 in
2111 3291 2252 3327 homine
2287 3302 2365 3331 est.

1254 3356 1279 3376 ‚‚
1303 3333 1395 3380 quod
1420 3336 1514 3370 Deus
1540 3332 1695 3370 condidit
1709 3338 1759 3368 “-
