2583 3685
289 173 372 199 120

224 239 342 276 fnisse
383 231 549 269 debitam
575 229 593 278 (
613 225 705 264 Vid.
734 225 846 264 etiam
875 225 1024 272 Quam.
1046 238 1111 277 97.
1141 229 1247 265 artic.
1269 241 1324 274 ¹.‚

227 304 293 340 qu.
321 298 400 324 100.
430 292 499 319 art.
535 294 594 327 1.,
625 280 712 317 δια.
743 292 780 316 2.
809 292 846 329 q.
882 277 968 322 164.
998 278 1045 325 );
1076 280 1174 316 unde
1204 280 1326 330 sequi-

227 350 312 379 tur,
347 335 466 386 ‘aequa
494 346 650 370 censura
678 331 865 370 confixam
896 331 1008 368 fnisse
1038 346 1060 368 a
1087 332 1126 369 S.
1155 331 1221 370 Pio
1250 333 1327 379 V.,

225 392 259 427 &
287 387 470 438 Gregorio
493 386 601 424 XIII.
631 385 739 423 illam
769 383 1066 435 Propositionem
1096 385 1189 422 inter
1208 385 1327 436 ,Baja-

224 457 291 482 nas
319 454 429 478 num.
452 438 539 477 255st
570 468 597 486 „
616 438 810 489 integritas
834 438 977 487 primae
1007 437 1226 475 conditionis
1256 451 1328 475 non

224 525 253 545 „
280 496 356 534 'fuit
385 492 552 530 indebita
580 490 762 529 humanae
785 499 926 527 naturae
958 488 1157 541 exaltatio,
1186 491 1247 527 sed
1265 505 1328 528 na-

281 546 412 584 turalis
441 543 521 596 ejus
549 545 741 589 conditi03
771 552 853 580 tum
883 542 1012 579 aliam
1039 540 1102 592 78.
1129 542 1329 580 Immorta-

274 599 364 637 'litas
391 598 508 649 primi
537 596 700 635 hominis
720 609 793 634 non
822 604 898 633 erat
918 595 1050 645 gratiae
1066 594 1299 632 beneficium
1317 625 1328 643 ,

281 652 343 690 sed
373 649 553 688 naturalis
581 651 774 693 conditio;
811 662 862 686 iic
892 647 1053 685 demum
1082 647 1194 684 illam
1227 648 1329 698 Que-

279 704 524 743 snellz‘amzm
547 703 613 741 55.
643 703 777 741 Gratia
798 702 935 739 Adami
967 709 1017 737 est
1043 699 1198 752 sequela
1226 714 1329 738 crea-

280 758 413 804 tionis,
442 754 475 791 &
497 765 575 794 erat
593 755 721 793 debita
735 763 886 792 naturae
907 767 1006 791 sanae
1021 783 1031 800 ,
1061 752 1095 788 &
1112 755 1262 804 integrae
1280 756 1329 791 “-

278 811 341 861 75.
372 810 468 847 Hinc
499 809 687 856 infertur,
729 807 952 858 originalem
995 806 1178 857 justitiam
1207 807 1247 844 in
1277 807 1327 843 A-

224 863 337 901 damo
367 875 437 900 non
469 860 592 899 solum
620 875 710 900 cum
738 859 1019 912 supernaturali
1047 861 1164 910 gratia
1192 859 1329 896 sancti-

222 915 361 954 ficante
390 927 597 953 connexam
627 915 740 952 fuisse
761 943 772 960 ,
815 913 877 950 sed
908 913 1020 949 etiam
1062 912 1111 949 ab
1141 913 1222 964 ipsa
1245 920 1328 948 tan-

221 983 339 1021 quam
369 983 391 1005 a
415 968 547 1006 *radice
577 967 785 1019 prodiisse,
828 965 930 1017 quod
959 978 1032 1003 non
1075 978 1149 1002 uno
1178 966 1216 1001 in
1246 963 1328 1000 loco

220 1021 328 1060 docet
356 1020 398 1058 S.
428 1020 621 1058 Thomas.
659 1018 804 1057 Praet-er
832 1018 1041 1056 articulum
1078 1030 1194 1068 supra
1222 1015 1327 1053 laud.

217 1087 328 1113 num.
359 1073 452 1125 69.‚
500 1073 579 1112 vid.
614 1086 648 1111 1.
680 1085 716 1110 2.
764 1080 898 1124 quaest.
946 1084 1035 1122 ¹09·
1077 1079 1147 1108 art.
1179 1070 1243 1117 5.‚
1294 1068 1330 1104 ἃ

220 1137 352 1180 quaest.
383 1128 420 1172 4.
451 1125 499 1164 de
528 1125 638 1162 malo
667 1125 777 1163 artic.
802 1138 838 1163 2.
867 1123 1132 1172 Quamobrem
1158 1121 1232 1159 *hoe
1248 1135 1330 1159 sen-

224 1193 267 1218 su
297 1181 441 1230 justitia
468 1177 666 1230 originalis
694 1179 834 1230 saepins
865 1186 995 1216 vocata
1025 1185 1079 1213 est
1098 1182 1332 1225 supernatu-

224 1233 323 1270 ralis
353 1245 397 1269 ex
429 1240 532 1284 parte
561 1230 705 1269 scilicet
732 1231 914 1283 principii
941 1231 1027 1276 sui,
1054 1241 1120 1266 seu
1162 1227 1301 1265 radicis
1321 1255 1332 1274 ,

217 1299 356 1336 nempe
383 1287 514 1335 gratiae
543 1283 834 1322 sanctificantis.

275 1338 339 1387 76.
369 1337 426 1373 Dc
457 1336 529 1373 hac
557 1336 737 1372 sententia
767 1333 915 1371 consuli
947 1340 1064 1384 potest
1093 1331 1333 1369 doctissimus

219 1389 261 1426 P.
291 1388 459 1426 Thomas
500 1389 547 1426 de
575 1389 711 1426 Lemos
741 1387 778 1424 iu
809 1385 1003 1436 Panopliti
1032 1388 1178 1437 gratioe
1207 1385 1330 1422 'I‘omo

218 1442 248 1479 I.
263 1440 305 1479 P.
328 1442 376 1479 II.
397 1441 526 1479 Tract.
547 1441 578 1478 I.
609 1454 696 1491 cap.
720 1453 778 1487 2.,
808 1439 877 1477 ubi
906 1439 1105 1486 observat,
1132 1451 1206 1475 non
1229 1436 1329 1475 mul-

219 1503 299 1532 tum
331 1494 471 1532 referre
500 1492 691 1546 quidquid
719 1494 757 1531 in
784 1491 858 1530 'hac
877 1492 1087 1544 quaestione
1115 1492 1264 1529 dicatur
1284 1491 1329 1529 de

215 1546 359 1597 justitia
387 1547 593 1599 originali,
623 1546 726 1598 quod
767 1559 904 1597 nempe
932 1547 973 1583 in
1001 1559 1067 1582 sua
1083 1545 1233 1581 entitate
1263 1558 1328 1582 na-

220 1598 353 1638 turalis
382 1601 458 1648 sit,
488 1599 548 1639 vel
577 1598 875 1651 supernaturalis
892 1628 902 1645 ,
945 1595 1157 1634 dummodo
1186 1608 1325 1632 conce-

216 1652 360 1700 datur,
389 1653 503 1690 illam
531 1665 612 1689 non
642 1664 728 1689 esse
757 1659 915 1687 naturae
945 1648 1118 1685 debitam
1135 1678 1145 1694 ,
1175 1661 1248 1685 nec
1272 1661 1324 1685 ex

219 1709 422 1756 principiis
450 1713 610 1741 naturae
639 1711 855 1740 caus-atam
872 1731 882 1749 ,
912 1701 980 1738 sed
1001 1714 1157 1738 merum
1178 1700 1324 1738 <ionum

212 1761 387 1809 gratuito
416 1756 564 1793 bomini
593 1755 733 1792 clatum
751 1781 761 1792 .
790 1755 975 1792 Observat
1005 1755 1119 1791 etiam
1143 1784 1152 1801 ,
1183 1753 1327 1791 inutili-

215 1818 271 1848 ter
300 1824 321 1846 a
350 1810 583 1861 quibusdam
613 1808 793 1859 distingui
823 1806 1014 1859 triplicem
1057 1815 1194 1844 statum
1212 1837 1222 1854 ‚
1242 1810 1325 1843 -in-

213 1866 411 1901 nocentiae
425 1891 437 1909 ,
466 1864 705 1913 integritatis
722 1890 732 1908 ,
761 1861 809 1900 <9¹
824 1862 991 1911 justiciae
1006 1859 1212 1912 originalis
1228 1874 1243 1904 ‚·
1262 1859 1324 1911 ju-

213 1917 315 1954 stitia
343 1916 447 1953 enim
488 1913 685 1965 originalis
714 1913 747 1949 ἃ
777 1913 1027 1964 integritatem
1067 1921 1214 1950 naturae
1232 1943 1242 1961 ,
1290 1912 1324 1948 δε

215 1967 386 2018 ejusdem
416 1968 673 2005 innocentiam
703 1966 966 2017 complectitur
983 1993 993 2004 .
1021 1965 1139 2003 *Plura
1167 1966 1324 2017 cupien-

213 2022 241 2058 t‘i
271 2021 375 2058 dabit
405 2019 509 2057 laud.
538 2019 761 2057 Lemos'ius.
791 2019 865 2056 Sed
895 2033 961 2057 nos
991 2033 1113 2071 pauca
1141 2019 1325 2057 addamus

210 2086 302 2110 cum
334 2072 514 2124 Angelico
542 2071 779 2123 Praeceptore
808 2080 928 2109 nostro
956 2073 1003 2109 de
1031 2072 1180 2110 dotibus
1197 2102 1206 2120 ‚
1237 2085 1324 2124 quae

210 2127 383 2164 animam
412 2134 625 2163 nostrorum
657 2124 972 2177 Protoparentum
1002 2127 1042 2163 in
1081 2124 1185 2162 felici
1216 2126 1324 2164 inno-

213 2180 347 2216 centia:
378 2187 476 2216 statu
506 2178 766 2226 exornabant,
809 2191 974 2230 quaeque
1017 2191 1061 2215 ex
1089 2181 1212 2229 gratia
1240 2193 1324 2217 san-

211 2231 401 2269 ctificante
426 2230 697 2282 profluebant.

268 2297 332 2334 77.
361 2283 409 2321 Et
438 2284 563 2334 primo
591 2291 776 2334 quantum
807 2284 852 2321 ad
883 2283 1116 2322 intellectum
1135 2315 1145 2332 ,
1185 2284 1324 2322 Adami

211 2336 408 2374 scientiam
437 2335 617 2373 describit
637 2336 827 2374 Siracides
855 2351 941 2388 cap.
962 2337 1088 2374 XVII.
1113 2339 1149 2374 5.
1180 2338 1213 2373 8(
1244 2352 1322 2389 seq.

211 2389 258 2426 de
289 2390 423 2438 primis
451 2389 583 2426 nostris
612 2389 828 2440 parentibus
857 2390 1008 2427 dicens:
1038 2419 1064 2438 „
1085 2390 1320 2438 Consilium,

211 2470 238 2491 „
268 2441 302 2477 8<
331 2441 527 2491 linguam,
566 2440 599 2476 81
627 2441 781 2488 oculos,
819 2442 852 2477 &
883 2455 1021 2490 aures,
1065 2441 1098 2477 ἃ
1127 2455 1191 2480 cor
1220 2443 1320 2481 dedit

210 2523 235 2544 ,‚
266 2492 344 2531 illis
372 2494 636 2543 excogitandi,
668 2493 701 2528 8(
720 2494 926 2545 disciplina
955 2494 1167 2532 intellectus
1197 2495 1319 2546 reple-

211 2576 237 2595 „
267 2549 320 2583 vit
349 2545 458 2583 illos.
487 2546 639 2582 creavit
669 2545 745 2583 iilis
774 2548 969 2583 scientiam
999 2549 1178 2597 spiritns,
1209 2562 1318 2586 sensu

209 2629 236 2648 „
265 2596 440 2650 implevit
467 2611 533 2635 cor
562 2597 716 2635 illorum
735 2628 745 2646 ,
784 2598 818 2634 &
849 2599 975 2647 mala,
1006 2599 1039 2635 ἃ
1065 2600 1170 2639 'bona
1195 2610 1318 2640 osten-

212 2681 237 2700 „
266 2652 319 2688 dit
348 2651 424 2689 illis
445 2654 469 2673 ‘⁶
493 2676 504 2688 .

265 2703 328 2753 78.
358 2704 398 2741 S.
428 2713 555 2741 autem
588 2703 816 2753 Augustinus
858 2712 999 2743 tantam
1048 2707 1163 2745 fuisse
1190 2715 1317 2745 censet

213 2755 350 2794 Adami
382 2757 589 2795 innocentis
618 2757 812 2794 scientiam
829 2786 839 2804 ,
872 2767 909 2794 nt
930 2767 1093 2806 asserat,
1118 2760 1316 2797 *neminem

213 2807 510 2847 Christianorum
540 2809 713 2847 dubitare
742 2822 874 2861 posse:
897 2839 922 2857 „
944 2811 1018 2847 Eos
1039 2841 1050 2859 ,
1080 2813 1146 2861 qui
1173 2813 1215 2848 in
1247 2811 1317 2850 hoc

214 2888 239 2908 „
269 2861 407 2897 saeculo
429 2889 482 2901 ....
505 2863 793 2914 ingeniosissimi
835 2871 1019 2914 apparent
1119 2864 1149 2900 si
1181 2863 1319 2902 Adami

217 2941 243 2960 „
274 2912 424 2962 ingenio
464 2925 755 2966 comparentur,
797 2915 935 2952 distare
975 2914 1080 2966 longe
1121 2916 1314 2967 amplius,

216 2993 241 3012 Η
271 2978 386 3014 qnam
415 2967 603 3004 celeritate
632 2985 652 3005 a
683 2967 903 3006 volucribus
931 2969 1133 3005 testudines
1162 2969 1313 3007 distant:

215 3044 243 3066 ‚‚
271 3025 382 3066 atque
411 3018 567 3069 ingeniis
597 3029 672 3059 tam
702 3020 975 3060 excellentibus
991 3020 1160 3060 paradisi
1187 3021 1315 3061 felici-

225 578 251 597 75

224 630 250 650 2>

224 682 250 702 95

224 735 252 755 5²

223 788 250 807 5>

260 3199 304 3231 (a)
331 3194 654 3238 Conc=1pt<0enzia1n
672 3200 704 3232 in
725 3200 860 3234 Adamo
885 3203 1064 3236 innocente
1087 3202 1237 3236 inveniri
1254 3214 1320 3236 non

215 3241 370 3284 potuisse
387 3263 395 3279 2
440 3253 495 3283 ων,
515 3242 561 3272 in*
588 3245 737 3279 ostendit
759 3248 796 3278 S.
822 3249 911 3290 Aug.
940 3258 1059 3282 contra
1090 3249 1286 3293 Pelagianos
1307 3272 1316 3280 .

215 3286 281 3318 Lib
324 3288 361 3317 II.
394 3285 445 3318 De
472 3296 600 3329 peccat.
638 3302 718 3321 mer.
747 3294 787 3323 ξφ
814 3298 949 3324 remiss.
991 3304 1020 3327 'c-
1051 3305 1103 3327 22.
1131 3293 1169 3327 de
1197 3295 1317 3339 primis

215 3331 420 3376 parentibus
445 3333 589 3378 loquens
605 3353 616 3372 ,
653 3334 835 3377 Quamvis,
861 3338 998 3381 inquit,
1029 3353 1150 3384 corpus
1175 3343 1318 3375 annnale

805 145 1204 191 DISSERTATIO
1239 148 1316 191 ΙΙΙ.
1369 143 1535 189 SECT.
1568 144 1602 186 I.
1635 143 1763 188 CAP.
1794 147 1873 189 III.

1394 254 1419 272 ,‚
1449 233 1561 261 tatem
1593 223 1828 274 implendam
1864 224 1968 270 sore,
2011 223 2044 261 si
2075 235 2184 261 nemo
2230 232 2416 276 peccasset
2433 228 2496 266 “-

1393 276 1481 315 Lib.
1501 275 1550 314 V.
1584 275 1702 325 Oper.
1733 274 1891 325 imperf.
1920 284 2024 314 cont.
2053 276 2129 314 sul.
2159 279 2273 328 capit.
2311 291 2342 315 ι.

1449 342 1512 381 79.
1544 328 1715 379 Magistri
1739 329 1802 365 sui
1831 329 2037 366 doctr-inam
2064 339 2215 367 secutus
2239 331 2436 382 Angelicus
2464 331 2498 369 I-

1394 382 1436 421 P.
1465 398 1503 435 q.
1534 382 1598 433 94.
1636 383 1742 418 artic.
1773 380 1810 418 5.
1839 381 2019 428 ostendit,
2064 384 2102 420 in
2133 383 2277 420 Adamo
2316 385 2430 422 vfuisse
2458 397 2497 421 0-

1397 437 1544 473 mnium
1574 448 1705 472 earnm
1735 446 1863 470 rerum
1888 435 2088 472 scientiam
2106 463 2116 481 ,
2155 449 2247 486 quas
2276 436 2497 474 naturaliter

1395 488 1564 526 homines
1612 499 1831 539 cognoscere
1862 496 2041 537 possunt3
2080 501 2215 524 >ea-rum
2247 501 2361 536 vero,
2405 503 2495 541 qnae

1396 542 1607 579 naturalem
1643 540 1897 591 cognitionem
1937 540 2151 586 excedunt,
2199 548 2339 578 tanta-m
2369 555 2390 579 a
2419 542 2499 579 Deo

1397 596 1584 646 accepisse
1613 594 1864 644 cognitionem
1882 621 1892 639 ,
1935 599 2077 643 quanta
2106 600 2182 629 erat
2211 594 2418 630 necessaria
2450 595 2497 632 ad

1397 648 1711 698 gubernationem
1741 647 1829 685 vitae
1861 645 2038 682 humanae
2055 645 2265 682 secundum
2294 653 2431 683 statum
2447 645 2494 683 il-

1400 700 1509 737 lum.
1554 700 1633 738 Art.
1664 708 1790 737 antem
1821 698 1859 744 4.
1887 699 2069 744 ostendit,
2114 697 2328 745 Adamum,
2366 711 2502 749 quam-

1398 754 1464 791 din
1494 754 1531 790 in
1561 761 1652 789 statu
1683 751 1835 803 justitiae
1863 749 2059 801 originalis
2086 749 2374 800 perseverabat,
2400 749 2503 788 nulli.

1398 806 1511 842 fuisse
1540 806 1753 856 deceptioni
1795 805 2028 842 obnoxium.
2072 802 2162 840 vid.
2206 804 2324 840 ‘etia-m
2366 811 2502 856 quaest.

1398 858 1542 896 XVIII.
1571 857 1619 895 cle
1648 862 1753 895 reris.
1783 866 1853 897 art.
1888 857 1955 904 6.,
2001 856 2066 893 ubi
2109 855 2300 908 explicat,
2343 868 2501 908 quomo-

1397 911 1444 947 do
1473 919 1748 961 protoparentes
1789 912 1906 949 nostri
1951 910 2221 961 peccaverint,
2268 922 2313 946 ac
2342 910 2502 960 proi-nde

1397 975 1472 1013 quo
1502 976 1610 999 sensu
1639 964 1786 1016 decepti
1816 964 1978 1001 fuerint.
2022 962 2192 1000 Ostendit
2236 963 2392 1013 insuper
2421 963 2500 1000 An-

1395 1014 1538 1064 gelicus
1567 1014 1671 1053 laud.
1700 1016 1851 1068 qiu-94.
1872 1017 1904 1054 Ἰ.
1934 1016 1974 1054 Ρ.
2005 1024 2073 1052 art.
2103 1029 2164 1063 1.,
2196 1016 2318 1053 Adam
2348 1016 2505 1067 quidem

1396 1080 1471 1103 non
1500 1067 1637 1104 vidisse
1657 1068 1785 1106 Deum
1812 1081 1883 1119 per
1908 1072 2149 1116 essentiam,
2178 1075 2268 1106 tu=nc
2298 1069 2398 1106 enim
2417 1083 2505 1121 pec-

1398 1132 1484 1156 care
1513 1132 1588 1156 non
1616 1123 1821 1169 potuisset3
1859 1123 2032 1159 eumdem
2058 1130 2187 1159 'tamen
2215 1121 2342 1159 Deum
2371 1135 2506 1173 cogno-

1400 1172 1496 1209 visse
1525 1172 1704 1221 quadam
1734 1174 1862 1211 altiori
1884 1178 2129 1225 cognitione,
2159 1188 2281 1225 quam
2311 1188 2384 1212 nos
2399 1188 2513 1222 nuno

1400 1236 1716 1275 cognoscamus,
1747 1225 1902 1276 ejusque
1931 1228 2184 1276 cognitionem
2214 1228 2287 1265 Dei
2316 1228 2506 1279 quodam-

1399 1276 1518 1314 modo
1547 1277 1728 1315 mediam
1751 1276 1884 1329 fuisse
1913 1281 2013 1315 inter
2038 1282 2302 1329 cognitionem
2331 1295 2505 1330 proesen-

1400 1333 1449 1367 tis
1477 1339 1627 1379 status,
1672 1330 1725 1371 (9⁴
1763 1333 2028 1382 cognitionem
2068 1334 2212 1381 pzztriae
2230 1360 2242 1378 ,
2262 1365 2264 1367 .
2288 1346 2366 1381 qua
2396 1334 2506 1372 Deus

1397 1396 1466 1434 per
1492 1388 1713 1422 essentiam
1741 1383 1889 1423 vitietur
1905 1409 1915 1422 .
1945 1383 2071 1421 Etiam
2105 1396 2140 1421 2.
2159 1397 2193 1420 2.
2224 1393 2359 1434 quaest.
2376 1386 2411 1422 5.
2431 1396 2503 1425 art.

1404 1450 1437 1474 1.
1455 1467 1464 1485 ,
1496 1437 1564 1474 ubi
1594 1437 1755 1489 probat,
1784 1438 1825 1474 in
1856 1437 2001 1475 Adamo
2030 1436 2145 1474 fuisse
2173 1435 2318 1484 fidem,
2349 1450 2436 1474 eum
2452 1446 2513 1486 ta·-

1397 1503 1486 1527 men
1516 1490 1635 1528 multa
1663 1491 1879 1541 cognovisse
1907 1488 2145 1540 manifeste,
2175 1501 2263 1540 quae
2290 1501 2397 1527 nunc
2425 1503 2506 1529 non.

1395 1555 1603 1592 possumus
1631 1555 1866 1594 cognoscere
1890 1571 1900 1590 ,
1930 1545 2005 1578 nisi
2034 1541 2229 1579 credendo
2251 1568 2262 1579 .

1448 1594 1514 1632 80.
1543 1595 1740 1642 Quantum
1770 1603 1894 1633 autem
1927 1595 2084 1646 pertinet
2113 1595 2158 1632 ad
2175 1593 2405 1633 voluntatem
2425 1626 2435 1644 ,
2462 1610 2504 1634 o-

1393 1647 1526 1685 stendit
1557 1648 1758 1700 Angelicus
1787 1649 1826 1686 in
1856 1656 1926 1686 art.
1959 1661 1994 1686 2.
2023 1657 2157 1700 quaest.
2177 1649 2244 1699 95.
2275 1648 2305 1686 I.
2335 1647 2399 1697 Ρ.,
2429 1663 2503 1689 non

1394 1700 1488 1737 alias
1518 1702 1557 1737 in
1588 1700 1742 1740 homine
1773 1703 1967 1740 innocente
1997 1701 2110 1738 fuisse
2141 1702 2354 1752 passiones,
2384 1716 2503 1754 quam

1393 1767 1480 1805 quae
1512 1753 1717 1803 exjudicio
1746 1756 1899 1792 rationis
1914 1763 2216 1806 consequuntur.
2238 1754 2412 1802 „·Quia,
2443 1759 2504 1792 iiz—

1451 1810 1529 1857 qnit
1560 1807 1600 1844 S.
1631 1806 1802 1854 Doctor,
1832 1808 1872 1844 in
1903 1808 2027 1857 primo
2053 1816 2151 1844 statu
2182 1806 2333 1844 nullum
2355 1806 2502 1853 malum

1394 1887 1421 1906 „
1451 1859 1606 1908 aderat,
1635 1873 1705 1897 nec
1736 1859 1988 1907 imminebat,
2019 1872 2087 1897 nec
2117 1859 2270 1911 aliquod
2299 1860 2440 1898 bonum
2461 1875 2501 1898 a-

1393 1939 1419 1958 „
1450 1911 1554 1950 berat
1572 1943 1582 1961 ,
1619 1912 1720 1965 quod
1749 1921 1901 1965 caperet
1927 1912 2030 1950 bona
2059 1911 2232 1951 voluntas
2260 1926 2331 1964 pro
2359 1921 2510 1967 tempo-,-

1393 1993 1419 2012 „
1449 1979 1490 2002 re
1533 1965 1600 2002 illo
1643 1965 1883 2014 habendum,
1925 1975 1965 2003 ut
2007 1973 2105 2016 patet
2148 1979 2216 2017 per
2246 1966 2521 2017 Augustinum‘

1393 2045 1419 2065 2,
1450 2018 1556 2056 XIV.
1588 2017 1636 2057 de
1668 2017 1776 2056 Civz‘t.
1806 2018 1885 2056 Dei·
1913 2033 1997 2069 cap.
2025 2031 2114 2065 io.,
2150 2032 2278 2056 omnes
2308 2019 2387 2057 illae
2419 2035 2501 2073 pas-

1392 2099 1419 2118 „
1449 2073 1598 2119 siones,
1637 2085 1724 2123 quae
1757 2073 1963 2124 respiciunt
1993 2069 2137 2107 malum
2156 2100 2166 2118 ,
2209 2072 2247 2109 in
2278 2073 2398 2110 Adam
2428 2087 2503 2112 non

1393 2151 1419 2171 „
1448 2134 1577 2173 erant,
1608 2133 1648 2161 ut
1679 2127 1818 2172 timor,
1849 2124 1882 2160 &
1902 2123 2032 2171 dolor,
2063 2123 2094 2159 8(
2127 2123 2363 2175 hujusmodi:
2393 2128 2500 2164 simi—

1393 2204 1419 2224 „
1449 2177 1534 2214 liter
1564 2191 1630 2214 nec
1660 2177 1739 2215 illae
1771 2179 1979 2230 passiones,
2009 2190 2096 2227 quae
2119 2179 2324 2228 respiciunt
2351 2178 2500 2217 bonum

1394 2257 1421 2277 >³
1451 2244 1525 2268 non
1556 2229 1728 2268 habitum
1747 2260 1756 2278 ,
1788 2230 1821 2266 8(
1850 2240 1940 2268 tunc
1971 2229 2211 2277 habendum,
2244 2239 2282 2267 ut
2313 2232 2500 2282 cupiditas

1393 2311 1419 2330 „
1450 2292 1610 2321 aestuans
1629 2310 1638 2321 .
1668 2284 1751 2321 111ae
1782 2297 1870 2323 vero
1900 2285 2113 2335 passiones,
2142 2297 2229 2335 quae
2260 2293 2410 2335 possunt
2440 2298 2499 2322 es-

1391 2363 1418 2382 „
1448 2351 1485 2374 se
1514 2336 1604 2374 boni
1635 2338 1857 2388 praesentis,
1902 2346 1940 2374 ut
1969 2337 2150 2387 gaudium
2169 2367 2178 2384 ,
2208 2336 2241 2372 8<
2267 2351 2405 2386 «amor,
2435 2336 2498 2376 vel

1391 2415 1417 2435 ,,
1445 2403 1533 2442 quae
1563 2398 1650 2428 sunt
1679 2391 1797 2428 futuri
1825 2390 1916 2428 boni
1945 2390 1985 2427 in
2012 2402 2080 2426 suo
2108 2398 2276 2440 tempore
2306 2389 2497 2439 habendi,

1390 2469 1415 2489 ,,
1446 2452 1486 2480 nt
1515 2443 1742 2480 desiderium
1762 2473 1772 2491 ,
1815 2443 1849 2479 ἃ
1879 2456 1961 2494 spes
1989 2455 2063 2480 non
2098 2442 2272 2492 affligens
2291 2472 2301 2490 ,
2344 2444 2498 2481 fuerunt

1389 2521 1416 2540 ,,
1445 2497 1485 2532 in
1516 2503 1609 2532 statu
1640 2496 1889 2541 innocenti-333
1935 2494 2046 2533 aliter
2090 2503 2247 2543 tamen,
2288 2509 2404 2548 quam
2456 2497 2496 2534 in

1388 2573 1414 2593 9,
1440 2548 1579 2584 nobis.
1622 2547 1722 2585 Nam
1752 2550 1791 2586 in
1821 2547 1927 2586 nobis
1974 2547 2161 2600 appetitus
2202 2549 2411 2596 sensualis,
2455 2550 2497 2588 in

1388 2626 1414 2646 ,,
1444 2614 1519 2652 quo
1548 2609 1630 2638 sunt
1660 2603 1877 2651 passiones,
1907 2615 1977 2638 non
2006 2600 2165 2638 totaliter
2184 2601 2309 2638 subest
2331 2603 2494 2646 rationi3

1387 2679 1414 2698 2,
1444 2654 1541 2692 unde
1572 2654 1759 2704 passiones
1787 2653 2014 2704 quandoque
2041 2653 2186 2689 suntin
2209 2652 2315 2690 nobis
2345 2665 2492 2703 praeve-

1386 2732 1413 2752 :a
1438 2708 1585 2744 'nientes
1605 2706 1792 2757 judici-um
1811 2705 1961 2742 rationis
1977 2734 1988 2752 ,
2018 2703 2051 2739 ἃ
2068 2704 2314 2754 impedientes
2331 2733 2341 2751 ,
2371 2718 2493 2756 quan-

1386 2784 1413 2803 „
1442 2759 1565 2810 doque
1603 2772 1690 2799 vero
1733 2771 1776 2795 ex
1818 2757 1964 2808 judicio
2005 2757 2157 2794 rationis
2199 2767 2491 2808 consequentes,

1388 2837 1413 2855 a>
1442 2821 1554 2861 prout
1583 2810 1767 2850 sensualis
1796 2810 1982 2862 appetitus
2011 2808 2226 2861 aliqualiter
2247 2811 2382 2848 rationi
2401 2811 2492 2849 obe-

1387 2889 1413 2909 „
1442 2864 1519 2902 dit.
1550 2866 1591 2901 In
1620 2872 1714 2902 statu
1744 2876 1831 2901 vero
1861 2864 2087 2900 innocentiae
2118 2863 2275 2900 inferior
2303 2865 2491 2915 appetitus

1387 2942 1411 2963 „
1443 2926 1519 2954 erat
1548 2917 1683 2954 rationi
1712 2915 1872 2953 totaliter
1901 2915 2116 2966 subjectus:
2154 2915 2251 2952 unde
2280 2929 2353 2954 non
2383 2926 2490 2955 erant

1383 2995 1408 3015 ,,
1440 2969 1477 3006 in
1506 2982 1548 3007 eo
1577 2969 1765 3019 passiones
1793 2969 1933 3006 animae
1952 2998 1962 3017 ,
1991 2969 2064 3007 nisi
2088 2981 2132 3007 ex
2160 2967 2306 3021 judicio
2336 2971 2493 3010 rationis

1385 3050 1411 3068 ,,
1440 3030 1705 3073 consequentes
1735 3021 1798 3071 (ez)
1816 3047 1826 3060 .

1395 1835 1420 1853 22

2366 3078 2437 3118 81.

1390 3210 1590 3248 gestarent,
1612 3201 1706 3236 ‘nih-ii
1729 3202 1930 3238 ‘inobediens
1956 3209 1989 3239 in
2016 3207 2079 3240 illo
2102 3207 2280 3241 adversum
2304 3218 2342 3240 se
2365 3203 2489 3237 moveri

1389 3251 1599 3283 sentiebant·
1628 3249 1787 3283 Faciebat
1807 3255 1926 3295 qnippe
1951 3253 2014 3285 hoc
2034 3256 2116 3286 ordo
2135 3255 2304 3300 justitiae,
2327 3260 2386 3290 ut,
2409 3253 2488 3293 quia

1385 3302 1495 3329 eorum
1520 3299 1631 3328 <mima
1657 3296 1825 3338 famulum
1861 3310 1982 3341 corpas
2007 3312 2028 3332 ιι
2055 3298 2128 3333 Deo
2154 3305 2353 3342 acceperut,
2393 3299 2486 3328 sicut

1385 3346 1462 3386 ipsa
1501 3343 1612 3376 eidem
1637 3341 1783 3377 Domino
1810 3357 1893 3386 sizo,
1933 3349 1984 3381 ita
2009 3350 2050 3380 (Ὺ
2075 3349 2278 3390 ι’ἰΙὶ,ι·ονμιιε
2312 3343 2386 3389 ejus
2409 3343 2490 3376 obe-
