2583 3685
281 198 308 238 8
954 184 1355 231 DISSERTATIO
1389 179 1421 226 Ι.
1475 179 1603 225 CAP.
1635 178 1712 226 ΙΙΙ.

219 283 294 312 tem
318 272 448 325 Angeli
475 268 667 309 connubia
694 280 782 305 cum
812 265 1039 305 mulieribus
1068 267 1164 304 inire
1193 274 1322 317 potue-

219 336 333 373 runt,
364 323 583 375 corporibus
613 334 672 358 eos
701 329 866 357 constare
895 329 1062 372 oportet.

273 380 337 423 4'2.
371 377 478 427 Resp.
509 389 596 413 cum
626 374 765 411 Sancto
794 374 1005 424 Augustino
1035 374 1072 410 in
1093 371 1210 410 Libro
1231 370 1321 409 XV.

218 431 265 468 (le
294 434 394 467 civit.
410 429 487 466 Dei
515 429 629 478 capit.
648 427 711 465 25.
729 457 739 474 ,
768 441 882 478 quem
901 426 1028 463 laudat
1045 426 1202 463 Sanctus
1219 424 1322 461 Tho-

216 497 297 521 mas
326 484 355 520 I.
387 482 425 520 P.
455 490 589 532 quaest.
623 480 686 517 51.
715 482 822 518 artic.
854 480 891 517 5.
922 479 968 516 ad
997 478 1062 525 6.,
1093 478 1246 515 nomine
1263 476 1322 530 fi-

215 536 356 573 lior-um
375 535 450 573 Det
479 546 552 571 non
581 534 710 571 venire
741 532 900 584 Angelos
918 562 928 580 ,
958 533 1020 569 sed
1052 540 1212 583 posteros
1232 530 1322 567 Seth

215 604 237 627 a
266 590 346 627 Deo
373 588 548 625 dilectos:
595 587 705 626 sicuti
734 598 803 637 per
833 585 950 637 filias
981 583 1185 621 hominum
1227 583 1323 621 desi-

212 652 375 693 gnantur
407 642 556 678 seminae
588 653 631 676 ex
664 639 813 677 familia
834 638 946 689 impii
965 639 1087 675 Cain.
1118 636 1165 673 Et
1196 637 1320 686 primo

213 696 386 732 observat
415 693 454 731 S.
472 693 578 731 Pater
596 723 606 741 ,
636 695 764 730 nonin
783 692 963 729 omnibus
979 689 1174 728 codicibus
1190 688 1318 727 LXX.

212 747 461 798 interpretum
492 746 567 797 legi
598 746 798 797 Angelos,
830 745 891 782 sed
922 745 960 780 in
991 742 1185 794 aliquibus
1215 741 1316 792 legi,

210 802 306 838 sicut
337 802 373 838 in
405 809 529 838 nostra
559 798 723 849 Vulgata
739 798 852 851 filios
881 796 990 840 Det]
1028 797 1104 832 imo
1134 795 1318 846 Aquilam

208 853 400 891 celebrem
431 853 531 905 apud
559 852 709 890 Judaeos
741 855 983 902 interpretem
1020 849 1173 887 vertisse
1202 845 1318 885 Filios

208 906 416 945 Deorum.
465 906 642 944 Secundo
678 905 825 943 etiamsi
868 904 1074 942 retineatur
1111 899 1180 938 illa
1208 900 1319 939 lectio

209 960 381 1012 Angeli,
411 959 510 997 nihil
539 959 716 1007 obstare,
747 957 949 1010 quominus
979 955 1049 993 hoc
1079 955 1231 991 nomine
1261 957 1319 992 in-

208 1012 426 1064 telligantur
455 1012 650 1060 homines,
680 1012 823 1064 quibus
853 1011 891 1048 in
920 1010 1036 1047 sacris
1064 1007 1195 1045 litteris
1224 1021 1318 1045 non-

207 1079 402 1118 nunquam
435 1065 671 1117 Angelorum
701 1078 839 1103 nomen
868 1063 1071 1101 tribuitur.
1102 1061 1233 1099 Tertio
1251 1061 1318 1099 be-

206 1133 252 1156 ne
297 1120 438 1158 notavit
469 1120 619 1166 Estius,
666 1117 769 1157 hunc
798 1117 925 1155 locum
972 1128 1092 1167 neque
1121 1115 1166 1152 de
1209 1114 1316 1152 bonis

207 1172 363 1223 Angelis
394 1173 554 1223 intelligi
586 1185 716 1224 posse,
761 1185 882 1223 neque
911 1170 956 1207 de
987 1168 1123 1214 malis;
1166 1181 1241 1223 non
1271 1168 1316 1204 de

205 1226 346 1274 malis,
394 1228 486 1278 quia
517 1225 554 1262 hi
586 1224 671 1262 Filii
700 1223 777 1262 Dei
807 1237 879 1261 non
911 1232 1116 1269 vocantur,
1165 1234 1240 1258 non
1270 1221 1316 1258 de

205 1277 340 1327 bouis,
390 1289 468 1316 tum
498 1280 590 1332 quia
618 1278 664 1315 de
695 1277 751 1316 his
788 1278 932 1314 dictum
963 1285 1038 1311 est:
1086 1286 1213 1324 neque
1243 1287 1315 1309 nu-

204 1330 320 1380 berit,
369 1345 494 1382 neque
524 1330 718 1369 nubentur
746 1329 883 1368 Mattli.
914 1328 1042 1365 XXII.
1091 1336 1170 1363 tum
1201 1327 1314 1362 etiam

204 1386 296 1436 (suia
326 1384 409 1423 haec
438 1384 615 1436 conjugia
645 1383 789 1421 ibidem
819 1380 1033 1432 improbata
1053 1379 1250 1425 videntur,
1282 1377 1315 1412 8<

199 1437 244 1475 S.
277 1438 505 1490 Augustinus
535 1437 608 1474 loc.
650 1436 753 1472 laud.
785 1433 957 1486 Angelos
998 1440 1187 1479 sanctos,
1235 1432 1314 1478 ait,

202 1490 308 1528 nullo
338 1490 454 1527 modo
482 1491 546 1528 illo
575 1497 751 1540 tempore
779 1491 836 1526 sic
872 1485 951 1524 labe·
979 1489 1148 1537 potuisse
1190 1483 1314 1521 creda·-

203 1542 329 1580 derim
361 1545 424 1595 (a)
443 1569 452 1582 .

255 1597 321 1642 43.
352 1598 514 1636 Librum
545 1606 672 1635 autem
702 1594 860 1634 Henoch
892 1602 931 1630 ut
960 1590 1235 1644 apocriphum,
1279 1589 1313 1626 8c

200 1649 420 1688 fabulosum
451 1651 595 1689 ibidem
627 1649 751 1698 rejicit
780 1647 1090 1697 S.Augustinus,
1121 1644 1311 1682 liceteum

199 1705 394 1754 scripsisse
422 1703 615 1740 nonnulla
645 1701 777 1739 divina.
796 1712 948 1751 negare
977 1712 1058 1735 non
1079 1710 1284 1750 possumus
1301 1726 1311 1745 ,

199 1769 293 1791 cum
323 1755 393 1793 lzoc
424 1759 464 1792 in
495 1755 679 1806 Epistola
712 1754 922 1792 Canonicu.
950 1751 1075 1789 ludas
1105 1751 1312 1800 Apostolus

200 1808 329 1846 (licat.
360 1809 582 1847 Genuinum
615 1820 704 1846 vero
732 1807 876 1845 librum
908 1804 1066 1842 Heuocli
1096 1813 1159 1841 aut
1187 1804 1312 1840 omni-

199 1875 249 1898 no
279 1864 485 1910 interiisse,
534 1870 597 1900 aut
628 1862 742 1899 fuisse
771 1858 1069 1911 interpolatum,
1117 1866 1312 1909 comperta

199 1928 258 1953 res
287 1920 338 1953 e'st
365 1916 552 1962 eruditis3
583 1915 680 1952 uude
708 1927 796 1952 eum
815 1944 825 1962 ,
855 1913 922 1964 qni
953 1925 1050 1949 nunc
1066 1919 1187 1959 extat,
1216 1924 1310 1949 nun-

197 1982 314 2020 quam
344 1968 519 2007 Ecclesia
547 1970 586 2006 in
613 1968 894 2006 Canonicorum
918 1965 1121 2004 Librorum
1152 1978 1310 2002 censum

197 2021 351 2060 retulit.
401 2021 491 2061 Vid.
521 2022 608 2060 Nat.
640 2021 853 2059 Alexander
882 2018 930 2056 de
958 2018 991 2056 I.
1022 2017 1158 2056 mundi
1187 2027 1310 2056 celate

197 2074 355 2114 Dissert.
384 2075 434 2114 V.
466 2089 573 2127 prop.
605 2088 669 2124 2.,
709 2074 742 2110 8t
771 2073 813 2112 P.
844 2074 1002 2126 August.
1029 2071 1178 2110 Calmet
1207 2072 1310 2110 Diss-

196 2128 244 2166 εἰσ
274 2127 359 2166 Lib.
389 2128 597 2168 Heu-oeli-

250 2181 316 2227 44.
348 2181 507 2235 Aliquos
547 2192 692 2221 sanc-tos
720 2181 847 2220 Patres
890 2180 1090 2220 laudatum
1121 2180 1310 2218 Geneseos

194 2233 323 2272 Iocum
353 2236 399 2272 de
430 2235 584 2288 Angelis
613 2235 839 2274 intellexisse
857 2265 867 2283 ,
897 2236 1026 2286 negari
1057 2235 1217 2286 nequit3
1247 2234 1310 2271 sed

196 2287 282 2325 illos
311 2289 484 2337 deceptos
527 2289 641 2327 fuisse
684 2288 886 2341 probabile
916 2296 995 2336 est,
1039 2297 1120 2326 tum
1152 2300 1195 2324 ex
1227 2301 1309 2325 ver-

195 2342 298 2379 sione
314 2341 438 2380 LXX.
469 2343 604 2390 vitali,
633 2356 709 2395 qua
725 2341 952 2394 plerumque
969 2341 1198 2388 utebantur,
1229 2350 1309 2378 tum

195 2395 311 2431 etiam
341 2408 385 2432 ex
414 2395 532 2433 Libro
561 2394 719 2434 Henocli
738 2424 748 2444 ,
791 2409 907 2447 quem
938 2394 1111 2432 nonnulli
1140 2406 1210 2445 pro
1237 2394 1309 2432 Ca—

196 2449 335 2486 nonico
363 2447 604 2496 habuerunt3
650 2458 732 2487 tum
770 2450 883 2486 etiam
914 2461 958 2485 ex
1001 2448 1181 2500 opinione
1224 2448 1309 2484 satis

196 2500 418 2553 pervulgata
433 2532 443 2551 ,
472 2502 573 2554 quod
591 2502 727 2553 Angeli
749 2511 868 2540 essent
887 2502 963 2540 suis
983 2500 1205 2552 corporibus
1234 2501 1308 2538 cir-

196 2556 413 2597 cumvestiti
432 2582 441 2593 .
472 2556 660 2603 Quamvis
690 2569 850 2607 magnus
871 2554 1103 2605 Augustinus
1119 2584 1129 2601 ,
1161 2562 1242 2591 utut
1262 2554 1308 2591 de

195 2608 420 2659 corporibus
436 2607 671 2659 Angelorum
692 2622 850 2660 anceps,
881 2607 1084 2644 absurdam
1106 2616 1229 2643 tamen
1250 2607 1308 2644 vi-

194 2660 249 2697 dit
278 2675 352 2698 esse
382 2673 514 2698 eorum
549 2662 766 2712 opinionem
784 2691 795 2709 ,
837 2661 908 2713 qui
936 2660 1089 2697 laudata
1118 2660 1307 2697 Geneseos

195 2712 313 2750 verba
341 2714 386 2750 de
413 2714 683 2752 commixtione
706 2713 937 2765 Angelorum
965 2727 1054 2750 cum
1077 2711 1308 2750 mulieribus

196 2764 484 2815 intelligebant.
514 2768 617 2804 Idem
647 2776 768 2804 censet
789 2765 828 2803 S.
849 2765 1020 2818 Cyrillus
1035 2765 1124 2802 Lib.
1146 2765 1176 2801 I.
1209 2763 1308 2801 Gla·

196 2818 393 2870 pharorum
412 2845 422 2855 .
465 2819 546 2856 Imo
573 2820 613 2857 S.
642 2818 866 2858 Pliilastrius
896 2818 1102 2855 Brixieusis
1132 2816 1180 2854 de
1210 2816 1309 2853 Hae-

197 2869 346 2908 resibus
376 2886 461 2923 cap.
483 2872 547 2922 49.
575 2873 749 2912 eamdem
778 2873 1023 2925 opinionem,
1053 2869 1216 2920 Angelos
1236 2870 1308 2908 sci-

198 2924 287 2962 licet
317 2929 522 2962 miscuisse
551 2937 592 2961 se
620 2937 710 2962 curn
741 2925 916 2977 feminis
957 2933 1053 2962 ante
1096 2922 1307 2971 diluvium,

198 2978 249 3019 (θ’
278 2977 370 3016 inde
400 2991 485 3015 esse
513 2986 630 3014 natos
656 2983 870 3030 gigantes,
917 2979 958 3017 in
988 2976 1200 3016 liaeresibus
1235 2989 1306 3014 nu-

198 3045 347 3070 merare
376 3045 451 3070 non
479 3030 695 3070 dubitavit.

252 3183 301 3218 (a)
327 3177 405 3211 Non
433 3177 583 3218 desunt,
607 3177 667 3222 qni
688 3177 802 3212 Filios
818 3177 886 3211 Dei
909 3177 1105 3223 intelligant
1120 3177 1227 3221 filios
1245 3188 1314 3210 ma-

201 3235 360 3270 gnatum,
399 3225 553 3268 &filios
580 3224 772 3265 hominum,
799 3224 907 3267 filios
942 3227 1172 3271 plebejorum.
1215 3221 1314 3256 Philo

199 3271 343 3306 Judaeus
372 3273 405 3305 in
433 3272 510 3305 Lib.
532 3272 579 3304 -de
609 3272 819 3315 Gigantibus
847 3278 958 3302 totum
983 3271 1075 3304 hunc
1101 3271 1216 3304 locum
1243 3270 1312 3301 Ge·-

200 3331 272 3351 nes.
299 3319 483 3363 allegorice
504 3318 662 3362 explicat
687 3316 727 3349 (le
755 3316 895 3360 Angelis
922 3316 1022 3349 malis
1038 3338 1048 3356 ,
1071 3317 1131 3361 qui
1159 3315 1310 3349 hornini-

185 3364 264 3406 ⁵bus
291 3377 364 3398 sese
389 3365 562 3402 miscent,
598 3361 784 3396 excitando
810 3364 844 3395 in
869 3362 918 3394 eis
945 3363 1083 3402 varias,
1128 3366 1160 3394 &
1183 3372 1308 3406 pravas

201 3410 409 3455 cupiditates
424 3433 433 3441 .
461 3409 542 3444 vid.
559 3410 641 3443 Nat.
661 3407 860 3444 Alexander
876 3409 918 3442 Τ.
939 3411 964 3442 l.
990 3408 1087 3443 Hist·
1108 3409 1186 3442 Vet.
1210 3408 1305 3441 Test.

1442 261 1508 307 45.
1538 260 1656 299 Nulla
1684 272 1774 298 vero
1800 267 1853 298 est
1881 258 2083 299 difficultas
2101 258 2147 298 de
2166 256 2381 313 gigantibus
2408 256 2500 300 inde

1390 316 1608 368 prognatis3
1652 312 1738 352 illos
1765 314 1868 351 enim
1898 314 2012 352 fuisse
2040 315 2154 351 etiam
2197 324 2282 351 ante
2312 313 2380 352 illa
2406 326 2497 352 con-³

1390 368 1537 416 nubia,
1579 367 1667 406 satis
1696 365 1947 418 probabiliter
1986 380 2032 405 ex
2060 375 2163 405 textu
2205 365 2360 405 hehraeo
2388 366 2497 406 colli-

1390 423 1513 472 gitur,
1542 422 1609 472 qui
1639 421 1692 458 sic
1722 418 1856 457 habet:
1894 419 2016 457 Porro
2043 428 2162 458 erant
2191 422 2232 457 in
2262 419 2393 458 diebus
2422 420 2496 458 illis

1390 478 1431 512 in
1460 483 1569 512 terra.
1593 472 1808 525 Gigantes,
1837 476 1902 524 qui
1931 475 2055 511 etiam
2082 481 2166 522 post
2182 470 2376 523 fuerunt,
2405 487 2497 525 quo-

1389 531 1503 565 niam
1521 527 1606 579 filii
1634 526 1712 565 Dei
1740 538 1832 563 cum
1861 524 2029 577 filiabus
2058 525 2264 564 homi-num
2292 529 2496 578 congressi

1389 590 1482 618 sunt
1510 584 1530 643 <
1556 582 1607 618 ita
1634 580 1745 620 vertit
1773 578 1815 618 P.
1835 579 1922 616 Car.
1944 577 2162 630 Houbigant
2182 579 2197 627 )
2216 604 2227 616 .
2255 577 2342 616 Non
2370 581 2500 630 itaque

1388 633 1472 672 haec
1501 634 1710 685 Gigantum
1740 632 1949 686 procreatio
1977 644 2022 668 ex
2059 631 2365 683 praeternaturali
2392 646 2498 670 com-

1388 688 1531 726 mercio
1561 687 1791 739 Angelorum
1820 699 1910 724 cum
1929 683 2087 722 filiabus
2107 684 2307 736 repetenda
2327 694 2404 734 est,
2435 684 2500 724 sed

1387 753 1433 777 ex
1462 740 1698 778 naturalibus
1727 740 1874 787 causis,
1917 737 2058 790 quibus
2087 736 2190 775 haud
2220 750 2305 774 raro
2335 737 2407 786 fit,
2455 747 2498 777 ut

1388 792 1557 831 homines
1574 806 1740 845 procerae
1761 801 1911 831 staturae
1931 821 1941 840 ,
1972 791 2005 827 St
2027 792 2191 830 fortioris
2218 789 2499 843 complexionis

1388 855 1586 884 nascantur
1617 845 1672 897 (b)
1690 872 1702 884 .

1441 898 1507 944 46.
1537 899 1727 937 Postrema
1755 898 1973 950 conjectura
2015 897 2279 950 appellationis
2307 896 2498 936 Eliorum

1386 951 1465 990 Det
1494 951 1588 990 levis
1616 954 1772 990 omnino
1800 961 1873 990 est:
1922 966 2009 989 nam
2040 952 2109 989 liae
2138 952 2185 989 de
2227 964 2341 991 causa
2383 952 2499 989 etiam

1386 1005 1526 1057 Angeli
1559 1005 1650 1044 mali
1692 1005 1871 1044 deberent
1912 1006 2039 1044 vocari
2069 1004 2156 1043 Filii
2186 1004 2293 1051 Dei,
2341 1017 2417 1058 quo
2444 1013 2500 1041 ta·-

1387 1073 1474 1096 men
1504 1061 1657 1098 nomine
1687 1072 1746 1097 eos
1775 1057 1964 1112 appellari
1993 1058 2208 1097 nullatenus
2237 1072 2370 1112 posse,
2417 1070 2499 1096 cre-

1384 1111 1549 1149 diderim
1571 1140 1582 1151 .

1439 1164 1505 1215 47.
1535 1166 1609 1204 Ob.
1652 1166 1815 1204 secundo
1857 1178 1902 1203 ex
1930 1164 1970 1203 S.
1999 1165 2152 1203 Litteris
2189 1179 2285 1211 ,cum
2315 1165 2500 1204 Loersio.

1385 1217 1498 1268 Apud
1528 1219 1674 1256 Lucam
1703 1232 1789 1269 cap.
1819 1218 1911 1255 XX.
1953 1219 2216 1269 quaerentibus
2244 1219 2499 1266 Sadducaeis,

1384 1271 1588 1321 cujusnam
1631 1271 1670 1307 in
1714 1272 1984 1306 resurrectione
2027 1273 2156 1309 futura
2199 1281 2290 1310 esset
2327 1271 2499 1319 mulier,

1384 1336 1471 1372 quae
1502 1331 1646 1374 septem
1676 1321 1822 1358 maritis
1865 1330 2062 1372 nupserat,
2106 1326 2297 1373 respondit
2325 1325 2430 1363 Jesus
2460 1338 2499 1362 v.

1385 1374 1450 1412 55.
1481 1373 1514 1410 St
1544 1389 1622 1426 seq.
1656 1374 1731 1425 Qui
1760 1373 1868 1426 digni
1897 1372 2138 1411 habebuntur
2158 1377 2420 1423 saeculoillo,
2448 1378 2498 1417 (θ’

1384 1432 1671 1466 resurrectione
1699 1441 1752 1465 ex
1792 1430 1986 1474 mortuis,
2033 1439 2161 1475 neque
2189 1427 2335 1466 nubent
2372 1442 2499 1480 neque

1383 1479 1527 1518 <tacent
1556 1494 1702 1518 uxores
1717 1495 1733 1524 ;
1779 1493 1906 1530 neque
1935 1483 2059 1516 etiam
2097 1480 2204 1518 ultra
2246 1485 2349 1519 mori
2389 1491 2496 1534 pote-

1381 1542 1503 1570 runt:
1533 1534 1709 1585 aequales
1738 1537 1847 1572 enim
1876 1533 2041 1585 Angelis
2069 1542 2188 1582 sunt,
2225 1534 2377 1588 &filii
2406 1547 2499 1573 sunt

1381 1586 1487 1635 Dei,
1517 1600 1608 1624 cum
1638 1590 1716 1625 sint
1733 1587 1817 1639 filii
1846 1589 2169 1626 resurrectionis.
2200 1588 2306 1625 idem
2335 1587 2498 1626 habetur

1382 1639 1520 1678 Matth.
1559 1640 1687 1678 XXII.
1718 1640 1782 1678 50.
1827 1639 1859 1675 8t
1891 1639 2016 1676 Marci
2045 1639 2135 1677 XII.
2168 1641 2231 1678 25.
2278 1640 2365 1679 Jam
2403 1655 2496 1681 vero

1382 1692 1467 1731 liaec
1496 1694 1707 1732 similitudo
1735 1707 1825 1730 cum
1856 1691 2038 1743 Angelis,
2081 1706 2170 1744 quae
2200 1692 2309 1744 justis
2338 1696 2497 1746 promit-

1382 1748 1472 1784 titur
1501 1748 1541 1786 in
1571 1747 1871 1793 resurrectione,
1901 1758 1971 1783 non
2003 1754 2119 1798 potest
2149 1761 2227 1785 esse
2257 1757 2427 1800 respectu
2456 1763 2496 1786 a-

1380 1801 1498 1837 nimae
1517 1831 1527 1849 ,
1571 1799 1681 1852 cujus
1711 1800 1912 1853 proprium
1942 1813 2017 1837 non
2047 1808 2099 1837 est
2128 1800 2300 1849 nubere,
2345 1802 2414 1839 sed·
2439 1815 2497 1840 ree

1379 1863 1507 1905 spectu
1538 1855 1724 1906 corporis,
1755 1854 1818 1891 cui
1847 1852 1916 1890 soli
1947 1854 2090 1904 nuptiae
2121 1863 2365 1906 competunt.
2395 1855 2496 1893 Hinc

1380 1906 1545 1945 efficitur
1561 1938 1571 1957 ,
1601 1907 1895 1946 similitudinem
1926 1919 1968 1943 eo
1984 1907 2134 1944 tendere
2151 1937 2162 1955 ,
2192 1917 2233 1945 ut
2248 1907 2419 1946 homines
2438 1921 2495 1946 ree

1378 1970 1528 1999 sumant
1556 1962 1712 2015 quidem
1743 1962 1781 1999 in
1811 1962 2081 1999 resurrectione
2109 1974 2271 2013 corpus,
2315 1961 2378 1999 sed
2408 1961 2498 2000 talis

1379 2024 1553 2063 naturae,
1585 2024 1623 2052 ut
1650 2016 1873 2067 nuptiarum
1903 2016 2064 2066 incapax
2093 2014 2165 2061 sit,
2196 2013 2311 2067 quale
2332 2023 2384 2052 est
2412 2028 2498 2053 cor·

1380 2082 1451 2120 pus
1480 2067 1740 2120 Angelorum3
1785 2070 1854 2120 qui
1883 2069 1914 2106 si
1943 2079 2100 2118 corpore
2138 2077 2258 2106 essent
2299 2068 2494 2116 destituti,

1379 2120 1486 2159 nulla
1515 2123 1684 2175 profecto
1713 2130 1804 2159 esset
1831 2119 2044 2159 similitudo
2064 2135 2153 2158 cum
2172 2120 2326 2174 Angelis
2347 2121 2494 2160 aChri-

1379 2183 1435 2213 sto
1464 2177 1503 2213 in
1533 2177 1806 2214 resurrectione
1833 2174 1944 2227 justis
1971 2175 2183 2227 promissa.

1433 2228 1500 2275 48.
1532 2229 1643 2283 Resp.
1673 2228 1965 2268 similitudinem
1994 2242 2084 2266 cum
2114 2227 2299 2281 Angelis,
2335 2242 2424 2282 quae
2454 2229 2496 2267 in

1379 2285 1652 2322 resurreetione
1681 2283 1791 2335 justis
1823 2282 2076 2334 promittitur,
2107 2283 2306 2334 praecipue
2326 2292 2496 2334 spectare

1380 2349 1511 2375 eorum
1543 2337 1869 2375 immortalitatem
1887 2367 1898 2385 ,
1928 2345 1968 2374 ut
1987 2336 2313 2388 quemadmodum
2332 2335 2492 2387 Angeli,

1378 2391 1471 2441 quia
1498 2390 1735 2429 immortales
1763 2398 1875 2437 sunt,
1905 2402 1980 2428 non
2009 2389 2177 2440 indigent
2205 2389 2350 2440 nuptiis
2367 2418 2377 2437 ,
2406 2389 2494 2441 qui-

1377 2441 1450 2480 bus
1478 2457 1609 2482 eorum
1638 2444 1779 2495 species
1808 2450 2076 2489 conservetur,
2106 2443 2158 2479 ita
2187 2441 2221 2477 δε
2250 2441 2341 2494 justi
2370 2454 2493 2494 neque

1377 2495 1550 2545 nubent,
1588 2511 1714 2549 neque
1741 2496 1934 2534 nubentur
1952 2526 1963 2544 ,
2006 2508 2132 2546 neque
2161 2496 2266 2532 ultra
2296 2498 2398 2533 mori
2425 2507 2492 2543 po-

1376 2557 1535 2598 terunt,
1564 2551 1742 2600 aequales
1773 2552 1883 2585 enim
1914 2548 2076 2600 Angelis
2105 2557 2220 2585 erunt
2239 2575 2249 2586 .

1429 2603 1494 2654 49.
1524 2603 1641 2640 Dices
1670 2603 1822 2655 prime.
1856 2600 1899 2638 Si
1929 2602 2114 2649 promissa
2141 2599 2250 2648 justis
2278 2598 2493 2637 similitudo

1375 2669 1465 2693 cum
1497 2655 1651 2705 Angelis
1679 2657 1719 2690 in
1749 2653 2020 2689 resurrectione
2060 2664 2136 2689 non
2167 2652 2367 2701 respiceret
2409 2666 2493 2690 cor-

1376 2721 1469 2759 pora
1490 2710 1658 2757 utrisque
1677 2704 1820 2743 similia
1836 2734 1847 2753 ,
1876 2703 1909 2740 St
1926 2704 2160 2742 immortalia
2178 2735 2187 2752 ,
2217 2704 2391 2743 Christus
2408 2705 2488 2743 Do·

1376 2761 1502 2797 minus
1531 2758 1630 2796 nihil
1662 2771 1812 2810 prorsus
1840 2757 1949 2809 justis
1979 2759 2238 2810 promisisset;
2273 2772 2359 2796 nam
2390 2760 2487 2810 ipso-

1375 2825 1463 2849 rum
1491 2812 1635 2850 animae
1666 2813 1779 2849 etiam
1809 2820 1893 2849 ante
1936 2813 2246 2849 resurrectionem
2285 2821 2388 2849 erant
2416 2812 2489 2849 im-

1376 2864 1579 2912 mortales,
1609 2879 1683 2903 non
1711 2866 1868 2912 minus,
1916 2878 2033 2917 quam
2063 2864 2221 2916 Angeli:
2263 2865 2373 2903 debet
2402 2878 2490 2916 ergo

1376 2917 1462 2956 haec
1491 2918 1702 2956 similitudo
1731 2917 1889 2970 intelligi
1919 2920 1966 2956 de
1993 2918 2242 2970 corporibus,
2287 2929 2326 2956 ut
2354 2932 2488 2969 quem-

1375 2971 1582 3009 admodum
1612 2984 1769 3023 corpora
1786 2971 2018 3023 Angelorum
2047 2980 2131 3009 sunt
2152 2970 2486 3023 incorruptibilia,

1376 3027 1429 3064 ita
1457 3025 1491 3062 8(
1520 3034 1643 3064 nostra
1674 3026 1801 3066 futura
1831 3026 1904 3064 sint
1932 3026 1972 3064 in
2000 3025 2301 3063 resurrectione.

2373 3079 2438 3116 50.

1381 3173 1422 3207 de
1448 3174 1561 3218 prima
1586 3171 1706 3207 mundi
1734 3182 1835 3206 aetate
1859 3172 2007 3205 Dissert.
2035 3171 2110 3205 Vll.
2137 3170 2177 3202 de
2206 3170 2303 3204 Filiis
2317 3171 2382 3204 Dei
2409 3179 2488 3220 cuin

1381 3221 1519 3254 filiabus
1545 3219 1725 3253 hominum
1753 3219 1977 3257 commixtis,
2003 3220 2034 3250 ἃ
2058 3217 2098 3250 (le
2114 3218 2325 3261 Gigantibus
2352 3217 2488 3249 antedi—

1380 3267 1531 3300 lnvianis
1558 3278 1598 3299 ex
1625 3267 1687 3298 illa
1714 3267 1838 3311 copula
1863 3265 2012 3309 genitis.
2461 3305 2482 3312 ..

1425 3315 1470 3352 (b)
1496 3313 1610 3355 Digna
1648 3313 1741 3346 lectu
1779 3321 1830 3345 est
1856 3312 2005 3344 Dissert.
2042 3313 2085 3343 de
2125 3309 2333 3354 Gigantibus
2367 3307 2483 3341 Alexn

1380 3358 1583 3405 Symmachi
1609 3358 1782 3393 Mazoclxii
1809 3362 1843 3391 in
1871 3357 2067 3402 Spicilegiv
2091 3357 2228 3393 Biblico
2254 3355 2298 3388 '1¹-
2324 3354 2351 3387 Ι.
