2583 3685
717 166 798 211 DE
832 151 1216 211 (ΞοοΝιτιοΝΕ
1250 156 1676 204 ANGELORUM.

71 280 103 302 ,‚
125 248 283 303 gratiam
301 279 312 299 ‚
340 257 381 290 ut
400 254 525 289 cetera
541 276 552 296 ‚
581 246 644 286 sed
674 260 742 300 per
762 255 935 285 naturam
956 248 982 267 “
1001 271 1011 283 .
1042 242 1169 295 Hujus

94 305 213 342 eneris
253 302 376 341 multo
404 303 516 356 plura
545 300 618 354 legi
648 310 802 353 possunt
842 299 944 353 apud
973 297 1169 336 Patavium

65 316 155 395 fail).
175 357 205 395 t.
233 355 283 395 de
311 356 475 409 Angelis
503 369 588 407 cap.
613 356 649 393 5.

119 406 187 447 86.
217 407 329 461 Resp.
358 409 576 448 mirandum
605 421 679 446 non
716 420 814 454 esse,
856 404 1005 456 aliquos
1033 400 1168 440 Eccle-

65 460 135 500 οἰῶ
164 460 316 511 Patres,
354 463 423 515 qui
454 461 616 514 Angelos
645 473 717 499 non
746 459 901 498 omnino
927 459 1170 508 incorporeos

64 526 143 553 esse
171 524 377 568 putarunt,
408 525 555 569 putasse
583 516 695 553 etiam
727 514 871 551 eosdem
903 523 974 547 non
1005 522 1080 547 esse
1105 522 1172 545 ua·

65 573 152 606 tura
194 582 262 607 sua
304 568 643 621 incorruptibiles,
687 566 720 602 &
751 562 1009 608 immortales3
1050 562 1171 613 gratia

63 628 193 659 autem
224 621 266 660 id·
289 633 504 660 consecutos
535 622 676 668 fuisse,
719 618 800 656 Deo
829 617 881 655 sic
924 616 1170 668 disponente,

64 681 107 711 ut
135 688 331 728 nunquam
349 674 406 714 illi
435 676 587 728 spiritus
615 688 637 712 a
665 673 742 710 suis
770 669 993 722 corporibus
1021 681 1172 720 separa-

63 735 195 765 rentur
215 754 226 766 .

122 779 189 832 87.
219 779 406 820 Praeterea
435 793 567 820 eorum
609 778 724 819 verba
755 785 903 831 possunt
933 774 1091 826 intelligi
1123 773 1171 811 cle

95 837 225 882 ralia,
264 847 353 888 quae
384 847 456 873 non
486 836 531 872 sit
559 834 699 872 donum
729 831 874 868 ordinis
903 837 1170 881 supernatura-

63 846 141 934 ἧς,
170 887 233 926 sed
261 900 349 939 quoe
376 887 558 925 duntaxat
587 887 726 924 indicet
755 883 915 922 liberam
934 882 1007 920 Dei
1037 879 1171 919 volun-

63 947 207 988 tatem,
279 954 326 978 ua
355 940 474 979 voluit
502 939 662 991 Angelos
693 938 777 976 talis
807 945 951 975 naturae
981 935 1170 982 condere,

64 1006 155 1045 quas
182 954 337 1032 nulium
367 992 518 1032 haheret
547 992 805 1043 corruptionis
832 990 1068 1042 principium
1088 1015 1098 1026 .

118 1045 186 1085 88.
214 1045 383 1085 Demum
413 1045 454 1085 S.
485 1046 653 1084 Thomas
683 1045 746 1083 liic
789 1044 835 1081 ad
866 1045 1037 1095 primum
1081 1055 1170 1080 cum

65 1097 140 1136 sibi
183 1097 381 1138 ob‘ecisset
422 1100 539 1139 verba
568 1099 607 1140 S·
638 1099 792 1137 Joannis
821 1096 1050 1135 Damasceni
1081 1096 1187 1135 Lib-

64 1149 117 1190 Π.
147 1150 196 1190 cle
215 1113 310 1190 ἕὶιίε
338 1151 488 1192 orthod.
518 1167 602 1206 cap·
627 1152 664 1192 3.
693 1151 879 1198 dicentis,
911 1149 1098 1202 Angelum
1116 1163 1171 1187 es-

62 1216 102 1242 se
140 1203 408 1244 substantiam
451 1206 760 1246 intellectualem
801 1208 966 1254 gratia,
1013 1203 1061 1243 ὠ·
1093 1216 1172 1241 non

64 1265 216 1296 natura
248 1260 547 1307 immortalem,
583 1261 635 1296 ita
666 1258 889 1308 respondet:
921 1286 946 1304 „
967 1256 1172 1294 Damasce-

65 1324 94 1359 ‚'‚
124 1325 195 1350 uus
223 1313 365 1364 accipit
395 1310 720 1350 immortalitatem
743 1310 974 1361 perfectam,
1003 1323 1090 1361 quae
1115 1311 1171 1348 in-

66 1391 94 1412 „
121 1363 243 1402 cludit
283 1365 542 1402 omnimodam
587 1362 966 1408 immutabilitatem,
1014 1365 1106 1413 quia
1133 1375 1173 1397 o-

67 1443 94 1463 „
124 1417 224 1454 mnis
254 1418 410 1454 mutatio
439 1425 491 1454 est
520 1417 700 1468 quaedam
729 1428 854 1462 mors,
885 1424 924 1452 ut
946 1416 1173 1465 Augustinus

66 1494 94 1515 „
122 1467 214 1505 dicit
244 1470 260 1519 (
287 1467 376 1506 Lt'b.
397 1467 471 1506 ΙΙΙ.
501 1479 598 1506 cont.
631 1468 892 1506 Maximinum
936 1479 1025 1515 cap.
1054 1480 1098 1505 12
1130 1469 1173 1514 ).

65 1548 93 1568 ,‚
121 1518 331 1559 Persectam
348 1531 474 1559 autem
494 1520 845 1559 immutabilitatem
863 1518 996 1570 Angeli
1026 1520 1175 1558 nonnisi

65 1600 93 1621 ,‚
150 1586 190 1610 er
217 1575 379 1625 gratiam
408 1577 699 1627 assequuntur“
717 1600 727 1611 .

117 1587 184 1678 gt).
213 1626 307 1678 Obj.
338 1627 500 1666 ultimo.
530 1629 572 1665 ln
603 1627 758 1679 Synodo
777 1625 846 1663 Vt.
875 1625 1045 1677 generali
1075 1637 1176 1664 anno

63 1677 158 1718 68¹.
190 1682 271 1718 Act.
293 1680 340 1719 ll.
371 1681 527 1733 probata
571 1682 641 1718 suit
685 1678 842 1733 epistola
870 1679 1074 1731 Sophronii
1105 1678 1177 1717 Pa-

66 1731 245 1771 triarcliae
274 1733 583 1787 Jerosolyrnitani
601 1764 610 1782 ,
653 1735 690 1772 in
719 1747 796 1786 qua
824 1742 1024 1786 postquam
1056 1733 1176 1771 dixis-

64 1794 144 1834 set,
175 1785 465 1839 intelligibilia,
495 1785 761 1826 &invisibilia
792 1799 865 1824 non
894 1787 1020 1835 mori,
1049 1800 1174 1839 neque

63 1841 292 1892 corrumpi,
334 1843 430 1878 sicut
469 1841 581 1880 rebus
622 1840 866 1879 sensibilibus
909 1841 1074 1888 accidit,
1123 1841 1174 1878 ita

63 1891 212 1930 subdit:
246 1922 271 1940 „
292 1892 426 1946 Neque
453 1903 578 1933 tamen
621 1903 754 1932 natura
783 1901 868 1931 sunt
912 1893 1172 1942 immortalia,

66 1973 96 1993 „
122 1954 187 1982 aut
216 1946 262 1984 ad
294 1948 553 1999 incorruptam
599 1948 855 1986 substantiam.
887 1949 1088 1985 transitum
1119 1948 1174 1985 fe-

68 2026 96 2046 „
123 2006 284 2036 cerunt.
314 1996 459 2038 Verum
480 2003 642 2051 gratiam
674 2003 718 2039 iis
748 1999 903 2039 indulsit
923 2000 1054 2047 Deus,
1084 2015 1172 2052 quas

68 2078 95 2098 „
123 2050 174 2088 ab
201 2053 441 2105 corruptela,
471 2054 679 2093 &interitu
712 2050 779 2092 illa
794 2054 963 2092 vindicat
981 2080 990 2091 .
1021 2053 1085 2091 Sic
1108 2054 1175 2092 ho-

65 2131 92 2152 „
122 2105 268 2156 minum
305 2107 447 2145 animae
489 2109 743 2160 corruptionis
784 2117 954 2159 expertes
997 2118 1175 2146 manent:

68 2184 96 2206 ,‚
125 2158 180 2195 sic
211 2159 450 2200 immortales
487 2171 728 2214 perseverant
758 2161 892 2213 Angeli
911 2191 921 2209 ,
966 2173 1041 2198 non
1084 2163 1176 2214 qnia

65 2238 94 2259 ,‚
122 2219 298 2250 naturam
327 2225 457 2253 revera
489 2217 746 2267 incorruptam
778 2214 968 2263 habeant,
1007 2222 1047 2251 ut
1075 2216 1176 2254 dixi—

66 2291 94 2311 „
125 2277 237 2313 mus,
280 2275 344 2304 aut
380 2268 588 2307 substantia
631 2270 786 2321 proprie
833 2266 1042 2306 immortali
1085 2281 1176 2307 con-

64 2344 93 2365 „
121 2326 244 2366 stent,
287 2320 350 2358 sed
379 2322 480 2374 quod
526 2324 687 2374 gratiam
729 2323 912 2360 divinitus
941 2322 1059 2358 sortiti
1090 2330 1174 2360 sunt

62 2397 90 2417 „
120 2367 354 2422 largitricem
384 2376 707 2424 immortalitatis,
738 2376 771 2412 ἃ
802 2375 1178 2426 incorruptibilitatis

63 2449 92 2468 ,‚
119 2423 416 2465 conciliatricem
439 2432 464 2450 “
488 2456 498 2466 .
543 2432 558 2480 (
591 2429 656 2468 Usi
687 2443 817 2468 sumus
855 2431 1026 2467 versione
1054 2429 1182 2468 Dion..

62 2471 209 2513 Petavii
241 2475 309 2516 hoc
338 2493 424 2530 cap.
447 2481 483 2517 5.
514 2495 623 2518 num.
645 2483 682 2526 4.
715 2484 758 2529 ).

117 2538 186 2578 90.
218 2527 351 2580 Resp„
395 2530 478 2568 haec
508 2532 711 2582 Sophronii
744 2534 860 2570 verba
890 2547 966 2571 esse
995 2535 1175 2573 similiter

64 2578 317 2628 explicanda5
347 2582 490 2621 scilicet
523 2584 710 2635 Angelos,
739 2593 851 2636 atque
879 2587 1028 2622 animas
1048 2586 1172 2624 limni-

62 2643 157 2668 num
188 2645 266 2669 esse
293 2634 448 2685 quidem
494 2637 755 2685 immortales,
798 2646 833 2674 at
863 2650 934 2674 non
966 2637 1048 2686 jure
1077 2651 1173 2686 suO,

65 2691 179 2736 atque
232 2686 524 2739 independenter
566 2703 587 2726 a
630 2689 803 2727 benefica
841 2689 914 2727 Dei
958 2704 1073 2727 manu
1098 2721 1108 2739 ,
1151 2706 1174 2729 a

63 2750 141 2826 gna
169 2738 264 2775 sicut
283 2753 305 2777 a
326 2739 447 2779 nihilo
476 2743 597 2781 educti
631 2744 808 2790 fuerunt,
839 2744 889 2780 ita
919 2754 1101 2794 perpetuo
1119 2745 1178 2783 in-

96 2799 194 2850 igeut
233 2797 475 2843 conservari,
534 2810 581 2833 ne
620 2797 657 2834 in
697 2796 861 2834 nihilum
907 2807 1174 2837 revertantur.

64 2841 260 2882 Dicuntur
289 2860 378 2884 vero
419 2860 551 2887 natura
581 2863 648 2887 sua
691 2848 946 2897 immortales,
995 2864 1100 2888 secus
1130 2865 1175 2889 ao

65 2907 125 2935 res
154 2897 378 2948 sensibiles,
410 2901 443 2939 8(
476 2902 713 2951 materiales,
744 2905 836 2955 quia
865 2917 954 2940 cum
985 2905 1058 2941 sint
1086 2905 1178 2942 sub-

65 2953 213 2988 stantiae
241 2952 457 3005 simplices,
486 2956 649 2997 nullum
671 2956 811 2996 habeut
840 2958 880 2996 in
908 2970 946 2995 se
965 2960 1182 3011 corruptio—

65 3003 125 3042 nis
153 3004 419 3059 principium·

484 3117 657 3158 CAPUT
686 3117 753 3157 Vl'.

309 3218 373 3258 De
403 3222 632 3277 Cognitione
662 3225 943 3278 Angelorum..

122 3301 451 3385 9¹·Intellectn‚
493 3331 526 3367 ἃ
556 3331 746 3370 voluntate
775 3346 854 3370 esse
883 3330 1070 3384 praeditos
1091 3330 1177 3368 An-

65 3371 168 3432 gelos
196 3393 242 3418 eit
272 3392 353 3431 ipsa
380 3393 522 3422 eorum-
539 3385 758 3427 definitione
787 3391 940 3438 (supra
958 3398 1077 3426 num..
1094 3383 1132 3423 5.
1152 3384 1179 3435 ),

2224 157 2282 198 113

1236 239 1277 278 S.
1297 238 1355 276 JO.
1376 237 1605 275 Damasceni
1635 233 1786 272 abunde
1816 233 1954 287 liquem
1984 231 2158 285 &operae
2187 233 2340 285 dispen-

1236 293 1344 330 dium
1375 291 1497 336 foret,
1536 291 1572 326 in
1603 302 1640 325 re
1671 290 1830 325 minime
1859 288 1978 326 dubia
2007 299 2052 324 ex
2081 289 2194 325 sacris
2223 287 2340 324 Litte-

1237 347 1290 383 ris
1311 374 1321 392 ,
1364 342 1424 381 vel
1455 344 1589 380 sanctis
1620 340 1792 378 Patribus
1821 350 2044 391 argumenta
2080 341 2307 392 conquirere
2330 366 2350 378 .,

1236 398 1311 436 Sed
1341 395 1526 434 nonnulla
1563 395 1608 432 de
1636 395 1844 446 cognitione
1876 393 2109 446 Angelorum
2137 402 2264 432 notatu
2285 394 2343 431 di-

1235 465 1308 504 gna
1336 459 1445 488 sunt.

1291 517 1358 556 92.
1389 506 1443 542 Ac
1473 503 1598 554 primo
1626 501 1783 555 quidem
1801 531 1812 550 ,
1841 515 1929 540 cum
1946 503 2119 555 superius
2147 510 2340 540 ostensum

1238 558 1311 605 sit,
1355 569 1414 594 eos
1443 570 1520 593 esse
1549 569 1662 608 puras
1693 564 1862 603 mentes,
1892 565 2002 608 atque
2030 557 2189 594 omnino
2219 555 2343 591 incor-

1240 624 1398 662 poreos,
1442 610 1639 647 manifeste
1668 611 1862 661 sequitur,
1900 611 2153 660 cognitionem
2182 607 2344 659 Angelo-

1240 677 1327 701 rum
1357 676 1434 702 esse
1464 663 1726 701 tantummodo
1754 661 2048 700 intellectualem
2066 694 2076 710 ,
2113 676 2188 700 non
2217 671 2353 699 autem·

1239 719 1378 768 partim
1409 715 1705 754 intellectualem
1728 745 1739 763 ,
1778 717 1914 767 partim
1945 715 2193 763 sensibilem,
2226 724 2263 752 ut
2294 723 2346 752 est

1240 773 1403 823 cognitio
1433 769 1633 807 hominum
1651 799 1661 817 ,
1705 770 1772 821 qui
1801 770 1929 807 anima
1948 800 1957 817 ,
2000 770 2034 805 &
2063 781 2219 821 corpore
2257 781 2345 807 con-

1239 833 1363 869 stant;
1405 837 1483 875 qua
1523 822 1570 860 de
1599 836 1638 860 re
1681 822 1860 875 legendus
1888 823 1927 860 S.
1959 821 2127 860 ‘sliomas
2156 821 2186 858 l.
2207 820 2248 857 P.
2278 834 2345 872 qu.

1242 877 1305 922 54.
1335 886 1406 916 art.
1429 877 1465 914 5.
1498 876 1564 914 ubi
1609 877 1723 913 etiam
1766 875 1929 927 explicat
1970 877 2148 928 quaedam
2178 873 2247 911 SS.
2278 872 2345 911 Pa-

1238 939 1340 968 trum
1369 931 1497 977 dicta,
1539 930 1681 981 quibus
1709 928 1827 966 tribui
1857 929 2005 966 videtur
2036 928 2188 980 Angelis
2217 927 2346 979 cogni·

1239 984 1290 1022 tio
1317 984 1494 1022 sensitiva
1511 1012 1522 1030 ,
1552 983 1586 1019 ἃ
1616 982 1923 1035 experimentalis
1945 1010 1955 1020 .

1293 1038 1359 1090 93.
1388 1036 1564 1075 Secundo
1591 1047 1736 1074 certum
1766 1046 1816 1073 est
1834 1067 1844 1084 ,
1877 1035 2035 1088 Angelos
2055 1048 2127 1073 nnn
2150 1047 2348 1086 cognoscc-

1239 1103 1280 1128 re
1307 1089 1458 1142 objecta
1487 1091 1524 1127 in
1567 1091 1722 1142 propria
1763 1103 1831 1127 sua
1860 1091 2046 1136 essentia,
2090 1089 2192 1141 quod
2229 1088 2357 1125 solius.

1239 1144 1314 1182 Dei
1345 1152 1395 1182 est
1425 1144 1651 1196 proprium,
1681 1143 1791 1194 cujus
1821 1145 1976 1180 essentia
1995 1144 2125 1179 omnia
2156 1142 2346 1179 continet.

1239 1197 1411 1250 Indigent
1440 1210 1527 1248 ergo
1558 1196 1691 1248 Angeli
1721 1196 1918 1249 speciebus
1947 1195 1994 1232 ad
2023 1194 2348 1245 cognoscendum:

1241 1249 1302 1288 hae
1331 1252 1482 1304 species·
1503 1262 1579 1288 non
1609 1259 1693 1288 sunt
1722 1258 1889 1301 acceptae
1919 1263 1941 1286 a
1973 1247 2109 1295 rebus,
2142 1257 2178 1285 ut
2209 1249 2248 1285 in
2280 1260 2345 1284 no-

1241 1303 1308 1341 bis>
1329 1304 1535 1355 contingit;
1575 1317 1709 1340 verum
1739 1313 1820 1342 sunt
1852 1302 2008 1354 Angelis
2035 1300 2299 1339 connaturales
2328 1315 2351 1337 εν.

1242 1356 1325 1394 Deo
1354 1359 1392 1394 in
1424 1358 1594 1408 ipsorum
1624 1357 1838 1394 conditione
1881 1358 2099 1408 impressas,
2143 1355 2188 1392 ad
2219 1356 2351 1392 omnia

1243 1408 1487 1460 intelligenda
1506 1437 1517 1455 ,
1545 1422 1632 1461 quae
1665 1411 1753 1459 ipsis
1775 1409 1993 1446 naturaliter
2010 1421 2232 1458 cognoscere
2249 1421 2352 1445 com-

1244 1463 1362 1512 petit.
1411 1462 1540 1500 Nullae
1571 1470 1698 1498 autem
1731 1462 1768 1498 in
1801 1462 1956 1513 Angelis
1984 1475 2060 1498 esse
2091 1471 2242 1512 possunt
2271 1474 2353 1512 spe-

1242 1516 1317 1551 cies
1347 1530 1369 1553 a
1397 1516 1509 1553 rebus
1547 1516 1637 1566 ipsis
1679 1523 1874 1566 acceptae5
1916 1528 2040 1566 neque
2083 1515 2186 1550 enim
2218 1514 2352 1565 Angeli

1244 1566 1383 1605 liabent
1412 1580 1560 1613 sensus,
1608 1581 1678 1618 ope
1706 1580 1870 1618 quorum
1911 1569 2049 1618 possint
2079 1582 2098 1604 a
2131 1567 2242 1604 rebus
2273 1580 2352 1605 ma-

1245 1619 1444 1657 terialibus
1473 1621 1614 1670 species
1645 1619 1826 1666 haurire,
1867 1629 1904 1657 ut
1934 1623 2047 1658 menti
2081 1629 2350 1671 repraesenten·

1244 1680 1333 1722 tur,
1376 1674 1479 1726 quod
1509 1672 1706 1724 perspicue
1736 1671 1789 1710 S..
1809 1672 1978 1710 Thomas
2013 1674 2169 1710 ostendit
2198 1687 2264 1726 qn.
2287 1675 2352 1714 55.

1243 1735 1315 1765 art·
1335 1740 1370 1766 2·

1298 1781 1365 1834 94.
1397 1782 1478 1819 lmo
1506 1780 1576 1819 hoc
1621 1782 1782 1834 pertinet
1811 1780 1866 1819 ad'
1895 1780 2165 1834 perfectionem
2209 1780 2362 1818 intelle·

1247 1843 1329 1872 ctus
1349 1835 1522 1886 Angel-ici
1540 1865 1550 1883 ,
1583 1845 1621 1872 ut
1651 1845 1765 1873 totam
1794 1849 1903 1872 suam
1932 1835 2187 1886 cognitionem
2209 1833 2354 1872 habue-

1248 1889 1325 1926 rint
1354 1889 1526 1927 abinitio
1556 1902 1621 1939 per
1651 1890 1794 1942 species
1816 1902 1944 1926 rerum
1973 1889 2158 1926 divinitus
2188 1888 2328 1926 infusas
2345 1919 2364 1936 ,Δ

1246 1955 1318 1980 non
1349 1951 1478 1980 autem
1520 1942 1656 1981 debeat
1684 1943 1891 1981 successive
1922 1955 1990 1993 per
2019 1943 2162 1992 species
2189 1943 2358 1993 acquisi-

1243 2004 1297 2034 tas
1315 2010 1399 2034 eam
1416 1996 1488 2034 sibi
1508 2009 1711 2048 procurare
1726 2023 1736 2034 .
1758 1995 1871 2034 Unde
1886 1997 1997 2033 etiam
2014 1994 2152 2033 Ezech.
2169 1994 2364 2033 XXVllI..

1249 2049 1309 2095 14.
1338 2064 1417 2102 seq.
1447 2050 1611 2088 dicitur:
1659 2048 1714 2086 Tu
1748 2048 1897 2087 Cherub
1936 2057 2125 2087 extentus·
2147 2050 2197 2088 (90
2225 2057 2354 2096 prote-

1243 2116 1342 2155 gens
1364 2131 1374 2143 .
1393 2130 1402 2141 .
1421 2130 1430 2140 .
1450 2130 1458 2140 .
1474 2103 1672 2155 perfectus
1701 2107 1742 2141 in
1771 2106 1840 2140 vtis
1868 2106 1942 2139 tuis
1972 2115 2001 2140 a
2029 2100 2091 2140 die
2119 2100 2362 2139 conditionis.

1244 2165 1351 2195 tuae.
1382 2156 1430 2195 Et
1459 2157 1500 2195 S·
1523 2156 1700 2195 Thomas·
1719 2164 1857 2209 quaest.
1889 2155 1953 2194 55.
1982 2163 2053 2192 art.
2086 2168 2121 2193 2.
2151 2156 2199 2192 de
2230 2156 2353 2207 Ange-

1242 2209 1292 2248 lis
1311 2211 1458 2263 inquit:
1480 2240 1506 2259 „
1527 2211 1646 2248 Suam
1669 2211 1939 2262 perlectionem
1961 2207 2246 2260 intelligibilem
2263 2222 2362 2246 con--

1245 2293 1271 2312 „
1301 2275 1510 2316 sequuntur
1528 2277 1594 2316 per
1610 2262 1892 2314 intelligibilem
1910 2261 2099 2301 effluxum
2113 2292 2123 2310 ,
2143 2275 2220 2314 quo
2235 2277 2257 2300 a
2273 2262 2365 2300 Deo

1243 2347 1269 2366 „
1299 2318 1442 2369 species
1494 2331 1623 2355 rerum
1667 2319 1905 2369 cognitarum
1964 2326 2192 2367 acceperunt
2234 2315 2350 2354 simul

1243 2401 1269 2419 „
1298 2385 1387 2409 cum
1408 2370 1651 2409 intellectuali
1674 2381 1806 2408 natura
1822 2374 1848 2391 “
1868 2397 1878 2408 .
1910 2369 2019 2408 Hanc
2039 2370 2252 2408 doctrinam
2277 2380 2350 2407 tra-

1241 2425 1295 2463 dit
1325 2426 1440 2463 etiam
1471 2425 1512 2464 S.
1535 2425 1766 2477 Augustinus
1796 2423 1884 2464 Lib.
1907 2424 1955 2462 Il.
1985 2422 2032 2462 <le
2058 2422 2162 2462 Gen.
2191 2423 2247 2461 ml
2276 2423 2360 2461 litt..

1240 2491 1326 2530 cap.
1347 2478 1386 2516 8.
1418 2478 1531 2517 Tom.
1553 2480 1626 2517 ΙΙΙ.

1293 2532 1359 2582 95.
1391 2532 1518 2570 Multa
1560 2531 1639 2570 alia
1680 2541 1818 2581 acute,
1863 2533 1896 2570 δι’
1940 2531 2130 2584 profunde
2171 2531 2277 2568 docet
2314 2529 2365 2569 Sa

1244 2583 1414 2622 Thomas
1446 2587 1481 2623 in
1511 2595 1648 2637 qnaest.
1668 2585 1761 2631 58.‚
1792 2600 1880 2637 quae
1910 2595 1987 2622 tota
2016 2595 2065 2621 est
2081 2584 2130 2621 (le
2159 2583 2274 2620 moclo
2289 2595 2352 2620 co·

1239 2640 1426 2688 gnutonis
1455 2639 1680 2688 angelicae.
1720 2637 1804 2672 Sed·
1825 2638 2022 2686 pra-cipue
2051 2636 2210 2673 notanda
2238 2643 2351 2685 sunt,

1241 2702 1330 2741 quae
1362 2688 1471 2726 habet
1503 2691 1541 2726 in
1570 2688 1719 2726 duobus
1749 2688 1928 2726 articulis·
1951 2689 2086 2734 tertio,
2115 2688 2154 2724 &
2179 2698 2314 2739 quarto
2334 2719 2346 2737 ‚

1246 2742 1312 2778 ubi
1341 2742 1528 2789 ostendit,
1560 2741 1718 2793 Angelos
1735 2754 1806 2779 non
1834 2753 2057 2791 cognoscere
2084 2741 2258 2788 obiecta,
2289 2755 2360 2779 ne·

1243 2808 1319 2847 que
1338 2793 1606 2841 discurrendo,
1624 2809 1745 2847 neque
1765 2792 2049 2844 componendo,
2071 2792 2108 2829 ἃ,
2125 2793 2353 2835 dividendo.

1298 2847 1365 2900 96.
1395 2848 1442 2887 Et
1470 2858 1656 2901 quantum
1686 2848 1739 2885 ad⁴
1762 2849 1954 2899 primum,
1984 2847 2141 2896 majoris
2169 2847 2356 2887 claritatis

1243 2904 1364 2954 gratia
1392 2902 1588 2954 duplicem
1619 2910 1759 2953 oportet
1779 2901 2010 2952 distinguere
2028 2900 2240 2939 discursum
2259 2928 2270 2939 .
2304 2902 2361 2939 A-.

1245 2955 1318 2993 lius
1349 2963 1401 2993 est
1431 2957 1534 2993 enim
1565 2956 1783 3002 discursus,
1812 2967 2039 3007 qno-unum
2058 2953 2251 3004 objectum
2270 2969 2360 2993 suc·

1242 3011 1385 3047 cessive
1414 3018 1493 3061 post
1522 3008 1626 3047 aliud
1666 3006 1876 3046 intellectus
1905 3016 2028 3046 noster
2072 3010 2286 3060 cognoscit,
2317 3007 2352 3044 St

1242 3062 1344 3101 huuc
1373 3063 1584 3100 discursum
1616 3072 1726 3098 nemo
1747 3060 1900 3112 Angelis
1915 3061 2113 3112 denegabit
2131 3092 2140 3109 ,
2170 3065 2240 3113 qui
2262 3075 2352 3100 con-

1240 3117 1404 3164 sideret,
1447 3129 1506 3152 eos
1537 3127 1610 3153 non
1640 3127 1718 3151 esse
1747 3128 1898 3168 semper
1929 3116 1966 3152 in
1995 3125 2080 3153 actu
2112 3115 2358 3160 intelligendi*

1241 3172 1394 3215 omnia,
1426 3169 1486 3205 sed
1517 3168 1627 3205 modo
1657 3180 1777 3206 unum
1796 3198 1807 3217 ,
1838 3169 1951 3206 modo
1979 3168 2113 3217 aliud,
2144 3169 2274 3206 saltem
2299 3170 2350 3205 lo-

1241 3223 1393 3275 quendo
1421 3222 1465 3258 de
1495 3235 1537 3258 ea
1566 3221 1805 3272 cognitione,
1833 3235 1910 3274 qua
1942 3235 1998 3259 res
2027 3232 2257 3273 cognoscunt
2280 3234 2344 3271 per

1241 3277 1381 3327 species
1410 3274 1482 3312 sibi
1513 3275 1753 3327 congenitas:
1787 3305 1814 3324 „
1839 3275 1969 3327 Angeli
1988 3305 1998 3322 ,
2043 3279 2165 3325 inquit
2197 3275 2235 3310 S.
2268 3275 2347 3311 Do·

1242 3359 1267 3379 „
1297 3339 1379 3366 ctor
1407 3341 1471 3378 qu.
1494 3327 1569 3367 58..
1587 3337 1666 3367 art.
1690 3342 1727 3366 2.
1759 3342 1802 3366 ea
1832 3330 2070 3379 cognitione,
2109 3343 2184 3380 qua
2214 3338 2349 3377 cogno-

1241 3412 1279 3432 „.
1297 3390 1404 3422 scunt
1432 3395 1491 3421 res
1519 3395 1588 3435 per
1617 3381 1820 3432 Verbum,
1861 3385 2241 3432 omniasscognoscunt
2273 3393 2346 3419 nna

2190 3462 2216 3482 υ
2237 3446 2294 3472 lu'
