2583 3685
242 143 328 182 218

725 130 805 172 DE
840 126 1089 170 INCARN.
1122 126 1290 170 SECT.
1311 126 1370 168 ΙΙ.
1402 125 1548 168 DISS.
1568 125 1647 169 IV.
1678 126 1809 192 §AR
1832 129 1908 172 III.

180 219 305 257 Eccur
335 224 420 263 ergo
460 210 640 247 debemus
667 209 746 246 sine
775 205 856 243 ulla
898 207 1114 245 necessitate
1142 206 1192 244 ab
1219 205 1298 244 oba
1355 207 1593 256 unigenitum
1624 204 1796 252 dederit,
1826 216 1864 243 ut
1887 220 1954 258 pro
1970 211 2109 250 nostris
2127 211 2290 263 peccatis
2318 211 2465 251 satisfa-

178 274 238 311 vjo
255 298 265 316 ‚
295 266 328 301 8(
357 262 514 302 naturali
545 274 653 299 sensu
681 258 884 298 recedere?

238 320 320 357 103.
351 318 440 354 Inst.
471 317 604 352 tertio.
634 313 691 353 Ex
721 325 797 365 quo
823 312 995 351 Christus
1023 313 1170 350 dicatur
1199 324 1284 362 por·

176 383 283 411 tasse
310 378 478 421 peecata
506 377 644 405 nostra
661 397 671 415 ,
700 366 937 417 significatur
965 367 1122 420 quidem
1152 367 1285 405 eadem

177 425 373 463 aistuli-te
391 454 400 471 ,
443 436 515 460 nou
545 430 671 459 autem
701 432 770 472 pro
799 422 851 458 eis
881 422 1127 459 satisfecisse.
1186 420 1284 457 'Nam

176 480 297 518 Levit.
319 476 426 516 XVI.
457 490 521 515 22.
551 474 705 523 hircus,
742 475 811 526 qui
840 474 1080 512 emittebatur
1108 475 1218 512 vivus
1247 474 1285 511 in

178 533 393 579 desertum,
443 540 481 567 ut
509 529 568 566 ibi
596 528 796 565 derelictus
824 528 1067 566 devoraretur
1108 542 1129 564 a
1158 527 1285 565 bestiis

175 585 365 624 ferocibus
382 614 391 631 ,
419 583 559 620 dicitur
573 590 732 631 portare
759 593 898 619 omnes
913 584 1160 630 iniquitates,
1190 581 1283 632 quin

175 648 299 677 tamen
330 649 397 687 pro
418 637 469 672 eis
489 636 642 687 proprie
662 635 910 672 satisfaceret.
942 634 1064 670 Immo
1079 632 1183 670 Deus
1206 635 1283 683 ipse

173 692 311 729 dicitur
339 697 496 738 portare
523 697 690 737 peccota
709 696 848 724 nostra
865 715 876 733 ,
905 687 998 736 quia
1026 686 1109 736 ipsa
1138 686 1284 736 patien—

174 752 227 780 ter
255 741 413 780 tolerat.
452 741 575 779 Exodi
604 739 795 778 XXXIV.
828 752 878 790 7.-
898 739 974 789 Qui
1003 747 1138 789 portas
1168 742 1182 788 (
1214 749 1286 775 non

173 805 212 833 ut
242 795 329 847 legit
359 803 479 831 noster
500 793 700 845 vulgatus,
727 796 792 844 qui
809 790 983 845 aufers)
1013 794 1287 843 iniquitatem,

173 849 224 889 ἔθ’
251 848 405 886 scelera
432 855 550 898 atque
578 855 770 896 peccata.

235 901 322 948 104.
354 900 492 952 Resp.,
523 900 737 948 sacrificia,
767 899 802 936 ἃ
831 898 988 946 hostias,
1018 911 1105 950 quae
1138 898 1220 935 Deo
1248 899 1290 936 in

176 957 293 994 veteri
324 962 539 992 testamento
566 953 824 991 offerebantur
855 954 893 990 iu
924 953 1177 1004 expiationem
1201 965 1289 1003 pec-

180 1020 377 1056 catorum,
415 1007 532 1045 fuisse
561 1015 696 1058 typum
715 1036 725 1054 ,
768 1007 802 1043 8<
832 1005 995 1056 figuram
1026 1004 1131 1042 illius
1161 1005 1289 1056 magui

177 1061 383 1108 sacrificii,
431 1074 506 1112 quo
533 1060 701 1098 Christus
744 1059 885 1097 divinae
917 1057 1070 1109 justitiae
1112 1059 1290 1094 satisfecit

179 1128 250 1167 pro
279 1114 415 1160 nobis⁸3
460 1113 558 1151 unde
588 1126 675 1150 vere
693 1143 703 1160 ‚
740 1111 773 1148 ἃ
804 1112 955 1164 proprie
986 1118 1137 1162 peccata
1166 1120 1290 1148 nostra.

175 1169 363 1220 portavit3
395 1176 433 1204 ut
461 1180 576 1218 supra
603 1179 641 1204 n.
662 1165 728 1205 66.
758 1177 804 1202 ex
832 1165 928 1203 Isaia
959 1163 1146 1216 Propheta
1175 1177 1289 1215 expo-

177 1223 322 1260 suimus
339 1247 349 1259 .
379 1220 464 1258 Non
492 1229 544 1257 est
571 1229 697 1257 autem
718 1232 893 1267 necesse,
925 1228 964 1256 ut
992 1226 1112 1270 typo,
1142 1216 1175 1252 8<
1192 1217 1289 1268 figu-

178 1288 233 1312 ιω
261 1277 391 1312 omnia
422 1288 465 1312 ea
494 1274 746 1321 conveniant,
775 1285 864 1325 quae
893 1272 1123 1309 conveniunt
1152 1272 1292 1322 antity-

177 1341 253 1381 po,
284 1328 317 1363 8<
346 1327 532 1379 figurat03
562 1328 660 1364 unde
680 1328 857 1379 quamvis
873 1324 1064 1363 veteribus
1092 1324 1294 1363 sacrificiis

177 1381 283 1419 nulla
321 1382 473 1433 proprie
511 1381 640 1417 inesset
677 1381 733 1417 vis
773 1379 951 1431 expiandi
990 1386 1171 1430 peccata,
1220 1391 1294 1415 non

179 1435 370 1486 sequitur,
412 1435 524 1470 etiarn
555 1432 793 1471 sacrificium
823 1433 911 1470 Jesu
940 1430 1081 1470 Christi
1112 1433 1150 1469 in
1181 1444 1296 1468 cruce

177 1488 416 1526 immolatum
467 1499 540 1524 non
571 1486 684 1523 fuisse
713 1498 801 1524 vere
830 1485 864 1522 &
893 1486 1045 1537 proprie
1083 1494 1294 1522 nostrarum

179 1540 382 1593 culparum
412 1539 695 1592 expiatorium.
744 1539 826 1577 Hoc
867 1552 1049 1590 magnum
1084 1538 1295 1576 discrimen

184 1593 395 1631 luculenter
425 1593 589 1644 explicat
610 1591 650 1630 S.
672 1591 812 1631 Paulus
841 1592 882 1630 in
904 1606 989 1644 cap.
1007 1591 1078 1630 IX.
1108 1593 1218 1644 epist.
1247 1591 1296 1628 ad

180 1647 390 1694 Hebraeos,
422 1646 488 1684 ubi
518 1660 555 1684 v.
583 1660 642 1684 12.
673 1646 706 1683 ἃ
738 1660 815 1698 seq.
847 1645 932 1684 haec
951 1646 998 1683 de
1013 1644 1153 1684 Christi
1181 1646 1299 1683 sacri-

181 1699 270 1738 ficio
301 1700 435 1738 habet:
465 1699 603 1750 Neque
619 1713 687 1751 per
706 1704 948 1752 sanguinem
979 1698 1200 1747 hircorum,
1230 1705 1301 1735 aut

183 1753 414 1799 vitulorum,
443 1752 514 1789 sed
543 1766 611 1802 per
639 1758 839 1804 proprium
856 1756 1098 1805 sanguinem
1130 1755 1300 1791 introivit

183 1806 308 1841 semel
337 1808 377 1841 in
407 1813 552 1841 sancta
570 1833 580 1850 ,
618 1814 776 1842 cerev-na
805 1806 1075 1856 redemptione
1105 1810 1267 1843 inventa
1289 1831 1300 1844 .

187 1856 229 1895 St
258 1861 365 1894 enim
395 1860 559 1908 sanguis
580 1856 776 1894 hircorum
796 1887 805 1902 ,
837 1858 885 1897 <²9¹
907 1868 1139 1906 murorum,
1168 1860 1219 1898 ἔθ’
1248 1862 1301 1895 ci-

186 1914 246 1947 nis
276 1911 404 1946 ritu'oe
433 1922 646 1960 aspersus,
677 1913 902 1960 inquinatos
930 1911 1159 1963 sanctificat
1190 1911 1245 1947 ad
1263 1924 1301 1947 e-

186 1962 488 1999 mundationem
533 1966 700 2006 carnis,·
754 1972 904 2010 quanto
952 1967 1086 2014 magis
1128 1962 1302 2013 Sanguis

187 2015 354 2062 Christi,
400 2018 464 2064 qui
492 2027 560 2064 per
590 2014 778 2063 Spiritum
808 2015 1006 2052 Sanctum
1050 2019 1302 2064 semetipsum

181 2067 312 2107 obtulit
342 2068 651 2105 immaculatum
681 2066 794 2115 Deo,
839 2066 1069 2104 emundabit
1097 2072 1301 2105 conscien-

181 2126 282 2160 tiam
311 2131 493 2158 nostram
523 2119 573 2158 ab
593 2118 770 2170 operibus
786 2124 950 2157 mortuis
979 2119 1033 2156 ad
1053 2120 1301 2157 serviendum

182 2175 270 2214 Deo
298 2173 476 2213 virenti?
506 2174 562 2212 Ex
591 2188 667 2225 quo
696 2183 822 2210 autem
851 2172 998 2212 alicubi
1028 2174 1066 2210 in
1095 2174 1210 2209 sacris
1239 2171 1301 2208 lit-

182 2231 270 2268 teris
298 2238 457 2279 portore
484 2236 654 2277 peccatu,
682 2227 871 2278 significet
889 2257 899 2273 ,
936 2240 979 2263 ea
1010 2227 1195 2278 patienter
1225 2225 1301 2262 fer-

183 2297 223 2320 re
240 2313 250 2330 ,
279 2296 354 2320 non
385 2291 435 2318 est
450 2293 680 2334 consequens
698 2311 708 2328 ,
738 2280 836 2318 hanc
858 2279 1026 2332 phrasim
1046 2279 1147 2316 idem
1179 2280 1305 2329 ipsum

184 2335 400 2387 significare
430 2337 468 2372 iu
498 2335 645 2371 Christo
673 2334 786 2382 Jesu,
834 2334 901 2386 qui
932 2334 1072 2370 dicitur
1115 2335 1272 2369 attritus
1293 2361 1305 2379 ,

185 2389 438 2436 vulneratus,
485 2388 534 2427 (9-
565 2396 739 2425 mortuus
782 2397 935 2439 propter
964 2385 1107 2424 scelera
1144 2393 1273 2423 nostra
1292 2414 1304 2433 ,

187 2455 352 2495 quorum
383 2455 539 2493 poenam
569 2442 608 2478 in
640 2455 677 2479 se
708 2442 900 2492 suscepit.

246 2495 334 2533 105.
364 2496 452 2533 lust.
483 2503 644 2546 quarto.
675 2492 1019 2532 Mact11.Vllt.16.
1051 2491 1082 2527 8<
1106 2505 1165 2542 ¹7·
1195 2490 1306 2529 Chri-

186 2557 261 2586 stus
291 2548 431 2585 dicitur
474 2561 622 2585 curasse
660 2547 860 2594 infirmos,
908 2554 949 2582 ut
990 2545 1307 2594 adimpleretur,

186 2600 286 2653 quod
329 2600 475 2638 dicrum
520 2610 578 2638 est
606 2613 675 2649 per
704 2600 861 2637 Isaiam
893 2598 1129 2649 Proplzecam
1175 2598 1309 2636 ‹licen-

189 2665 298 2692 tem:
331 2654 418 2705 Ipse
447 2654 704 2707 infirmitates
733 2662 893 2691 nostras
923 2653 994 2690 Sto.

246 2707 333 2747 106.
365 2707 477 2760 Resp.
497 2738 507 2756 ,
549 2721 595 2745 ex
623 2707 694 2745 hac
725 2708 765 2745 S.
798 2705 972 2744 Matthaei
1003 2706 1310 2757 interpretatione

190 2761 310 2798 solum
342 2760 470 2809 effici,
509 2762 549 2798 in
579 2760 734 2798 oraculo
764 2761 872 2797 lsaiae
905 2760 1131 2811 praedictum
1162 2759 1278 2796 fuisse
1299 2788 1311 2806 ,

192 2814 382 2852 Christum
425 2824 650 2852 sanaturum
693 2826 768 2851 non
799 2822 946 2851 tantum
989 2821 1131 2850 nostros
1162 2811 1312 2850 morbos

190 2867 402 2915 spirituales
419 2897 429 2915 ,
458 2867 602 2906 scilicet
633 2875 809 2919 peccata,
839 2867 903 2904 sed
931 2867 1046 2904 etiam
1074 2864 1310 2918 corporales,

190 2919 257 2968 qui
286 2929 528 2970 peccatorum
558 2934 685 2972 poenae
715 2928 799 2957 sunt
817 2946 828 2958 .

251 2983 337 3020 107.
366 2974 456 3011 lust.
487 2976 649 3027 quinto·
690 2974 788 3011 Haec
817 2973 985 3011 doctrina
1013 2972 1059 3010 de
1086 2971 1225 3010 Christi
1255 2985 1312 3009 sa-

190 3023 399 3061 tisfactione
429 3040 497 3076 pro
527 3028 663 3065 nostris
691 3025 819 3079 culpis
850 3026 1040 3064 infinitam
1061 3025 1135 3063 Dei
1166 3026 1314 3063 miseri-

191 3076 362 3113 cordiam
395 3079 555 3128 minuit,
602 3093 680 3132 qua
709 3093 812 3131 saepe
841 3081 981 3132 saepius
1012 3079 1115 3117 Deus
1144 3077 1316 3116 declara-

188 3131 244 3166 vit
262 3158 272 3176 ,
304 3142 341 3165 se
372 3142 447 3165 0³50
479 3135 762 3180 paratissimum
780 3133 827 3170 ad
856 3142 1012 3184 peccata
1032 3133 1147 3183 gratis
1175 3132 1314 3169 condo-

190 3181 314 3218 nanda
333 3210 343 3228 ‚
388 3183 502 3217 semel
537 3199 580 3221 ae
607 3195 781 3237 peccator
811 3200 901 3225 vera
931 3187 1152 3239 poenitentia
1180 3185 1315 3223 ductus

190 3235 345 3273 veniam
379 3242 479 3283 petat
499 3261 508 3270 .

216 3340 223 3346 .
251 3300 263 3324 1
277 3285 341 3324 08.
365 3285 478 3346 IJesp.
498 3316 509 3335 ,
540 3286 729 3327 infinitam
745 3292 816 3330 Dei
835 3291 1134 3331 misericordiam
1149 3321 1159 3339 ‚
1177 3289 1210 3326 ἃ
1224 3289 1317 3329 cha-

193 3348 346 3379 l'ltatem
374 3352 416 3378 ln
435 3338 509 3378 hoc
540 3338 710 3378 relucere
727 3371 738 3390 ‚
766 3346 868 3395 quod
898 3345 1009 3384 nobis
1026 3343 1177 3384 Filium
1203 3357 1316 3382 suum

1354 266 1454 297 ceret
1472 284 1482 296 .
1519 257 1566 295 In
1597 256 1695 305 hoc,
1724 258 1847 308 iuquit
1876 261 1916 297 S.
1946 261 2106 303 Joatmes
2134 266 2173 304 in
2200 267 2329 317 prima
2358 267 2468 318 epist.

1352 312 1421 350 IV.
1452 325 1489 364 9.
1507 341 1517 360 ,
1548 315 1731 362 apparuit
1748 309 1926 349 charitas
1942 312 2020 351 Dei
2047 317 2216 356 innubis
2233 349 2243 367 ,
2274 323 2468 369 quoniam

1353 365 1496 403 Filium
1525 378 1640 402 suurn
1656 366 1902 414 unigenitum
1934 369 2036 404 misit
2053 368 2161 409 Deus
2191 376 2230 409 ῐη
2251 371 2466 422 mundum,

1353 429 1392 456 ut
1423 423 1597 456 vivamus
1625 431 1694 467 per
1723 430 1840 455 eum.
1882 419 2019 456 lterum
2053 423 2307 463 misericordia
2336 427 2473 465 divina,

1353 486 1391 510 se
1420 473 1528 510 nohis
1558 474 1595 510 in
1625 484 1669 508 eo
1697 472 1880 518 ostendit,
1910 472 2012 523 quod·
2042 475 2158 524 posita
2186 475 2256 515 hac
2288 478 2380 517 Filii
2410 479 2470 516 sui

1354 527 1608 564 satisfactione
1639 526 1899 577 paratissimus
1927 534 1979 562 est
2015 526 2061 563 ad
2092 526 2201 565 nobis
2229 531 2474 570 condonanda

1352 591 1505 631 peccata
1525 609 1534 627 ,
1564 581 1880 631 quotiescumque
1911 591 1976 616 nos
1998 592 2086 616 vera
2118 581 2337 631 poenitentia
2367 585 2470 623 ducti

1353 635 1501 671 veniam
1535 646 1601 682 per
1629 632 1767 669 Christi
1801 631 1934 669 merita
1964 631 2242 684 imploramus.

1413 699 1500 737 109.
1534 686 1689 723 Frustra
1737 697 1826 721 vero
1855 684 2028 723 laborant
2058 685 2252 724 Sociuiani
2297 688 2478 729 nonnulla

1355 751 1400 774 ex
1429 740 1544 776 sacris
1574 738 1707 776 litteris
1737 738 1934 776 afferentes
1979 738 2094 789 hujus
2123 741 2298 790 gratuitae
2329 743 2476 780 miseri-

1355 791 1492 828 cordiae
1524 792 1594 829 Dei
1626 791 1827 844 exempla3
1877 801 1915 829 ut
1957 794 2055 831 servi
2087 791 2219 842 illius,
2267 795 2330 832 cui
2374 792 2478 845 apud

1358 843 1497 881 Matth.
1519 843 1662 883 XVIII.
1695 858 1758 896 27.
1803 845 1974 883 debitum
2017 844 2132 898 gratis
2161 846 2330 886 dimisit.
2379 847 2479 885 Fru-

1356 905 1430 934 stra
1459 897 1644 948 inquam3
1674 912 1798 950 neque
1827 900 1931 936 enim
1953 901 2115 950 gratuita
2146 899 2227 938 haec
2257 901 2476 938 debitorum

1357 958 1569 987 nostrorum
1599 952 1769 988 remissio
1799 953 1982 1003 impedit,
2032 963 2094 991 aut
2124 953 2220 991 tollit
2257 953 2366 992 illam
2397 953 2478 992 veri

1361 1003 1528 1040 nominis
1557 1003 1878 1051 satisfactionem,
1909 1020 2026 1056 quam
2056 1006 2162 1044 Jesus
2191 1005 2360 1045 Christus
2382 1036 2393 1054 ,
2437 1015 2478 1044 ut

1358 1065 1481 1094 noster
1509 1055 1708 1105 fidejussor
1739 1065 1876 1092 aeteruo
1906 1056 2005 1095 Patri
2034 1058 2199 1104 obtulit3
2230 1059 2263 1095 ἃ
2292 1074 2380 1112 quae
2413 1072 2481 1098 no-

1358 1109 1418 1147 bis
1446 1107 1666 1160 applicatur
1696 1121 1763 1159 per
1793 1109 1954 1156 merita,
2001 1110 2034 1145 ἃ
2062 1114 2224 1162 gratiam
2253 1113 2339 1150 Jesu
2369 1113 2482 1151 Chri-

1357 1165 1429 1201 sti.
1459 1162 1671 1213 Utramque
1701 1159 1900 1212 conjunxit
1923 1162 2120 1213 Apostolus
2141 1163 2303 1204 Roman.
2327 1167 2394 1204 III.
2417 1166 2483 1212 24.

1359 1217 1562 1267 inquiens:
1610 1214 1824 1267 Justificczti
1852 1219 1979 1267 gratis
2007 1228 2077 1265 per
2118 1221 2299 1266 gratiam
2329 1223 2448 1269 ipsius
2469 1249 2481 1268 ,

1359 1281 1429 1319 per
1457 1268 1772 1318 redemptionem
1792 1298 1801 1316 ,
1849 1281 1938 1319 quoe
1985 1277 2044 1304 est
2090 1271 2131 1305 in
2164 1268 2315 1307 Christo
2352 1271 2443 1309 Iesu
2464 1287 2481 1317 ‚-

1362 1322 1505 1373 quihus
1535 1323 1660 1360 verbis
1691 1321 1724 1358 ἃ
1742 1321 1971 1372 -νεζῖενηρῖίο
2001 1332 2322 1360 commemoratur
2351 1338 2373 1360 a
2393 1325 2485 1362 Jesu

1362 1375 1513 1413 Christo
1544 1384 1694 1427 peracta
1724 1389 1790 1426 per
1821 1389 1951 1412 veram
1983 1376 2294 1424 satisfactionem,
2339 1376 2372 1413 8<
2402 1390 2486 1428 gra·

1364 1431 1456 1467 tiam
1487 1429 1766 1480 justificationis
1796 1428 1903 1466 nobis
1932 1429 2096 1480 gratuito
2124 1444 2146 1466 a
2167 1429 2243 1467 Dei
2272 1431 2488 1467 misericor·

1364 1483 1427 1520 dia
1456 1482 1620 1520 collata.
1661 1482 1771 1520 Unde
1802 1492 2043 1533 peccatorum
2074 1491 2287 1520 nostrorum
2318 1483 2488 1521 remissio

1364 1537 1534 1588 procedit
1564 1537 1721 1588 quidem
1751 1548 1795 1572 ex
1825 1535 1971 1587 justitia
2003 1544 2173 1587 respectu
2203 1535 2376 1584 Christi,
2419 1536 2489 1588 qui.

1366 1603 1439 1642 pro
1467 1589 1572 1628 nobis
1601 1590 1804 1634 satisfecit3
1834 1590 1896 1627 sed
1917 1590 2032 1626 etiam
2053 1602 2098 1626 ex
2117 1591 2238 1641 gratia
2254 1619 2265 1638 ,
2294 1591 2387 1642 quia
2405 1603 2492 1640 gra-

1367 1645 1463 1681 tuito
1491 1643 1599 1681 nobis
1629 1642 1746 1694 hujus
1766 1643 2033 1695 redemptionis
2053 1642 2226 1681 efficacia
2248 1642 2488 1694 applicatur.

1369 1696 1461 1734 Vid.
1491 1695 1531 1734 S.
1563 1696 1731 1734 Thomas
1759 1710 1864 1748 supr.
1894 1711 1934 1734 n.
1961 1709 2021 1734 11.
2046 1695 2230 1748 allegatus
2248 1723 2258 1734 .
2288 1697 2439 1733 Corruit
2459 1696 2491 1733 i·

1369 1759 1482 1802 taque
1512 1750 1580 1787 illa
1601 1750 1890 1788 Sociuianorum
1914 1750 2114 1802 praecipua
2142 1748 2333 1800 objectiO,
2363 1750 2492 1797 posita

1377 1803 1518 1841 Christi·
1559 1803 1867 1854 satisfactione,
1916 1806 2193 1840 remissionem
2235 1809 2493 1854 peccatorum

1370 1870 1450 1894 non
1480 1870 1566 1894 esse
1594 1861 1816 1909 gratuitum
1834 1883 1844 1894 .
2420 1885 2424 1889 -

1430 1924 1517 1948 iio.
1550 1911 1635 1947 lust.
1666 1920 1793 1948 sexto·
1837 1908 1979 1948 Saltem
2011 1908 2095 1948 haec
2124 1909 2297 1959 doctrina
2326 1906 2486 1960 opponi-

1369 1970 1429 1998 tur
1458 1976 1619 2000 summae
1642 1964 1714 2001 Dei
1746 1962 1904 2014 justitiae
1922 1993 1933 2011 ,
1962 1977 2051 2015 quae
2069 1963 2209 2014 exigit,
2241 1971 2281 1999 ut
2310 1975 2395 2000 reus
2419 1974 2491 2013 pu-

1369 2015 1518 2062 niatur,
1549 2029 1623 2053 uon
1654 2025 1779 2052 autem
1811 2018 1989 2054 innocens
2018 2017 2103 2054 loco
2123 2017 2198 2054 rei:
2227 2029 2301 2053 non
2323 2027 2411 2067 ergo
2425 2027 2492 2066 po-

1371 2075 1489 2114 terat,
1519 2077 1582 2104 aut
1611 2068 1772 2105 debebat
1801 2068 1973 2106 Christus
2002 2070 2204 2118 innocens,
2235 2069 2269 2105 St
2298 2070 2494 2106 immacu-

1369 2119 1466 2157 latus
1497 2134 1628 2170 poenas
1671 2122 1804 2157 nostris
1841 2121 2009 2158 reatibus
2052 2123 2200 2159 debitas
2244 2121 2488 2172 persolvere·

1370 2170 1469 2207 Hinc
1503 2172 1605 2209 Deus
1633 2186 1698 2209 ore
1727 2172 1939 2210 Ezechielis
1955 2188 2002 2221 ·c.
2034 2173 2180 2211 XVIII.
2213 2187 2277 2210 20.
2310 2175 2488 2221 Anima,

1370 2223 1522 2274 inquit,
1554 2237 1642 2271 quoe
1670 2229 1911 2271 peccaverit,
1941 2229 2029 2272 ipsa
2058 2229 2274 2263 morietur.
2305 2225 2353 2262 Et
2382 2225 2490 2262 Deu-

1374 2280 1442 2312 ter.
1464 2275 1613 2314 XXIV.
1636 2275 1696 2314 16.
1726 2279 1777 2314 ita
1807 2278 2010 2328 praecepit:
2039 2275 2134 2314 Non
2163 2276 2390 2313 occidentur
2420 2290 2492 2325 pa-

1374 2339 1453 2366 tres
1482 2342 1551 2379 pro
1568 2329 1678 2382 filii,
1722 2343 1797 2367 nec
1814 2329 1899 2382 filii
1927 2342 1996 2382 pro
2026 2328 2231 2380 parribus;
2273 2328 2344 2367 secl
2373 2342 2494 2368 unus·

1374 2387 1534 2435 quisque
1563 2397 1639 2429 pro·
1660 2392 1826 2433 peccato
1855 2397 1924 2421 suo
1955 2387 2176 2421 morietur.

1434 2450 1520 2474 ιιι.
1554 2436 1738 2489 Hespoml.
1769 2437 1866 2474 Cum
1896 2436 2070 2476 Christus
2102 2437 2290 2475 Dominus
2324 2437 2494 2488 seipsum

1375 2499 1534 2542 sponte,
1581 2505 1625 2528 ac
1656 2490 1854 2528 liberrime
1897 2490 2077 2528 obtulerit
2106 2492 2153 2528 ad
2197 2504 2330 2543 poenas
2359 2491 2495 2528 nostris

1377 2545 1540 2595 peccatis
1568 2544 1714 2582 debitas
1757 2544 2026 2595 perferendas,
2075 2553 2116 2582 ut
2145 2545 2197 2582 ita
2240 2543 2382 2595 injuria
2412 2544 2496 2581 Deo

1378 2600 1542 2649 irrogata
1573 2597 1714 2650 plene,
1762 2597 1795 2633 8<
1826 2597 2129 2636 cumulatissime
2159 2606 2495 2650 compensaretur,

1379 2652 1458 2688 sine
1490 2650 1571 2688 ulla
1601 2649 1798 2701 injustitia:
1831 2661 1915 2689 nota
1946 2653 2111 2704 potuisse
2142 2651 2268 2689 Deum
2299 2660 2496 2702 acceptare

1378 2714 1538 2741 mortem
1584 2705 1796 2741 innocentis
1834 2718 1900 2757 pro
1942 2705 2208 2757 pecczmiribus
2250 2704 2495 2741 redimentis.

1380 2757 1497 2808 Leges
1527 2766 1654 2796 autem
1685 2772 1706 2793 a
1736 2757 1817 2794 Deo
1849 2760 1935 2795 Iatae
1965 2760 2177 2811 respiciunt
2206 2757 2414 2795 humanam
2435 2754 2496 2805 ju-

1381 2813 1520 2848 stitiam
1539 2841 1550 2858 ‚
1589 2823 1678 2863 quae
1708 2820 1809 2847 certe
1840 2813 1982 2863 exigit,
2028 2822 2067 2849 ut
2096 2825 2169 2849 non
2200 2812 2407 2862 puniantur
2438 2809 2497 2847 in-

1381 2873 1555 2902 nocentes
1583 2876 1652 2915 pro
1681 2863 1816 2902 alienis
1836 2864 1982 2916 culpis3
2013 2864 2122 2902 aliter
2138 2864 2246 2901 fieret
2262 2875 2390 2899 rerum
2415 2874 2499 2913 per-

1381 2918 1550 2955 turbatio
1578 2917 1748 2955 maxim'a
1769 2944 1780 2955 .
1829 2918 1962 2969 Neque
1990 2917 2144 2954 Judices
2186 2914 2310 2953 ullum
2357 2914 2499 2953 habent

1381 2970 1594 3008 dominium
1625 2983 1740 3022 super
1769 2973 1887 3008 vitam
1908 2972 2183 3016 innocentum3
2218 2983 2343 3021 neque
2373 2967 2500 3007 homi-

1382 3038 1448 3061 nes
1478 3025 1692 3060 innocentes
1722 3024 1781 3074 jus
1811 3020 1952 3061 habent
1982 3024 2175 3061 tradendae
2206 3024 2294 3061 vitae
2325 3035 2407 3060 suae
2430 3033 2499 3074 pro

1383 3078 1554 3128 iniquis3
1583 3077 1654 3113 nisi
1687 3077 1840 3115 fortasse
1871 3089 1914 3113 ex
1945 3091 1988 3114 ea
2017 3077 2228 3126 charitate,
2270 3089 2348 3129 quo
2378 3076 2498 3114 bonus

1383 3129 1511 3168 Pastor
1538 3130 1709 3167 animam
1741 3144 1847 3167 suam
1878 3131 1938 3167 dat
1969 3144 2038 3181 pro
2066 3131 2202 3169 ovibus
2232 3132 2310 3168 suis
2332 3156 2342 3168 .
2391 3130 2498 3167 Cete-

1384 3197 1471 3221 rum
1502 3182 1606 3220 hisce
1636 3181 1781 3231 legibus
1812 3197 1885 3220 non
1906 3184 2163 3236 adstringitur*
2180 3184 2326 3235 justitia
2348 3183 2501 3220 divina.

1383 3236 1484 3274 Nam
1513 3235 1636 3274 Exodi
1668 3235 1759 3273 XX.
1791 3237 1827 3273 5.
1859 3237 1962 3274 Deus
1991 3239 2044 3275 sic
2074 3237 2271 3290 loquitur:
2301 3236 2391 3288 Ego
2411 3247 2500 3271 sum

1383 3288 1611 3336 Dominus,
1641 3287 1754 3327 Deus
1782 3298 1870 3327 tuus
1888 3320 1898 3338 ,
1929 3289 2083 3342 fortis,
2122 3292 2294 3339 zelotes,
2337 3291 2501 3326 risimus

1384 3345 1635 3395 iniquitatem
1649 3342 1818 3383 Parrum
1833 3347 1875 3382 in
1878 3343 2017 3397 filios,
2038 3349 2077 3384 in
2099 3350 2297 3390 temam,-
2315 3341 2365 3381 69·
2380 3354 2498 3392 quar-

2355 3406 2443 3432 nvn
