2583 3685
888 116 1431 176 QUAEs'rmNcULAE
1465 114 1759 170 ALtQUAE,

221 207 307 248 ²162·
336 199 546 256 Respondet
573 207 718 239 autem:
749 229 774 248 „
803 200 962 258 quid-am
982 201 1134 248 dicunt,
1163 199 1264 253 qnod

163 292 191 313 „
217 260 325 314 pueri
353 270 429 296 non
459 257 611 294 tuissent
654 257 729 293 nati
761 267 851 292 cum
893 255 1034 305 justitia
1075 255 1264 314 grauntat,

154 330 189 367 ·„
215 323 302 364 qnae
331 319 384 349 est
412 308 579 348 merendi
609 308 842 361 principium
862 337 872 355 ,
915 307 976 345 sed
1006 321 1097 346 cuin
1124 306 1266 358 justitia

151 385 188 419 3,
206 363 388 422 originali
406 389 417 400 .
445 363 519 401 Sed
550 375 639 400 cum
670 361 776 399 radix
795 360 988 411 originalis
1017 359 1195 411 justitiae,
1226 359 1264 396 in

146 430 186 470 s„
212 429 327 468 cujus
354 416 576 455 rectitudine
606 415 725 453 factus
761 423 814 452 est
842 413 982 460 homo,
1023 413 1197 450 consistat
1225 413 1264 449 in

147 495 185 520 -‚,
213 469 451 522 subjectione
473 467 752 520 supernaturali
770 468 918 505 rationis
935 467 979 504 ad
997 465 1120 504 Deum
1133 495 1143 512 ,
1173 478 1261 516 quae

146 540 182 574 ·„
212 533 263 562 est
293 536 359 575 per
386 524 548 576 gratiam
579 530 729 574 gratum
762 521 960 558 facientem
979 548 990 566 ,
1038 531 1182 555 necesse
1213 526 1264 554 est

156 607 184 628 ‚,
212 577 359 624 dicere,
401 575 502 628 quod
531 577 562 613 si
592 576 701 627 pueri
731 574 810 611 nati
840 573 991 609 fuissent
1021 572 1060 608 in
1087 569 1263 621 originali

156 660 185 681 „
215 629 388 681 justitia,
430 630 542 667 etiam
575 630 649 666 nati
680 628 833 665 fuissent
862 638 950 661 cum
979 624 1125 674 gratia,
1169 623 1263 660 sicut

153 713 182 733 „
213 683 247 720 8<
274 683 323 722 de
350 683 476 735 primo
505 682 659 719 ltotnine
686 692 801 731 supra
826 678 1019 723 diximus,
1061 676 1163 727 qnod
1195 677 1265 713 tuit

151 766 182 787 „
209 749 301 776 cum
329 737 449 788 gratia
476 734 673 773 conditus.
702 732 786 771 Non
807 739 930 768 tamen
954 730 1083 767 fuisset
1114 738 1266 781 propter

153 819 182 840 „
212 789 283 828 hoc
310 790 430 842 gratia
457 787 679 834 naturalis,
707 785 798 837 qnia
827 795 900 821 non
920 783 1048 820 fuisset
1075 782 1266 820 transfusa

157 872 184 893 ‚‚
213 855 282 895 per
311 843 489 880 virtutem
516 840 698 886 seminis,
725 836 789 875 ssd
820 837 948 874 fuisset
975 834 1111 874 collata
1141 834 1264 874 homi-

151 925 179 946 „
210 897 248 934 ni
276 895 401 934 statim
429 906 520 931 cum
561 891 753 929 habuisset
793 891 965 927 animam
1010 887 1232 926 rationalem
1252 919 1262 938 ,

152 977 180 998 „
209 950 304 987 sicut
331 947 445 986 etism
473 946 596 983 statim
625 956 715 981 cum
753 951 971 994 corpus-est
1013 942 1233 994 dispositum
1252 972 1262 990 ,

150 1030 180 1052 ,‚
209 1000 422 1041 infunditur
449 1013 481 1036 a·
499 998 581 1036 Deo
609 997 737 1035 anima
764 995 957 1034 rationalis
978 1025 989 1044 ,
1018 1009 1107 1047 quae
1137 1003 1264 1033 tamen

153 1083 181 1104 „
209 1067 285 1093 non
311 1061 365 1092 est
395 1065 440 1090 ex
468 1051 623 1090 traduce
653 1053 678 1072 “
696 1076 708 1088 .

210 1105 298 1145 165.
325 1101 488 1154 Quaeres
507 1105 691 1157 septime,
720 1117 778 1142 an
799 1102 959 1142 Adtzrno
988 1115 1067 1140 non
1095 1115 1272 1150 peccan—

146 1167 190 1198 te
217 1160 305 1212 ejus
331 1162 504 1210 posteri,
533 1170 614 1196 non
642 1158 770 1194 solum
800 1162 840 1195 in
863 1158 1022 1209 justitia
1052 1159 1167 1204 nati,
1196 1155 1265 1193 sed

146 1216 274 1252 etiam
303 1212 538 1263 confinmati
554 1205 733 1262 fuiss-'ent
750 1209 775 1246 Ρ

207 1265 297 1311 164-
329 1259 594 1304 Affirmantein
624 1265 844 1302 sententiam
880 1262 1030 1301 tradidit
1060 1262 1100 1300 S.
1133 1261 1263 1300 Amet-

149 1333 235 1359 mus
265 1320 304 1355 in
334 1317 470 1355 Lib.l.
502 1316 580 1354 Cur
595 1315 704 1354 Deus
735 1315 852 1354 homo
870 1330 956 1368 cap.
982 1316 1041 1353 13.
1071 1317 1264 1368 inquiens:

148 1401 178 1422 „
206 1372 250 1409 In
279 1369 355 1408 illa.
376 1368 519 1420 justitia
539 1399 550 1417 ,
599 1371 637 1407 in
665 1383 742 1421 qua
785 1379 888 1407 erant
931 1370 1047 1421 primi
1093 1368 1266 1407 homines

148 1454 178 1475 ,‚
207 1424 425 1471 constituti,
467 1423 643 1469 videtur,
685 1422 788 1473 quod
817 1424 847 1460 si
879 1423 1080 1468 vicissent,
1125 1431 1163 1458 nt
1193 1435 1266 1460 non

151 1506 180 1527 „
208 1483 410 1529 peccarent
439 1477 597 1523 tentati,
626 1476 680 1512 ita
708 1473 1029 1512 confirmarentur
1048 1488 1137 1511 cnm
1162 1476 1265 1512 omni

151 1558 178 1581 ‚,
205 1529 416 1582 propagine
444 1541 539 1576 sua,
587 1535 626 1563 ut
655 1539 813 1578 peccare
858 1526 956 1564 ultra
986 1539 1057 1563 non
1095 1536 1264 1577 possent:

149 1610 178 1633 ‚,
235 1580 532 1619 uemadmodtun
561 1580 654 1632 quia
683 1581 771 1617 victi
803 1588 1082 1631 peccaverunt,
1127 1580 1180 1616 sic
1210 1580 1270 1616 in-

140 1661 176 1686 =„
237 1635 347 1672 rmati
376 1641 490 1681 sunt,
520 1643 559 1671 ut
588 1641 772 1684 quantuni
803 1634 845 1670 in
864 1634 955 1684 ipsis
971 1640 1050 1679 est,
1078 1633 1160 1670 sine
1182 1645 1269 1682 pec-

150 1717 178 1738 „
206 1696 290 1725 cato
317 1701 399 1726 esse
422 1699 496 1725 non
526 1695 674 1739 possent
704 1689 753 1723 (ί.
782 1685 904 1737 Cujus
932 1687 988 1723 sui
1019 1686 1149 1723 asserti
1170 1684 1270 1722 lianc

147 1741 272 1780 reddit
314 1741 524 1779 rationem:
573 1769 599 1788 ,‚
642 1739 737 1786 Quis
779 1741 884 1778 enim
929 1739 1065 1776 audeat
1113 1738 1267 1786 dicere,

206 1794 292 1847 plus
319 1793 453 1833 valere
477 1793 702 1845 injustitiam
733 1793 781 1830 ad
809 1791 1048 1844 alligandum
1079 1792 1120 1829 in
1150 1793 1268 1830 servi-

149 1877 178 1896 „
207 1855 287 1886 tute
315 1846 509 1885 hominem
540 1849 580 1884 in
611 1847 737 1898 prima
758 1846 998 1897 persuasione
1018 1845 1090 1883 sibi
1112 1858 1268 1883 consen-

150 1929 178 1950 „
208 1901 361 1939 tienteni
379 1929 391 1948 ,
419 1913 537 1953 quam
568 1900 708 1937 valeret
738 1898 879 1950 justitia
894 1900 941 1936 ad
957 1897 1265 1937 confirmandum

151 1983 177 2002 „
207 1967 295 1991 cum
326 1950 500 1991 libertate
541 1952 616 1991 sibi
646 1953 684 1990 in
727 1953 858 1990 eadem
896 1954 1024 2004 prima
1065 1954 1267 1991 tentatione

151 2036 178 2055 „
208 2006 463 2045 adherentem
493 2005 553 2044 “?

203 2061 290 2099 165.
320 2059 456 2101 Verior
484 2069 610 2098 tamen
642 2067 720 2108 est,
751 2055 1063 2098 &communiter
1093 2074 1116 2098 a
1136 2058 1263 2098 Theo-

142 2111 239 2164 logis
267 2113 423 2166 probata
452 2113 622 2152 doctrina
651 2113 781 2152 Sancti
811 2112 973 2151 Thomae
991 2115 1021 2152 Ι.
1053 2112 1094 2152 Ρ.
1124 2123 1261 2166 quaest.

148 2178 237 2205 100.
267 2176 338 2205 art.
370 2181 435 2216 2.,
478 2175 640 2218 posteros
670 2166 764 2204 Adae
808 2167 1018 2206 innocentis
1047 2168 1086 2205 in
1116 2167 1262 2218 justitia

140 2219 298 2271 quidem
327 2221 506 2273 originali
537 2220 652 2258 fuisse
679 2221 915 2270 nascituros,
959 2234 1034 2259 non
1063 2229 1190 2259 tamen
1221 2222 1260 2259 in

142 2286 186 2310 ea
215 2273 524 2312 confirmandos.
554 2273 636 2311 Hoc
666 2283 794 2325 aperte
825 2275 988 2312 insinuat
1017 2274 1058 2312 S.
1082 2275 1260 2326 Augusti-

138 2339 214 2364 nus
242 2327 333 2367 Lib..
363 2326 472 2365 xlv.
514 2325 563 2364 de
594 2325 704 2364 Ciu-tt.
734 2326 812 2364 Dei
840 2341 926 2378 cap.
961 2341 1021 2366 io.
1060 2329 1258 2379 inquiens:

140 2407 171 2428 „
199 2379 328 2425 Quam
358 2381 474 2431 igitur
514 2379 646 2417 felices
684 2389 789 2417 erant
831 2382 950 2431 primi
980 2380 1178 2429 homines,
1227 2381 1260 2417 8<

144 2459 171 2479 „
201 2432 316 2469 nullis
345 2431 582 2483 agitabantur
623 2432 972 2482 perturbationibus
1015 2437 1230 2472 animorum
1249 2464 1260 2481 ,

139 2512 169 2531 „
197 2483 314 2521 nullis
340 2496 544 2536 corporum
573 2482 814 2520 laedebantur
857 2486 1133 2530 incommodis5
1180 2496 1257 2523 tam

141 2566 168 2586 „
197 2535 290 2575 felix
320 2536 494 2576 universa
521 2538 677 2575 societas
707 2544 797 2574 esset
816 2534 983 2573 humana
1001 2565 1011 2583 ,
1041 2537 1072 2574 si
1102 2537 1257 2574 necilli

141 2618 169 2640 „
199 2592 214 2641 (
245 2590 362 2641 primi
391 2598 561 2640 parentes
592 2591 606 2636 )
634 2587 783 2627 malum
802 2618 812 2637 ‚
843 2589 944 2640 quod
975 2589 1088 2626 etiam
1119 2590 1159 2627 iu
1190 2602 1256 2640 po-

126 2660 168 2700 ),
199 2650 310 2680 steros
338 2641 586 2693 trajecerunt,
616 2654 689 2679 nec
719 2646 927 2692 quisquam
945 2655 998 2679 ex
1013 2654 1148 2680 eorum
1168 2646 1255 2679 sttr-

141 2725 169 2746 „
197 2708 244 2746 pe
273 2698 522 2747 iniquitatem
558 2699 852 2742 committeret,
899 2708 985 2744 quoe
1028 2694 1256 2732 ‹lamnatio-

140 2779 170 2800 ,‚
199 2762 293 2788 nem
334 2753 521 2799 reclperet
552 2751 578 2770 “
599 2775 610 2787 .
655 2747 727 2786 Pro
756 2757 856 2786 certo
893 2750 1009 2799 igitur
1052 2748 1183 2786 habuit
1213 2748 1256 2786 S.

138 2801 308 2851 Doctor,
351 2804 466 2842 etiam
496 2803 644 2842 Adamo
671 2815 745 2840 non
774 2811 979 2854 peccante,
1022 2803 1187 2853 potuisse
1216 2817 1256 2839 a·

142 2854 266 2908 liquos
294 2869 339 2894 ex
369 2856 451 2909 ejus
482 2857 598 2908 stirpe
640 2856 881 2908 iniquitatem
910 2856 1174 2904 committere,
1223 2855 1256 2891 ἃ

142 2908 343 2960 damnari,
374 2911 477 2963 quod
505 2911 551 2949 de
579 2909 815 2949 confirmatis
842 2910 883 2947 iu
911 2910 1033 2962 gratia
1061 2909 1139 2947 dici
1167 2907 1256 2946 nul-

145 2959 292 3001 latenus
317 2973 471 3015 potest..

203 3013 289 3052 166.
316 3016 512 3067 Ulterius,
554 3027 596 3056 ut
622 3018 726 3057 bene.
761 3017 966 3069 colligebat
995 3017 1121 3055 Sanct.
1152 3015 1257 3054 Tho-

145 3080 226 3106 mas
255 3096 282 3115 „
310 3071 554 3110 manifestum
575 3081 652 3121 est,
680 3071 784 3125 quod
813 3073 924 3124 pueri
955 3072 993 3108 in
1021 3085 1089 3109 sua
1117 3071 1255 3107 nativi-

148 3150 174 3170 „
204 3128 276 3158 tate
305 3133 377 3161 non
405 3121 619 3163 habuissent
647 3123 734 3178 plus
763 3125 1026 3178 perfectionis,
1056 3138 1173 3176 quam
1188 3135 1256 3159 eo·

147 3201 175 3222 ‚,
205 3187 290 3212 rutn
321 3178 560 3227 parentesin
588 3186 682 3219 statu
697 3181 967 3231 generationis.
998 3177 1170 3215 Parentes
1190 3190 1257 3213 au-

148 3255 176 3276 „
206 3236 282 3265 tem
299 3257 310 3275 ‚
358 3229 542 3286 quamdiu
569 3242 803 3283 generassent
833 3231 1094 3272 nou.suissent
1121 3229 1258 3268 constr-

147 3309 177 3332 „
208 3283 299 3318 mati
331 3282 368 3319 in
398 3283 566 3333 justitia.
612 3284 671 3322 Ex
702 3284 772 3322 hoc
801 3287 921 3323 enim
945 3294 1118 3323 creatura
1147 3283 1260 3320 ratio·

147 3363 175 3385 „
206 3333 306 3374 nalis
337 3336 376 3374 in
404 3335 554 3388 justitia
568 3337 840 3385 confirmatur,
869 3338 969 3391 quod
989 3336 1151 3377 efficitur
1171 3337 1261 3375 hea-

144 1823 177 1844 ’5

2312 116 2384 156 15¹

1390 205 1426 233 ta
1456 209 1521 246 pet·
1552 204 1718 245 apertam
1751 194 1822 232 Dei
1854 196 2036 232 visionem
2056 223 2067 242 ,
2097 193 2157 231 cui
2177 193 2254 230 viso
2269 206 2343 229 nun
2367 201 2446 244 pot-

1393 258 1444 286 est
1472 261 1545 286 non
1576 247 1785 294 inhaerere,
1815 261 1902 285 cum
1935 249 2012 299 ipse
2041 248 2086 284 sit
2104 247 2185 298 ipsa
2207 246 2359 282 essentia
2381 246 2448 282 bo-

1392 303 1536 347 nitatis,
1579 315 1600 338 a
1630 315 1706 352 qua
1735 300 1861 336 nullus
1893 310 2006 351 potest
2036 301 2182 347 averti,
2224 311 2312 336 cum
2343 297 2443 336 nittit

1390 355 1648 401 desideretur,
1678 353 1710 390 8<
1741 362 1916 400 atnetur,
1959 356 2030 391 nisi
2061 353 2132 390 sub
2163 353 2305 390 ratione
2334 350 2446 389 boni.

1389 408 1437 445 Et
1469 407 1536 444 hoc
1557 407 1642 444 dico
1659 436 1669 453 ,
1699 407 1906 443 secuudum
1926 405 2043 456 legem
2061 418 2326 452 communem,
2356 406 2448 456 quia

1389 474 1433 497 ex
1463 460 1594 512 aliquo
1623 458 1825 511 privilegio
1853 460 2006 509 speciali
2038 472 2142 497 secus
2174 457 2346 496 accidere
2368 468 2446 508 pot-

1333 544 1358 561 „
1389 522 1470 560 est,
1518 516 1613 551 sicut
1657 512 1822 550 creditur
1863 514 1908 548 de
1941 511 2096 562 Virgine
2134 511 2258 549 Matre
2291 510 2390 548 Dei.
2420 513 2445 531 “

1333 566 1668 615 Quemadmodum
1714 566 1827 616 igitur
1870 566 1898 601 si
1945 567 2058 616 primi
2114 565 2229 603 nostri
2276 572 2445 615 parentes

1334 633 1408 658 non
1442 628 1681 670 peccassent,
1711 632 1784 655 non
1815 618 1966 656 fuissent
1997 618 2211 656 confirmati
2233 618 2272 655 in
2300 617 2418 667 gratia
2436 646 2447 664 ,

1336 675 1387 712 ita
1417 687 1485 711 nec
1516 685 1646 710 eorum
1680 671 1778 709 filii.

1395 726 1482 778 167.
1501 726 1670 765 Anseltni
1687 725 1899 764 auctoritati
1922 726 2065 778 reponit
2085 724 2286 775 Angelicus
2302 753 2329 771 „
2344 723 2446 776 quod

1335 810 1360 829 „
1390 779 1462 818 hoc
1491 793 1565 819 non
1593 780 1685 817 dicit
1715 778 1956 827 asserendo,
1988 780 2048 815 sed
2077 777 2308 829 0p211t112=lo,·
2345 777 2447 850 ‹juod

1334 863 1361 882 „
1393 842 1491 885 patet
1523 832 1561 871 iu
1590 835 1670 884 ipso
1701 832 1812 870 modo
1842 831 2048 883 loquendi,
2078 846 2164 869 etun
2183 831 2298 868 dicit:
2331 828 2446 866 litle-

1333 916 1360 935 „
1389 896 1472 934 tur,
1502 886 1602 936 quod
1631 890 1665 923 se‘
1692 890 1870 923 vicissent
1892 886 1978 926 (ys.
2009 888 2034 906 “
2067 886 2126 922 Ab
2159 886 2227 921 liae
2257 893 2384 921 tannen
2405 882 2446 920 S.

1331 939 1503 980 Anseltni
1532 941 1735 992 opinione,
1765 938 1991 977 nonsolutu
2021 938 2061 975 S.
2083 938 2280 984 Thomas,
2311 937 2373 973 sed
2405 947 2445 970 o-

1331 1007 1436 1033 mnes
1466 993 1545 1031 fere
1563 991 1747 1044 Tlteologi
1778 1007 1866 1031 ειιιιι
1896 993 2022 1030 debita
2054 992 2261 1028 reverentia
2292 1003 2449 1027 recesse-

1331 1057 1449 1095 runt,
1479 1056 1519 1085 ut
1547 1046 1587 1083 S.
1620 1047 1850 1097 Augustino,
1880 1045 1990 1096 cujus
2019 1055 2119 1082 certe
2150 1043 2271 1094 major
2302 1052 2353 1080 est
2382 1056 2449 1078 au-

1333 1103 1481 1139 etot-itas
1500 1131 1510 1148 ,
1540 1099 1786 1137 adhaereant.
1818 1100 1950 1151 Neque
1981 1099 2095 1135 etiam
2115 1098 2279 1135 inultum
2312 1096 2449 1147 ponde-

1333 1156 1383 1192 ris
1413 1154 1524 1192 habet
1555 1155 1648 1190 ratio
1676 1168 1697 1191 a
1727 1153 1766 1190 S.
1790 1153 1969 1190 Anselmo
1997 1150 2139 1195 allata3
2170 1159 2221 1186 est
2251 1152 2354 1185 enini
2378 1147 2449 1185 sal-

1331 1221 1416 1245 sum
1433 1238 1444 1256 ,
1475 1207 1672 1245 homiuem
1702 1205 1855 1258 lapsum
1877 1207 1928 1243 ita
1958 1218 2035 1241 esse
2058 1205 2095 1240 in
2117 1203 2221 1239 inalo
2248 1201 2451 1239 consitum·

1334 1269 1414 1298 tutn
1433 1291 1443 1308 ,
1474 1270 1512 1298 ut
1541 1273 1618 1297 non
1648 1261 1758 1311 possit
1788 1259 1860 1296 Dei
1890 1259 2013 1309 gratia
2043 1255 2228 1302 liberari,
2260 1255 2358 1291 unde
2381 1254 2451 1291 sal-

1332 1327 1370 1351 sa
1401 1323 1451 1351 est
1480 1326 1632 1364 quoque
1664 1310 1836 1350 Anselnii
1867 1312 2015 1358 illatio,
2064 1309 2236 1347 homines
2278 1308 2451 1346 debuisse

1332 1368 1522 1417 ingratia
1564 1364 1814 1412 confirmari,
1863 1366 1894 1402 si
1924 1365 2063 1415 pritnae
2105 1363 2302 1401 tentationi
2346 1363 2451 1399 resti-

1335 1421 1459 1458 {issent
1481 1446 1490 1457 .

1335 227 1361 245 29

1336 279 1362 297 ’3

1335 331 1362 351 25

1335 385 1361 404 θ’

1334 438 1359 457 >2

1334 491 1358 509 ’³

1394 1472 1480 1511 163.
1511 1471 1586 1510 Ob.
1615 1472 1874 1510 auctoritatem
1904 1469 1945 1507 S.
1976 1469 2150 1521 Gregorii
2183 1468 2323 1520 l‘apae,
2390 1481 2449 1504 uae

1335 1525 1424 1564 bib.
1458 1526 1524 1563 lv.
1556 1526 1777 1562 Mor-,ilium
1808 1539 1894 1575 cap.
1928 1522 1991 1561 28.
2024 1522 2219 1574 explicans
2250 1521 2345 1558 iliud
2390 1521 2452 1559 ob.

1341 1578 1407 1615 lli.
1444 1579 1528 1616 15.:
1576 1577 1695 1615 ,Nunc
1726 1582 1834 1615 enim
1863 1577 2066 1614 dormiens
2095 1577 2283 1623 silerem,
2313 1574 2362 1614 C>
2392 1587 2453 1611 so·

1340 1643 1435 1667 mno
1464 1643 1554 1667 meo
1583 1642 1867 1680 requiescerem
1887 1659 1897 1676 ,
1929 1630 2076 1681 inquit:
2126 1658 2151 1676 „
2182 1629 2223 1666 Si
2255 1636 2452 1680 parentem

1339 1712 1366 1731 „
1396 1683 1565 1735 primum
1598 1683 1704 1720 nulla
1733 1682 1892 1734 putredo
1921 1682 2066 1732 peccati
2095 1690 2341 1731 corruperat,
2388 1694 2454 1717 ne-

1339 1765 1365 1785 „
1394 1750 1587 1788 quaquam
1618 1749 1663 1773 ex
1691 1749 1730 1772 se
1748 1735 1861 1787 filios
1889 1733 2083 1786 gehennoe
2110 1742 2354 1785 generarem
2392 1734 2455 1770 sed

1339 1819 1365 1837 „
1398 1788 1433 1826 bi
1466 1792 1529 1842 qui
1564 1802 1661 1826 nnnc
1712 1802 1766 1826 ier
1799 1787 2088 1838 Redemptorem
2132 1785 2303 1824 salvandi
2346 1795 2453 1832 sunt,

1340 1871 1366 1891 „
1396 1842 1466 1881 soli
1495 1843 1545 1880 ab
1577 1842 1644 1880 illo
1672 1804 1783 1880 eiecti
1816 1850 2057 1879 nascerentur
2086 1842 2113 1861 “
2132 1866 2143 1878 .

1400 1896 1485 1948 169.
1517 1896 1589 1935 Sed
1621 1895 1704 1934 ltaec
1734 1895 1774 1933 S.
1806 1896 1984 1946 Gregorii
2016 1893 2133 1931 verba
2177 1891 2290 1931 facile
2333 1891 2455 1943 expli-

1335 1959 1469 1988 cantui·
1499 1964 1587 1989 cunt
1619 1950 1660 1987 S.
1692 1948 1870 1996 Thema,
1918 1947 2018 1999 quod
2049 1946 2148 1985 nihil
2191 1944 2455 1995 aliudssvolue-

1335 2004 1383 2043 rit
1400 2033 1411 2052 ,
1441 2017 1557 2055 quan]
1577 2004 1724 2042 adamo
1753 2015 1829 2041 non
1859 2010 2041 2054 peccante
2058 2030 2069 2048 ,
2098 1999 2180 2050 ejus
2197 2008 2358 2051 posteros
2378 2011 2453 2038 non

1335 2057 1480 2095 futuros
1499 2057 1614 2109 fillos
1643 2055 1864 2108 gehennoe,
1902 2055 1992 2092 idest
2021 2065 2096 2092 non
2127 2054 2335 2090 nascituros
2379 2065 2452 2090 ›ec-

1332 2121 1415 2150 cato
1443 2109 1574 2163 aliquo
1601 2110 1823 2157 obstrictos,
1866 2121 1944 2160 quo
1973 2105 2143 2144 homines
2186 2105 2285 2144 fiunt
2312 2067 2451 2156 gelien-

1330 2178 1392 2202 nae
1423 2164 1526 2212 filii,
1573 2162 1764 2215 quomodo
1792 2174 1923 2198 omnes
1954 2159 2124 2198 homines
2154 2172 2256 2197 nunc
2286 2172 2448 2197 nascun-

1332 2226 1392 2255 tur
1409 2218 1493 2270 szlii
1523 2220 1624 2261 iroe;
1654 2224 1870 2255 nouantem
1891 2215 1993 2267 quod
2014 2214 2233 2265 negaverit,
2264 2213 2362 2263 ipsos
2384 2223 2468 2263 per·

1331 2270 1499 2309 liberum
1531 2270 1734 2308 arbitrium
1765 2281 1838 2306 non
1869 2268 2035 2320 potuisse
2063 2266 2258 2318 peccando
2286 2265 2370 2302 fieri
2401 2264 2447 2302 fi-

1329 2323 1400 2363 lios
1429 2324 1611 2375 gehennae
1631 2350 1641 2362 .
1690 2322 1761 2359 Vel
1794 2323 1907 2360 etiam
1938 2321 2014 2358 diei
2046 2329 2189 2373 potest,
2219 2319 2450 2356 existimasse

1329 2377 1369 2417 S.
1400 2379 1629 2430 Gr·.·gm·i1un
1649 2407 1658 2424 ,
1694 2376 1839 2413 Atlamo
1869 2387 1941 2412 non
1974 2382 2185 2425 peccante,
2220 2371 2372 2410 nullutn
2403 2384 2447 2408 ex

1329 2430 1411 2482 ejus
1443 2433 1597 2483 posteris
1626 2431 1847 2467 damnatum
1879 2430 1955 2476 iri,
1999 2441 2071 2465 non
2103 2427 2194 2478 quia
2227 2426 2379 2462 tuissent
2408 2438 2448 2458 o-

1328 2498 1435 2522 mnes
1465 2483 1678 2521 confirmati
1713 2486 1749 2519 in
1779 2483 1926 2533 gratia3
1969 2482 2031 2519 sed
2061 2480 2193 2518 divina
2236 2491 2296 2515 eos
2326 2485 2447 2529 prote-

1325 2546 1432 2586 gente
1462 2535 1701 2573 Providentia
1720 2564 1729 2581 ,
1762 2548 1806 2570 ne
1835 2535 2134 2579 damnarentur,
2172 2531 2349 2583 quamvis
2379 2530 2447 2567 ab-

1326 2587 1444 2624 solute
1474 2600 1631 2638 peccare
1660 2594 1834 2637 possent,
1865 2584 1900 2618 ἃ
1928 2585 2131 2627 damnari3
2175 2586 2271 2620 sicut
2299 2584 2447 2620 contin-

1325 2641 1377 2691 git
1407 2640 1446 2677 in
1477 2639 1656 2676 omnibus
1687 2637 1960 2688 praetlestinatis
1978 2665 1988 2682 ,
2019 2637 2088 2686 qui
2109 2647 2182 2671 non
2202 2644 2286 2672 sunt
2307 2633 2445 2672 constr-

1327 2694 1417 2732 mati
1450 2694 1487 2730 iu
1517 2693 1662 2742 gratia,
1692 2689 1725 2724 ἃ
1754 2690 1928 2727 damnari
1960 2697 2132 2740 possunt3
2163 2689 2287 2739 reipsa
2316 2696 2461 2725 tamen>

1326 2759 1439 2783 nemo
1469 2759 1600 2782 eorum
1629 2745 1859 2787 damnatum
1908 2754 2018 2792 cujus
2048 2742 2101 2778 rei
2141 2739 2360 2792 exemplum
2392 2740 2444 2778 A·

1327 2799 1415 2837 dam
1434 2828 1445 2846 ,
1493 2797 1526 2834 8<
1558 2797 1640 2836 Eva
1668 2797 1935 2849 suppeditant,
1983 2794 2050 2846 qui
2081 2802 2181 2832 certe
2209 2802 2313 2831 erant
2343 2806 2444 2845 prae-

1325 2853 1527 2900 destinati,
1558 2864 1634 2890 non
1665 2860 1789 2888 tamen
1812 2850 1956 2886 fucrant
1988 2847 2201 2885 confirmati
2233 2847 2272 2885 in
2299 2846 2444 2898 justitia

1325 2904 1531 2958 originali,
1563 2906 1600 2942 in
1629 2918 1704 2956 qua
1734 2904 1860 2955 primo
1889 2914 1947 2938 eos
1965 2899 2068 2938 Deus
2096 2908 2309 2939 creaverat.
2329 2897 2442 2948 'Quae

1325 2960 1490 2999 secunda
1521 2958 1723 3009 explicatio
1761 2955 1908 2994 videtur
1935 2955 2053 2992 menti
2083 2952 2123 2992 S.
2153 2953 2331 3004 Gregorii
2361 2968 2442 2991 ma-

1324 3015 1382 3066 gis
1410 3021 1683 3057 consentanea,
1712 3010 1780 3061 qui
1798 3008 1934 3046 vultin
1963 3021 2007 3046 ea
2034 3005 2236 3060 ltypotltesi
2267 3019 2327 3045 eos
2346 3006 2443 3044 solos

1325 3068 1560 3112 nascituros,
1602 3065 1668 3115 qui
1700 3062 1871 3100 salvandi
1901 3071 2030 3099 erant.
2078 3060 2128 3099 Et
2157 3062 2205 3099 de
2232 3059 2344 3098 beato
2369 3059 2440 3099 illo

1325 3122 1452 3172 primo
1481 3117 1702 3155 innocentiae
1744 3124 1839 3153 statu
1870 3115 2075 3162 ltactenus;
2123 3127 2227 3152 nunc
2256 3115 2302 3152 de
2344 3122 2439 3150 statu

1326 3182 1469 3210 naturae
1501 3170 1645 3222 lapsae,
1675 3171 1714 3207 in
1744 3181 1821 3222 quo
1850 3168 2054 3208 infeliciter
2083 3169 2280 3217 vivimus,
2320 3166 2440 3204 multo

1327 3224 1439 3278 plura
1469 3223 1629 3262 dicenda
1658 3231 1770 3261 sunt.

2307 3374 2401 3421 SE·-
