2583 3685
854 2 1137 48 REGULAE
1170 3 1250 48 DE
1286 6 1479 50 COMM.
1513 7 1704 51 IDIOM.

139 87 226 138 ¹6„
254 102 303 128 an
331 85 378 127 slt
404 99 494 126 vera
521 83 608 122 haec
627 84 859 137 propositiO,
890 84 1000 122 Deus
1019 94 1077 122 esc
1098 83 1249 122 homo?

186 143 279 194 607.
310 140 517 191 Respondet
545 147 670 175 autem
688 167 698 185 ,
747 137 843 176 hauc
872 139 1168 190 propositionem
1197 138 1248 175 ab

132 197 309 235 omnibus
326 192 550 231 Christianis
579 192 761 240 concedi,
793 204 865 230 uon
895 201 1021 230 tamen
1052 191 1102 229 ab
1121 191 1246 228 omni-

132 249 206 288 hus
233 246 439 285 secundum
469 245 644 282 eamdem
675 247 857 283 rationem
877 271 887 282 .
916 244 1088 291 Quidam
1117 245 1245 290 enim,

132 310 172 340 ut
202 297 444 346 Manichaei,
490 297 661 336 Verbum
694 299 764 337 Dei
796 298 993 336 hominem
1037 311 1113 334 esse
1139 296 1246 333 dixe-

130 361 246 397 runt,
276 363 351 390 non
380 364 513 389 verum
533 381 543 399 ,
574 352 636 390 sed
666 351 1059 397 similitudinariam,
1104 362 1245 399 ponen-

128 414 182 443 tes
212 403 358 443 Filium
380 404 453 442 Dei
482 406 728 457 assumpsisse
755 418 909 444 carnem
939 402 1215 454 phantasticam
1234 426 1246 437 .

129 457 238 504 Alii,
269 467 306 495 ut
335 457 578 506 photiniani,
627 459 823 497 veritatem
852 457 977 495 carnis
1005 455 1246 492 admittentes

128 512 168 550 in
195 510 371 558 Christo,
403 524 531 549 veram
562 512 744 563 negabant
774 510 1050 548 Divinitatem.
1082 506 1160 543 Alii
1180 506 1244 543 de-

128 578 266 612 mum,
298 574 335 602 ut
366 564 575 603 Nestoriani
595 594 606 613 ,
643 563 899 603 concedebant
928 561 1125 598 veritatem
1157 573 1244 610 pro-

130 619 352 670 positionis,
411 627 567 657 uantum
597 618 643 656 ad
674 627 878 706 utrumque
909 614 1138 672 terminum,
1170 626 1244 650 non

128 681 256 709 tamen
285 671 390 710 salva
444 681 484 710 nt
505 673 698 711 veritatem
719 683 814 720 ρνα.
831 670 1039 714 ι’σιιτιόηῐς,
1069 679 1162 718 qiua
1179 679 1243 703 vo-

126 724 282 772 lebant,
329 723 528 763 hominem
570 724 772 776 praedicari
814 722 861 759 de
891 720 973 757 Deo
1014 718 1136 758 solum
1175 732 1243 771 per

126 777 336 829 quamdam
364 777 671 829 conjunctionem
700 774 761 813 vel
780 775 995 826 dignitatis,
1026 772 1083 810 vel
1115 782 1242 811 aucto-

125 832 273 878 ritatis,
302 830 364 869 vel
393 834 506 869 etiam
535 829 770 876 affectionis,
799 837 866 866 aut
897 827 1212 865 inhabitationis.

180 884 274 922 608.
305 913 332 932 „
363 884 404 922 Iu
432 881 599 921 similem
627 894 824 929 errorem,
857 880 982 920 subdit
1014 878 1240 930 Angelicus,

126 967 154 987 „
183 937 359 976 incidunt
398 937 638 987 quicumque
680 944 826 985 ponunt
861 935 953 972 duas
997 932 1242 986 hypostases,

124 1019 154 1040 :n
182 989 243 1028 vel
272 989 348 1027 duo
376 988 569 1042 supposita
595 989 636 1027 in
665 987 842 1026 Christo.
873 991 899 1009 “
930 985 1030 1024 Vide
1058 999 1173 1037 supra
1201 999 1241 1024 n.

125 1055 193 1096 92.
225 1041 289 1095 (a)
307 1067 318 1080 .

177 1095 270 1149 609.
301 1094 371 1134 His
398 1104 525 1134 autem
554 1093 717 1147 explosis
745 1094 938 1134 erroribus
958 1095 1009 1132 ita
1036 1093 1241 1146 quaestioni

122 1149 348 1201 respondet:
379 1178 406 1196 „
435 1149 694 1201 Supponendo
722 1149 930 1186 secundum
960 1149 1158 1186 veritatem
1178 1160 1242 1184 ca·

124 1231 152 1254 „
181 1201 334 1240 tholicae
363 1201 480 1250 fidei,
506 1202 612 1254 quod
642 1216 730 1241 vera
758 1211 894 1240 natura
913 1202 1043 1240 divina
1062 1202 1169 1238 unita
1189 1208 1242 1238 est

124 1285 154 1304 „
177 1268 272 1293 cum
303 1267 392 1293 vera
421 1264 555 1293 natura
585 1253 779 1303 humana,
827 1268 902 1293 non
933 1254 1057 1294 solum
1089 1256 1126 1292 in
1158 1267 1241 1305 per-

122 1337 153 1357 „
182 1321 297 1356 sona,
339 1308 402 1346 sed
432 1309 546 1347 etiam
589 1309 628 1346 in
656 1310 875 1360 suppositO,
924 1308 984 1347 vel
1015 1307 1239 1360 hypostasi,

124 1390 152 1410 „
181 1361 372 1410 dicimus,
420 1360 520 1400 hanc
557 1363 856 1414 propositionem
895 1375 970 1400 esse
999 1375 1158 1409 veram,
1207 1360 1240 1397 &

119 1443 151 1464 „
181 1416 374 1466 propriam
392 1444 404 1463 ,
432 1413 544 1452 Deus
572 1425 630 1452 est
650 1413 793 1463 homo,
823 1428 900 1453 non
933 1413 1058 1453 solum
1089 1423 1242 1466 propter

123 1496 151 1516 ,‚
181 1469 378 1506 veritatem
421 1470 671 1507 terminorum
716 1471 732 1519 (
761 1470 855 1521 quia
897 1468 1042 1507 scilicet
1069 1468 1241 1506 Christus

120 1548 151 1569 ῃ
180 1529 233 1558 est
261 1533 371 1559 verus
401 1519 531 1570 Deus,
580 1520 614 1558 &
643 1535 755 1560 verus
797 1521 911 1559 homo
941 1522 986 1570 ),
1033 1521 1096 1558 sed
1126 1522 1241 1561 etiam

121 1603 151 1623 „
180 1582 335 1626 propter
362 1575 560 1613 veritatem
590 1575 874 1626 praedicationis
904 1575 974 1612 διο.
1005 1578 1031 1598 “

175 1629 337 1674 Quaeres
365 1628 552 1677 secundo,
583 1642 632 1667 au
652 1629 696 1667 sit
717 1641 806 1668 vera
826 1627 909 1667 haec
927 1629 1135 1682 propositio
1156 1627 1238 1666 Ho-

122 1692 190 1718 mo
218 1689 277 1718 est
305 1679 458 1719 Deus?

176 1732 270 1771 610.
301 1732 512 1786 Respondet
539 1735 746 1788 Angelicus
775 1744 911 1790 quaest.
946 1736 1006 1776 16.
1035 1738 1144 1777 artic.
1176 1751 1237 1786 2.‚

123 1785 222 1825 hanc
265 1789 564 1840 propositionem
602 1804 679 1829 esse
713 1803 881 1839 veram,
929 1792 979 1831 Cf>-
1006 1796 1238 1843 propriam.

117 1869 151 1890 ῃ
180 1839 262 1879 Hoc
291 1842 396 1879 enim
424 1855 562 1881 nomeu
604 1842 719 1881 homo
760 1853 877 1895 potest
919 1857 1134 1896 supponere
1170 1857 1239 1893 pro

121 1923 150 1943 „
179 1892 351 1946 qualibet
381 1893 576 1948 hypostasi
620 1895 817 1941 humana3
860 1896 894 1933 &
923 1898 976 1934 ita
1005 1905 1120 1948 potest
1149 1908 1237 1946 sup-

121 1975 151 1997 „
175 1959 318 1999 ponere
348 1962 417 2000 pro
458 1961 618 2000 persona.
647 1949 742 1987 Filii
773 1949 869 1996 Dei,
915 1962 1034 2001 quam
1070 1949 1238 1986 dicimus

119 2028 149 2053 „
174 2014 256 2039 esse
283 2001 518 2054 hypostasim
549 2001 731 2050 humanae
762 2011 908 2042 naturae
926 2027 936 2039 .
984 2001 1237 2040 Manifestum

119 2082 147 2102 ,‚
177 2062 229 2092 est
257 2063 384 2092 autem
401 2083 412 2103 ,
442 2055 543 2106 quod
573 2054 619 2092 de
647 2067 808 2108 persona
829 2055 924 2093 Filii
945 2055 1019 2092 Dei
1048 2068 1157 2101 rere,
1187 2054 1237 2092 (9⁶

118 2134 145 2156 „
173 2110 327 2159 proprie
352 2108 588 2160 praedicatur
618 2107 688 2146 hoc
715 2116 857 2146 nomen
878 2107 1017 2144 Deus:
1050 2108 1146 2143 unde
1178 2118 1236 2141 re-

117 2187 147 2208 „
174 2159 520 2212 linquiturgquod
549 2160 634 2197 haec
663 2161 710 2196 sit
739 2172 853 2204 vera,
883 2158 917 2193 ἃ
948 2160 1119 2209 propria:
1152 2155 1235 2194 Ho-

120 2240 148 2260 „
171 2224 243 2248 -mo
268 2221 328 2249 est
343 2210 455 2248 Deus
484 2213 533 2249 “.
563 2211 646 2248 Hoc
675 2220 800 2250 tamen
817 2223 956 2247 nomen
973 2209 1105 2258 Deus,
1135 2212 1236 2262 quod

116 2277 227 2302 sensu
256 2262 336 2314 jam
366 2261 555 2316 explicato
583 2263 816 2315 praedicatur
845 2263 891 2300 de
920 2262 1096 2309 homine,
1124 2264 1238 2302 debet

117 2317 252 2355 restriu
281 2318 293 2355 i
321 2316 367 2355 ad
396 2329 594 2368 personam
624 2315 767 2365 Verbi,
796 2318 890 2368 quia
916 2316 1041 2355 soium
1062 2314 1103 2354 V
1099 2316 1237 2356 erbum

117 2382 216 2408 caro
234 2330 404 2421 jss'accum
433 2378 518 2409 est.

171 2423 267 2462 611.
297 2423 430 2477 Neque
459 2436 550 2463 vero
590 2424 678 2477 quis
714 2424 880 2472 inferat,
927 2438 971 2463 ex
1002 2424 1071 2464 hoc
1100 2427 1236 2479 sequi,

117 2477 231 2516 nobis
258 2486 450 2516 recentem
471 2491 547 2517 esse
563 2477 718 2523 Denm3
746 2480 848 2529 quod
879 2477 911 2514 ἃ
942 2492 1008 2530 per
1034 2493 1074 2516 se
1102 2479 1238 2517 absur-

118 2530 214 2568 dum
243 2540 319 2580 est,
348 2531 382 2568 &
411 2532 617 2583 opponitur
645 2531 723 2570 illis
752 2531 880 2570 verbis
908 2531 1049 2570 Psalmi
1070 2531 1237 2571 LXXX.

119 2595 160 2636 9.
189 2582 285 2622 ,Νι-ιη
315 2588 388 2623 eric
429 2588 473 2622 in
500 2594 538 2622 te
567 2583 677 2622 Deus
705 2598 872 2623 recens.
921 2585 1004 2628 Non
1050 2587 1236 2638 inquam3

119 2649 166 2675 ex
195 2638 366 2678 doctrina
394 2640 498 2676 enim
529 2637 710 2677 hactenus
739 2641 932 2691 exposita,
962 2652 1036 2677 non
1065 2639 1235 2676 admitti-

117 2704 204 2730 mus
224 2691 352 2731 Deum
383 2701 594 2738 recentem3
623 2693 687 2730 sed
715 2693 906 2740 dicimus,
937 2691 1111 2730 Verbum
1131 2692 1235 2745 quod

120 2753 209 2783 erat
237 2749 278 2783 in
305 2750 522 2797 principle,
566 2747 660 2785 idest
689 2746 740 2784 ab
769 2755 930 2795 aeteruo,
973 2759 1127 2784 carnem
1156 2759 1234 2783 esse

120 2795 287 2847 factum,
314 2814 359 2838 ac
388 2809 589 2854 propterea
618 2813 754 2838 verum
783 2815 880 2848 esse,
909 2800 1010 2852 quod
1040 2799 1155 2837 homo
1174 2808 1235 2837 est

122 2847 256 2888 Deus:
303 2861 343 2891 ut
371 2861 448 2891 tota
476 2855 649 2902 novitas,
698 2853 730 2890 8(
760 2855 917 2892 imitatio
946 2854 992 2891 sit
1022 2855 1058 2890 in
1102 2861 1235 2891 natura

120 2912 314 2956 assumpta
342 2905 382 2944 in
397 2908 875 2955 consortiumdivinitatis,
902 2919 977 2946 uon
1006 2907 1044 2944 in
1072 2916 1232 2955 natura,

120 2963 187 2993 aut
216 2970 374 3008 persona
401 2959 530 2998 divina
549 2987 561 2999 .

177 3039 205 3057 „
233 3009 394 3057 Quaeres
422 3014 552 3059 tertio,
583 3022 711 3055 utrum
725 3014 897 3054 Christus
925 3015 1040 3068 possit
1069 3013 1145 3051 dici
1167 3012 1232 3050 lio-

126 3092 152 3112 „
182 3075 247 3100 mo
275 3061 551 3103 Dominicus?
579 3070 606 3091 ‘⁸

170 3191 219 3225 (α)
248 3187 284 3220 ld
310 3189 448 3231 negavit
475 3187 638 3221 petavius
665 3189 742 3223 Lib.
768 3191 829 3224 lv.
868 3191 921 3226 De
949 3189 1083 3225 Incarn.
1122 3201 1152 3223 c.
1183 3200 1236 3222 12.

123 3242 220 3267 num.
247 3235 280 3266 3.
307 3235 374 3267 Sed
401 3234 570 3268 vindicias
597 3235 717 3269 Sancti
745 3235 890 3271 ‘rimmae
917 3239 987 3284 egit
1014 3239 1048 3272 P.
1069 3238 1170 3272 Bern.
1195 3234 1237 3271 de

233 3278 473 3338 Gazzaniga
506 3279 637 3322 Theoi.
667 3281 781 3322 Tom.
800 3281 852 3323 V.

2306 15 2385 58 185

1369 86 1463 123 612.
1495 87 1612 135 Negat
1642 87 1682 125 S.
1713 87 1881 126 Thomas
1910 97 1980 127 art.
2002 89 2040 126 3.
2059 118 2069 135 ‚
2102 89 2169 128 ubi
2201 92 2252 129 ita
2282 93 2434 130 ratioci-

1316 151 1451 177 natur:
1481 170 1506 188 „
1536 144 1634 177 Cum
1665 142 1804 178 dicitur
1836 141 1948 180 homo
1975 142 2146 181 Christus
2175 145 2307 193 Jesus,
2336 147 2435 185 desi-

1316 222 1343 240 „
1371 202 1508 241 gnatur
1536 195 1773 245 suppositum
1805 204 1989 233 aeternnm
2009 226 2018 243 ,
2056 197 2158 247 quod
2189 208 2242 236 est
2272 212 2435 251 persona.

1315 274 1342 292 ,‚
1372 244 1465 282 Filii
1489 246 1590 293 Dei,
1622 257 1773 298 propter
1803 247 1872 286 hoc
1890 278 1900 296 ,
1929 250 2031 300 quod
2062 260 2114 286 est
2145 264 2266 290 unum
2295 266 2434 304 suppo-

1316 326 1343 345 „
1371 298 1485 334 situm
1519 300 1717 349 utriusque
1748 310 1913 338 naturae.
1947 303 2002 339 De
2035 317 2188 352 persona
2218 313 2346 343 autem
2368 306 2435 344 Fi-

1316 378 1342 397 „
1373 348 1417 386 lii
1450 350 1521 388 Dei
1553 352 1786 402 praedicatur
1815 352 1953 402 Deus,
1990 359 2038 396 (ἓ)
2070 355 2269 395 Domitius
2298 372 2434 397 essen-

1315 431 1341 450 „
1372 403 1520 439 [uiliter
1540 418 1555 448 ‚·
1602 403 1634 439 ἃ
1667 406 1750 442 ideo
1778 420 1853 444 non
1883 408 1993 445 debet
2025 409 2224 459 praedicari
2256 412 2435 450 denomi-

1314 484 1340 503 „
1370 459 1528 502 tantive,
1560 458 1652 509 qnia
1683 458 1753 495 hoc
1782 459 1933 510 derogat
1965 463 2111 499 veritati
2144 465 2318 501 (minuis.
2351 469 2377 487 ‘⁶

1367 508 1462 547 613.
1496 509 1631 548 Dices:
1673 510 1714 550 S.
1748 513 1979 562 Augustinus
2023 516 2059 551 in
2090 515 2177 554 Lib.
2209 516 2433 557 LXXXtH.

1317 560 1592 609 Quaestionum
1622 574 1689 616 qn.
1721 564 1786 602 55.
1818 564 1867 602 Τ.
1900 565 1993 614 Vh,
2039 567 2071 602 8(
2101 571 2137 605 in
2171 570 2259 607 Lib.
2288 571 2339 609 ll.
2382 571 2434 610 tle

1314 616 1509 654 Sermone
1538 616 1703 655 Domini
1733 622 1773 654 in
1804 629 1938 657 monte
1967 633 2001 656 c.
2033 620 2071 657 6.
2102 621 2150 659 'l'.
2183 624 2270 671 lll.,
2300 624 2432 664 Jcsum

1312 669 1505 707 Christum
1537 684 1611 709 non
1651 671 1840 709 dubitavit
1879 673 2075 725 appellare
2119 674 2319 714 hominem
2348 677 2432 715 Do-

1313 726 1534 760 misticum.
1569 724 1713 762 Eodem
1744 727 1859 763 etiam
1891 728 2041 764 nominc
2070 742 2157 765 eum
2187 729 2432 781 appellarunt

1312 777 1486 814 nonnulli
1518 785 1689 825 veteres,
1720 788 1760 815 ut
1782 778 2010 817 Athanasius
2041 782 2079 818 in
2098 780 2432 834 Exposit.fidei,

1309 829 1601 881 Chrysostoinus
1631 832 1669 868 in
1687 831 1858 869 Homilia
1879 831 1927 870 cle
1947 832 2071 871 Cruce
2087 865 2097 882 ,
2128 835 2321 887 Didymus
2338 837 2433 876 Lib.

1311 882 1378 919 111.
1421 882 1470 920 <le
1501 882 1645 932 δρὶνιειι
1675 885 1743 932 32,
1791 899 1907 936 quein
1937 886 1977 923 S.
2010 887 2270 940 Hieronymus
2312 889 2431 930 latine

1312 936 1447 982 vertit,
1477 935 1721 988 Epiphanius
1752 940 1791 975 in
1826 939 2056 986 Αἰεοηιτο,
2088 939 2121 975 ἅ
2149 942 2247 980 alii.

1365 988 1457 1034 614.
1491 988 1600 1042 Hesp.
1631 990 1671 1029 5.
1704 992 1954 1042 Augustinum
1986 993 2184 1032 ioLib.1.
2216 995 2429 1035 Retracto.-

1312 1046 1466 1080 tionum.
1495 1057 1581 1095 cap.
1618 1057 1677 1095 ις).
1710 1044 1822 1092 huius
1852 1046 1941 1084 dicti
1972 1048 2215 1096 paenituisse.
2247 1050 2305 1087 lbi
2325 1052 2430 1089 enim

1312 1108 1520 1145 revocans,
1567 1110 1655 1148 quae
1687 1099 1725 1135 in
1754 1098 1843 1136 Lib.
1876 1100 1923 1137 11.
1954 1097 2000 1136 ile
2031 1100 2160 1139 Serm.
2190 1101 2358 1141 Domini
2387 1109 2430 1142 in

1311 1159 1446 1187 monte
1475 1151 1699 1201 scripserat:
1747 1181 1774 1198 „
1806 1152 1890 1190 Non
1921 1153 2057 1200 video,
2101 1156 2254 1207 iuquit,
2301 1166 2430 1195 utrum

1311 1232 1337 1251 „
1368 1201 1466 1241 recte
1508 1204 1656 1241 dicatur
1692 1203 1809 1241 horno
1840 1203 2102 1254 Dumnacus,
2150 1210 2219 1258 qui
2260 1220 2312 1247 est
2348 1225 2430 1248 nie-

1315 1285 1341 1304 „
1368 1257 1493 1294 diator
1526 1256 1624 1304 Dei,
1656 1256 1689 1293 ἀ
1720 1258 1919 1296 hominum
1951 1257 2064 1297 homo
2091 1258 2263 1298 Christus
2292 1263 2427 1311 Jesus,

1310 1339 1337 1357 ,‚
1366 1324 1455 1348 cum
1485 1312 1532 1349 sit
1563 1312 1691 1362 utique
1721 1310 1918 1349 Dominus
1940 1337 1980 1350 ...
2025 1312 2071 1350 Et
2102 1312 2171 1351 hoc
2200 1315 2357 1367 quidem
2389 1327 2432 1354 ut

1311 1392 1337 1410 „
1367 1363 1563 1411 dicerem,
1593 1365 1696 1416 apud
1723 1365 1907 1414 quosdam
1938 1365 2012 1416 legi
2035 1365 2270 1405 ‘l‘ractatores
2299 1370 2428 1407 catho-

1311 1445 1337 1464 „
1368 1415 1461 1455 licos
1502 1417 1723 1456 divinorum
1766 1418 2034 1470 eloquiorum.
2082 1419 2157 1457 Sed
2188 1421 2428 1476 ubicumque

1310 1498 1336 1517 „
1368 1469 1438 1507 hoc
1466 1470 1574 1518 dixi,
1603 1471 1742 1510 dixisse
1773 1487 1832 1510 ine
1862 1471 2023 1510 nollem.
2054 1471 2183 1511 Postea
2202 1476 2349 1527 quippe
2371 1479 2427 1514 vi-

1309 1551 1334 1570 „
1363 1523 1424 1571 di,
1456 1537 1527 1562 non
1557 1537 1634 1562 esse
1663 1525 1890 1572 dicendum,
1920 1527 2097 1577 quamvis
2127 1527 2314 1566 nonnulla
2343 1543 2426 1581 pos-

1308 1605 1335 1624 „
1367 1577 1411 1614 sit
1441 1578 1584 1616 ratione
1613 1577 1795 1616 defendi.
1825 1582 1852 1600 “
1883 1578 1990 1616 Hanc
2011 1589 2138 1617 autem
2155 1583 2341 1621 rationem
2363 1597 2427 1620 ex-

1307 1628 1423 1680 plicat
1453 1630 1493 1668 S.
1525 1630 1719 1679 Thomas,
1750 1633 1843 1683 quia.
1871 1631 2016 1669 scilicet
2047 1642 2167 1682 posset
2194 1633 2338 1685 aliquis
2367 1638 2426 1674 di—

1304 1696 1390 1720 cere
1418 1683 1612 1722 Christum
1641 1683 1844 1722 hominem
1863 1682 2147 1731 Dominicum,
2177 1694 2333 1736 propter
2355 1687 2426 1725 hu·-

1306 1750 1463 1775 manain
1493 1746 1695 1784 naturam,
1724 1750 1842 1788 quam
1874 1735 2062 1786 siguificat
2092 1735 2163 1774 hoc
2194 1750 2333 1776 nomen
2363 1739 2428 1778 1700-

1307 1802 1401 1837 mo,
1443 1802 1519 1827 non
1549 1797 1675 1827 autem
1705 1793 1863 1827 racione
1891 1793 2102 1839 suppositi.
2145 1790 2193 1828 Et
2220 1793 2274 1830 sic
2304 1793 2429 1846 expli-

1305 1843 1386 1878 cari
1416 1851 1569 1893 possunt
1598 1850 1741 1880 veteres
1770 1841 1852 1890 illi,
1881 1843 1948 1894 qui
1979 1843 2106 1880 minus
2127 1845 2427 1894 propriejesum

1305 1893 1500 1932 Christum
1529 1894 1775 1948 appellarunt
1804 1895 2003 1933 hominem
2033 1894 2317 1935 Dominicum.
2367 1901 2429 1939 Aa

1306 1945 1577 1986 haereticorum
1606 1958 1733 1987 autem
1762 1949 1946 1987 versutias
1975 1949 2164 1987 cavendas
2192 1960 2345 2002 praestat
2373 1953 2424 1992 ab

1306 2000 1528 2050 hujusmodi
1557 2001 1814 2039 locutionibus
1843 2001 2053 2048 abstinere,
2083 2015 2172 2053 quae
2205 2004 2318 2042 facile
2338 2017 2425 2057 pos-

1304 2063 1389 2090 sunt
1419 2055 1456 2090 in
1487 2067 1650 2103 pcavum
1677 2066 1830 2091 sensum
1859 2053 2106 2105 detorqueri.

1358 2104 1451 2143 615.
1484 2106 1596 2143 Dices
1637 2107 1834 2144 secundo.
1881 2106 1989 2144 Jesus
2016 2107 2186 2147 Christus
2230 2111 2426 2163 appellari

1304 2168 1421 2207 potest
1449 2157 1565 2196 homo
1594 2158 1772 2208 divinus,
1813 2161 2140 2212 quemadmodum
2166 2177 2261 2202 eum
2288 2165 2424 2217 appel-

1304 2211 1398 2249 lavit
1426 2211 1636 2264 Dionysius
1667 2212 1782 2265 vulgo
1813 2214 2041 2266 Areopagita
2068 2229 2104 2254 c.
2133 2216 2173 2255 5.
2203 2217 2252 2257 cle
2282 2217 2425 2258 Eccle-

1305 2268 1418 2303 sias-c.
1450 2264 1718 2304 Hierarchta:
1745 2280 1837 2320 ergo
1864 2269 1979 2305 etiam
2009 2268 2081 2307 ἃς.

1357 2317 1452 2356 6ι6.
1483 2318 1692 2371 Respondet
1721 2320 1926 2372 Angelicus
1955 2321 2002 2359 ad
2031 2321 2070 2361 3.
2114 2352 2139 2371 ‚,
2171 2323 2252 2363 Hoc
2282 2339 2425 2366 nomen

1307 2401 1334 2421 „
1363 2371 1536 2410 dio-inum
1567 2375 1762 2412 consuevit
1791 2375 1997 2427 praedicari
2027 2375 2140 2414 etiam
2171 2378 2216 2415 de
2246 2376 2330 2425 his,
2378 2381 2427 2418 de

1307 2454 1334 2473 „
1364 2426 1506 2476 quihus
1536 2427 1770 2478 praedicatur
1785 2429 2032 2466 essentialiter
2061 2428 2131 2467 hoc
2148 2442 2282 2469 nomen
2300 2431 2427 2482 Deus,

1307 2507 1332 2526 „
1362 2478 1529 2516 dicimus
1555 2481 1660 2518 enim
1678 2509 1690 2528 ‚
1728 2482 1830 2531 quod
1860 2480 1993 2520 divina
2023 2483 2181 2520 essentia
2211 2493 2261 2521 est
2291 2485 2426 2532 Deus,

1307 2561 1334 2579 „
1363 2532 1507 2569 ratione
1535 2532 1738 2570 identitatis
1756 2562 1766 2580 ,
1797 2533 1830 2569 ἃ
1861 2534 1963 2584 quod
1991 2535 2151 2571 essentia
2180 2546 2231 2572 est
2248 2536 2343 2584 Dei,
2374 2539 2425 2575 si-

1307 2613 1332 2632 „
1362 2598 1407 2622 ve
1436 2583 1568 2622 divina
1598 2594 1752 2637 propter
1780 2586 1975 2624 diversum
2017 2586 2174 2624 modum
2204 2588 2425 2640 significan·

1308 2667 1333 2686 „
1364 2638 1429 2686 di,
1458 2637 1492 2674 Bt
1524 2637 1699 2676 Verbum
1729 2637 1903 2677 <livinum
1921 2668 1932 2687 ,
1973 2653 2062 2677 cum
2090 2649 2217 2679 tamen
2250 2641 2426 2682 Verbum

1304 2720 1331 2739 „
1359 2693 1405 2729 sit
1435 2691 1537 2729 Deus
1554 2717 1565 2729 .
1605 2691 1655 2730 Et
1682 2692 1862 2730 similiter
1890 2692 2056 2730 dicimus
2082 2706 2301 2743 personam
2328 2696 2423 2735 ‹iivi-

1306 2774 1332 2793 „
1363 2758 1461 2782 nam
1479 2775 1490 2793 ,
1520 2747 1615 2783 sicut
1644 2745 1678 2781 8t
1709 2758 1909 2797 personam
1939 2744 2131 2795 Platonis,
2180 2758 2335 2801 propter
2361 2750 2423 2788 di·

1305 2827 1332 2846 „
1361 2812 1512 2836 versum
1555 2798 1714 2836 modum
1755 2799 2026 2851 significandi.
2071 2800 2147 2839 Sed
2174 2800 2422 2842 ‘Dominicus

1304 2881 1329 2900 „
1358 2866 1433 2890 non
1464 2852 1605 2891 dicitur
1632 2851 1678 2890 de
1708 2851 1792 2900 his,
1840 2852 1887 2890 de
1914 2852 2056 2904 quibus
2087 2853 2276 2894 Dominus
2318 2870 2420 2908 prae-

1304 2935 1330 2953 „
1360 2906 1530 2945 dicatur.
1560 2905 1646 2944 Non
1677 2907 1780 2945 enim
1800 2907 1993 2945 cousuevit
2012 2905 2118 2955 dici,
2146 2908 2248 2959 quod
2276 2908 2422 2962 aliquis

1303 2988 1328 3007 „
1359 2957 1499 3006 homo,
1529 2959 1596 3011 qui
1627 2968 1677 2996 est
1707 2958 1925 3007 Dominus,
1969 2961 2015 2998 sit
2043 2958 2310 3007 Dominicus‚·
2354 2964 2419 3001 sed

1303 3042 1329 3060 „
1359 3011 1455 3049 illud
1475 3042 1485 3058 ‚
1527 3012 1631 3063 quod
1659 3012 1992 3066 qualitercumque
2021 3013 2290 3064 estrDomini,
2333 3015 2418 3054 Do-

1359 3068 1550 3103 minicum
1580 3064 1745 3104 dicitur:
1781 3067 1878 3105 sicut
1906 3066 2097 3106 dominica
2125 3066 2325 3116 voluntas,
2356 3068 2416 3108 vel

2243 3150 2269 3170 ss
2298 3122 2362 3159 do·

1306 3189 1438 3224 Rubeis
1464 3189 1500 3224 in
1526 3189 1676 3225 Dissert.
1703 3191 1836 3235 praevia
1861 3188 1905 3225 ad
1931 3189 2033 3227 'I'om-
2059 3192 2086 3226 1.
2114 3191 2146 3227 3.
2174 3189 2209 3224 P.
2235 3201 2265 3224 c·
2295 3199 2324 3220 ι·

1838 3264 1923 3332 24'

1302 3095 1328 3114 θ’
