2583 3685
858 79 906 126 H
911 79 1231 126 AESTORIUS
1269 80 1315 126 H
1322 80 1649 126 AERETICUS
1666 112 1678 125 .

134 168 294 217 dicunt,
335 165 384 205 ad
411 160 627 202 Nestorium
658 160 847 199 aemulum
866 192 877 210 ,
924 162 958 198 δε
988 162 1249 200 adversarium

131 235 245 262 suum
271 216 596 272 opprimendum.
641 215 765 267 Nugae
795 215 854 253 has
886 224 998 262 sunt,
1029 215 1061 250 ἃ
1092 215 1244 266 ineptia:

132 276 257 314 otiosis
282 270 504 310 hominibus
532 268 739 308 vendendae
760 299 772 318 ,
817 283 892 307 non
920 278 1046 306 autem
1084 270 1180 306 inter
1206 281 1245 304 e-

132 327 273 368 ruditos
301 322 583 376 proponendae.
631 323 679 362 Et
709 323 888 374 Augustae
920 321 1134 360 l’uloheriae
1163 321 1245 371 pie-

131 389 211 426 tas,
240 377 273 414 ἃ
293 375 436 429 Cyrilli
464 377 641 414 stinctitas
670 386 754 415 sunt
773 376 953 414 omnibus
980 373 1138 411 ert-uditis
1152 373 1245 410 adeo

127 438 339 492 perspectae
357 459 367 478 ,
398 429 432 466 ἃ
462 429 632 482 probatas
649 459 660 477 ,
691 439 730 467 ut
759 429 866 468 nulla
885 428 1023 480 possint
1050 425 1244 462 calumnia

127 495 170 523 ln
200 483 453 535 suspicionem
485 485 636 521 vocari.
667 483 816 521 Deinde
845 494 943 520 anne
970 479 1145 567 pecuniis
1166 478 1244 514 suis

127 537 251 590 potuit
278 535 451 589 Cyrillus
479 549 725 588 corrumpere
754 536 883 575 Sanct.
902 533 967 570 Ca:
987 532 1150 568 estinum
1172 528 1242 566 Pa-

157 602 220 628 am
249 602 340 628 cum
369 598 442 627 tota
470 603 537 627 sua
564 590 747 641 Synodo,
776 586 929 639 quando
959 583 1180 641 Nestorium
1205 591 1244 620 ut

126 603 356 681 li-aereticum
385 640 685 681 condemnavit?
739 640 848 679 Anne
884 645 936 675 tot
964 635 1120 674 Sanctos
1150 635 1245 686 Inpi-

128 709 289 747 neopOS,
337 709 410 735 non
451 694 576 734 ,olum
607 708 692 741 eos,
739 693 807 744 qni
837 689 980 742 Ephesi
1019 689 1167 726 fuerant
1206 690 1247 727 in

132 749 282 801 Spiritu
302 748 343 788 S.
368 761 509 800 congre
535 749 613 796 ati,
641 747 704 784 sed
733 746 848 782 etiam
878 743 1073 796 quierant
1103 741 1247 793 ubique

128 809 318 841 terrarum
346 763 535 854 disper-sii
563 802 674 839 Anne
688 797 862 850 Synodos
883 796 1142 834 oecumenicas
1157 796 1245 833 sub-

128 864 327 908 sequentes
353 862 559 908 quartam,
608 850 642 887 8t
669 852 864 904 quintam,
893 863 982 902 quae
1012 848 1246 900 Ephesinam

129 906 436 948 confirmarunt?
463 905 538 944 Sed
566 906 666 956 piget
695 904 741 941 de
770 902 992 955 hujusmodi
1022 903 1135 940 rebus
1156 916 1246 939 cum

128 961 319 1002 undensis
346 958 577 1012 quibusdam
607 957 877 1010 hypercriticis
913 956 1130 1007 disputare,
1178 955 1247 1007 qui

127 1027 177 1052 ex
206 1013 363 1067 paucis,
392 1024 482 1063 quae
511 1020 745 1064 supersunt,
775 1008 890 1060 hujus
919 1022 1070 1060 magnae
1100 1017 1251 1047 contro-

129 1064 579 1112 versiae'monumentis,
608 1072 723 1102 totam
744 1071 843 1100 retro
872 1063 1158 1114 antiquitatem,
1189 1075 1250 1099 eos

130 1120 276 1168 etiam,
322 1118 392 1172 qui
420 1117 528 1156 illius
555 1130 642 1169 pars
671 1130 809 1167 magna
838 1116 1017 1164 suerunt,
1062 1114 1152 1154 falsi
1180 1128 1249 1152 au-

130 1172 220 1212 dent
248 1170 467 1225 postulare.

190 1227 279 1264 150.
308 1225 451 1263 Dices.
479 1223 522 1262 S.
549 1223 716 1262 Isidorus
744 1221 934 1262 Pelusiota
962 1222 1104 1276 Cyrilli
1132 1224 1247 1262 mini-

128 1292 194 1319 me
236 1277 418 1316 inimicus
439 1306 449 1324 ,
497 1277 546 1314 ad
586 1291 674 1315 eum
717 1279 867 1330 scripsit
910 1277 1040 1315 lib.1.
1067 1292 1132 1330 ep.
1155 1278 1247 1315 5ιι.

133 1360 162 1381 „
191 1328 309 1369 Multi
339 1342 383 1368 ex
412 1331 486 1379 iis,
515 1331 582 1383 qui
605 1330 746 1382 Ephesi
773 1332 895 1368 coacti
916 1338 1025 1377 sunt,
1055 1339 1089 1367 te
1118 1331 1247 1369 tradu-

131 1412 160 1434 „
188 1391 300 1432 cunt,
337 1391 378 1421 ut
402 1392 486 1421 tuas
516 1384 738 1421 inimicitias
767 1393 1079 1435 persequentem,
1126 1384 1157 1419 8<
1191 1383 1248 1420 ul-

129 1465 160 1486 „
184 1437 417 1484 ciscentem,
445 1450 489 1474 ac
519 1449 595 1474 non
625 1450 695 1484 ea,
725 1450 813 1487 quae
843 1437 931 1474 Jesu
957 1437 1100 1474 Christi
1129 1445 1215 1475 sunt
1236 1467 1247 1485 ,

131 1517 160 1538 ,‚
188 1487 391 1527 orthodoxe
410 1498 672 1540 quaerentem.
702 1488 940 1541 Theophili,
971 1490 1172 1541 inquiunt,
1203 1503 1248 1528 ex

128 1569 158 1592 ‚,
184 1554 310 1580 sorore
337 1554 454 1594 nepos
483 1549 562 1589 est,
591 1540 775 1594 illiusque
804 1551 968 1580 mentem
987 1572 998 1589 ‚
1029 1556 1072 1580 ac
1102 1552 1249 1580 senten-

126 1623 159 1645 „
180 1595 281 1634 tiam
310 1595 508 1634 imitatur.
537 1594 590 1632 Ut
619 1595 721 1633 enim
751 1594 818 1634 ille
840 1596 1086 1647 perspicuum
1116 1596 1249 1633 adver-

128 1676 159 1699 „
182 1661 250 1686 vus
277 1647 462 1688 divinitus
499 1647 683 1693 ‚afflatum
701 1678 713 1696 ,
760 1663 805 1688 ac
834 1649 917 1686 Deo
958 1661 1092 1687 carum
1122 1649 1251 1687 virum

133 1729 164 1751 9,
192 1701 382 1740 Joannem
412 1703 581 1740 furorem
601 1701 757 1740 effudit:
786 1703 842 1741 sic
872 1703 986 1740 etiam
1016 1703 1084 1740 iste
1112 1701 1250 1754 gloria-

131 1783 160 1804 „
191 1754 254 1802 ri,
281 1767 327 1792 ac
354 1767 393 1792 se
420 1753 563 1806 jactare
592 1756 759 1807 expetit,
789 1756 904 1794 etiam
920 1753 1101 1807 sialioqui
1130 1754 1250 1794 latum

131 1835 160 1856 „
188 1807 235 1845 uit
262 1807 362 1845 inter
389 1820 476 1854 eos,
506 1808 575 1861 qui
604 1817 857 1856 accusantur,
885 1808 1092 1846 discrimen
1110 1811 1159 1847 “-
1198 1808 1251 1847 E-

131 1888 162 1909 „
190 1860 278 1912 pist.
302 1859 395 1912 370.
424 1859 686 1909 Simultates,
716 1863 869 1914 inquit,
898 1875 942 1898 ac
961 1861 1117 1899 dissidia
1146 1875 1250 1900 com-

131 1941 160 1962 „
188 1914 343 1965 prime.
380 1913 438 1951 Ne
465 1915 654 1965 privatae,
683 1927 728 1953 ac
756 1914 972 1952 domesticae
1002 1913 1249 1952 contumeliae

131 1995 160 2016 „
188 1965 372 2004 ultionem
390 1995 402 2014 ‚
437 1979 516 2019 qua
543 1976 742 2020 tamquam
772 1980 849 2004 aere
876 1967 1043 2019 quodam
1073 1966 1199 2005 alieno
1228 1981 1250 2005 a

129 2047 160 2068 ,‚
189 2018 415 2058 mortalibus
441 2019 643 2058 obstrictus
670 2034 729 2068 es,
759 2021 801 2058 in
828 2020 1019 2058 viventem
1034 2019 1251 2058 Ecclesiam

129 2099 160 2120 „
185 2071 342 2120 deriva,
370 2080 484 2124 atque
513 2081 698 2112 aeternam
727 2073 801 2125 ipsi
828 2073 1101 2112 dissensionem
1132 2074 1251 2126 pieta-

128 2152 158 2174 „
185 2125 234 2162 tis
262 2125 415 2176 specie,
443 2134 558 2178 atque
586 2126 742 2165 obtentu
764 2139 976 2178 compara.
997 2129 1025 2148 ‘⁵

191 2178 280 2216 151.
312 2176 447 2230 Resp.‚
497 2179 581 2219 haec
609 2180 804 2230 scripsisse
833 2180 1019 2217 Isidorum
1062 2177 1167 2216 falsis
1195 2179 1249 2215 0-

126 2229 352 2268 :tentanum
368 2232 610 2278 rumoribus,
640 2240 752 2282 atque
767 2230 1002 2269 clamoribus
1017 2230 1217 2282 deceptum
1233 2245 1244 2276 ;

131 2281 168 2318 ἃ
195 2294 286 2319 cum
304 2281 500 2333 Cyl-illum
531 2292 570 2321 ut
600 2283 747 2320 Filium
768 2296 878 2320 suum
909 2282 1102 2333 diligeret,
1132 2281 1250 2321 liber-

130 2335 232 2372 xime
274 2347 364 2371 eum
405 2335 604 2373 admonuit
639 2335 686 2372 de
714 2336 788 2382 iis,
836 2348 925 2386 quae
955 2344 1085 2372 contra
1124 2337 1250 2388 ipsum

132 2386 406 2438 spargebantur
434 2387 483 2425 ab
503 2387 585 2438 ejus
614 2386 930 2440 implacabilibus
961 2387 1150 2427 hostibus.
1179 2391 1251 2427 Ce-

132 2447 258 2478 terum
286 2448 475 2493 quantum
504 2440 552 2478 ad
579 2455 733 2478 causam
765 2442 887 2493 ipsam
916 2439 1103 2479 Ecclesiae
1121 2472 1132 2490 ‚
1176 2443 1251 2482 Ne-

135 2493 242 2531 storii
270 2493 623 2533 condemnationem
667 2493 700 2530 ἃ
731 2495 812 2546 ipse
842 2493 1028 2545 urgebat,
1077 2507 1145 2546 pro
1173 2510 1253 2547 qua

133 2546 250 2584 etiam
267 2546 470 2597 epistolam
485 2548 709 2600 imperatori
738 2548 914 2600 scripsit,
945 2556 985 2584 ut
1000 2547 1251 2598 Aulicorum,

129 2599 200 2651 qui
227 2598 401 2638 Nestorio
426 2600 790 2653 patrocinabantur,
830 2602 1035 2652 potentiam
1066 2602 1253 2653 reprime·

131 2660 218 2698 :ret3
245 2652 450 2705 additque,
480 2656 702 2692 universum
730 2654 863 2692 orbem
893 2663 1081 2692 terrarum
1101 2656 1145 2693 B.
1162 2655 1252 2693 Vir-

161 2706 260 2743 inem
289 2704 460 2744 Mariam
490 2717 529 2745 ut
551 2707 761 2759 Deiparam
789 2706 914 2745 colere
943 2706 1013 2745 lib.
1041 2721 1073 2746 ι.
1104 2723 1166 2761 ep.
1186 2709 1252 2755 54.

133 2719 212 2800 {ed
240 2757 324 2799 haec
353 2759 500 2813 majore
527 2762 566 2800 in
596 2760 684 2799 luce
713 2770 899 2813 ponentur
927 2763 1097 2813 sequenti

559 2866 730 2907 ARTJC.
761 2868 828 2907 111.

294 2967 359 3011 De
386 2974 741 3016 anathematismis
758 3008 768 3025 ‚
798 2978 847 3019 (9¹
877 2975 1099 3016 orthodoxa

525 3031 567 3068 S.
600 3030 875 3084 Cyrillc'fide.

201 3108 388 3176 152.Ut
418 3146 533 3186 supra
560 3136 755 3186 diximus,
803 3141 843 3177 in
881 3139 988 3178 brevi
1020 3138 1254 3177 Nestorianae

141 3182 326 3224 haerescos
354 3189 506 3238 synopsi
535 3201 574 3226 n.
595 3189 635 3227 8.
652 3219 662 3238 ,
691 3190 852 3230 Nestorii
872 3191 1132 3244 blasphemias
1161 3204 1252 3229 non-

139 3236 258 3276 nullis
287 3239 455 3291 epistolis
484 3242 655 3292 primum
685 3243 864 3283 refutavit
893 3246 933 3285 S.
963 3245 1160 3298 Cyrillus,
1208 3257 1252 3282 ac

141 3300 269 3342 postea
297 3293 431 3332 iisdem
455 3292 657 3334 duodecim
685 3300 859 3349 opposuit
887 3299 1219 3340 anathematismos
1240 3327 1252 3347 ‚

2293 101 2371 141 ¹¹7

1318 162 1459 213 quihus
1488 176 1606 210 sana,
1653 162 1686 198 ἆ
1716 159 1919 200 orthodoxa
1949 161 1996 200 de
2024 161 2213 214 Mysterio
2255 163 2437 206 incarna-

1317 215 1431 252 tionis
1459 215 1629 252 doctriua
1660 215 1946 266 exponebatur,
1995 228 2089 268 quos
2120 216 2312 254 Nestorius
2340 220 2437 257 reci-

1314 279 1403 317 pere
1434 267 1583 314 noluit,
1612 266 1675 304 sed
1706 268 1857 305 totidem
1888 268 2216 307 anathematismis
2233 270 2437 323 impugna-

1315 320 1395 356 vit.
1428 320 1668 366 Nestoriani,
1701 327 1739 355 ut
1769 324 2033 358 controversiae
2063 322 2324 361 definitionem
2355 326 2435 362 evi-

1312 379 1459 418 tarent,
1509 373 1815 409 rccriminationc¹
1846 382 2014 422 utenti-s,
2061 375 2255 426 Cyrillutn
2287 376 2436 428 Apolli-

1314 424 1503 472 narismi,
1533 432 1647 475 atque
1678 424 1887 462 Arianisnii
1918 441 2097 465 accusare
2118 438 2345 479 coeperunt3
2375 445 2436 468 ea-

1313 490 1387 528 que
1415 479 1606 514 accusatio
1650 479 1773 527 reipsa
1802 486 1946 516 tantum
1979 480 2126 528 valuit,
2173 490 2214 518 ut
2251 483 2355 532 apud
2383 485 2438 519 0-

1312 529 1489 567 rientales
1518 529 1659 582 Cyrilli
1690 529 1782 567 sules
1813 542 1983 581 suspecta
2014 534 2255 572 redderetur:
2300 535 2436 572 imme-

1314 584 1385 621 rito
1415 591 1568 632 tamen,
1600 591 1640 621 ut
1669 596 1828 636 sequens
1856 583 2067 623 declarabit

1711 687 2015 729 PROPOSITIO
2031 716 2043 729 .

1398 795 1440 835 S.
1472 795 1611 849 Cyrilli
1640 796 1842 845 epistolae,
1871 806 1990 848 ausae
2019 796 2354 838 anathematismi

1520 851 1670 902 injuria
1702 849 1965 899 Apollinaris,
1995 860 2115 901 atque
2147 853 2231 889 Am·

1612 933 1616 938 ,
1651 901 1813 941 haeresis
1842 913 2113 942 accusantur.

1376 1008 1464 1049 153.
1483 988 1573 1055 Ad
1613 1022 1765 1048 omnem
1809 1008 1926 1061 hujus
1956 1010 2062 1049 falsae
2094 1012 2342 1050 accusationis
2384 1013 2440 1051 la—

1316 1061 1407 1100 bem
1435 1063 1726 1115 abstergendam
1756 1063 1931 1102 sufficere
1959 1064 2149 1102 debuisset
2178 1063 2370 1114 judicium
2399 1065 2441 1104 S.

1317 1115 1428 1154 Sedis
1458 1116 1716 1168 Apostolicae3
1765 1117 2075 1170 quandoquidem
2119 1131 2141 1154 a
2169 1118 2210 1156 S.
2239 1118 2443 1156 Caelestino

1315 1170 1368 1208 ita
1397 1169 1568 1208 Nestorio
1610 1170 1795 1221 scriptum
1827 1170 1940 1207 fuisse
1984 1172 2200 1208 invenimus
2231 1173 2246 1220 (
2278 1172 2317 1208 in
2349 1171 2442 1209 Litt.

1316 1223 1365 1260 ad
1407 1222 1624 1261 Nestorium
1656 1224 1686 1260 1.
1717 1221 1758 1260 P.
1789 1223 1908 1259 Cone.
1937 1222 2081 1273 Ephes.
2111 1236 2146 1260 c.
2174 1222 2234 1259 18.
2267 1223 2304 1268 ):
2351 1224 2442 1261 Ale-

1315 1275 1534 1314 xandrinae
1563 1274 1761 1314 Ecclesice
1792 1274 2020 1313 Sacerdotis
2051 1279 2064 1326 (
2096 1274 2238 1327 Cyrilli
2270 1275 2441 1326 )ji<lem

1315 1330 1365 1370 <90
1393 1328 1666 1379 probavimus,
1695 1329 1744 1369 (9¹
1773 1326 2013 1377 probamus.
2054 1327 2108 1365 Ea
2138 1337 2179 1364 tu
2208 1327 2439 1366 admonitus

1315 1395 1385 1434 per
1413 1396 1505 1420 eum
1547 1381 1693 1420 eadem
1737 1386 1888 1419 sentias
1917 1381 2147 1429 nobiscum,
2195 1386 2229 1418 si
2258 1385 2311 1418 vis
2351 1394 2438 1419 esse:

1317 1434 1546 1484 nobiscum,
1593 1449 1616 1472 ο
1646 1433 1817 1472 Frater.
1867 1435 1972 1472 Idem
2013 1436 2128 1472 etiam
2176 1435 2435 1472 sanctissimus

1316 1488 1489 1527 Pontifex
1518 1491 1559 1528 in
1589 1502 1651 1540 ep.
1679 1488 1727 1526 ad
1755 1488 1943 1526 Joannem
1966 1485 2247 1525 Antioclienum
2278 1496 2384 1525 vocat
2399 1487 2442 1526 S.

1316 1541 1510 1593 Cyrillum
1539 1551 1746 1580 strenuum
1769 1539 1975 1579 catholicoe
2006 1539 2231 1589 Ecclesiae,
2262 1539 2439 1593 &filei

1319 1593 1572 1647 defensorem
1590 1619 1602 1633 .

1379 1647 1466 1694 154.
1495 1647 1571 1687 Sed
1613 1648 1797 1699 quoniam
1837 1647 2059 1694 Nestorius,
2107 1646 2253 1698 aliique
2300 1646 2443 1698 Cyrilli

1318 1699 1440 1740 hostes
1470 1700 1631 1740 Romani
1648 1699 1841 1739 Pontificis
1870 1699 2017 1750 judicio
2044 1699 2207 1735 minime
2237 1701 2441 1757 acquieve-

1318 1764 1432 1802 runt,
1470 1754 1549 1792 alia
1578 1755 1698 1805 ipsius
1726 1751 1962 1789 orthodoxiae
1992 1751 2218 1789 documenta
2248 1752 2444 1790 astetenda

1318 1816 1429 1845 sunt.
1459 1805 1588 1844 I’rimo
1618 1813 1693 1843 tota
1722 1803 1921 1856 Ephesina
1949 1802 2127 1855 Synodus
2155 1817 2244 1855 quae
2275 1804 2323 1842 ab
2354 1806 2442 1843 uni-

1319 1858 1455 1898 versa-li
1477 1858 1652 1898 Ecclesia
1679 1857 1809 1896 debita
1838 1858 2080 1895 veneratione
2111 1866 2149 1895 ut
2180 1860 2443 1905 oecumenica,

1317 1921 1431 1964 atque
1461 1911 1680 1951 infallibilis
1709 1911 1940 1950 auctoritatis
1967 1919 2126 1960 excepta
2156 1910 2255 1957 fuit,
2293 1910 2379 1948 Act.
2411 1911 2443 1949 1.

1317 1965 1458 2018 Cyrilli
1487 1979 1562 2004 non
1593 1966 1748 2012 minus,
1796 1977 1914 2016 quam
1943 1962 2107 2001 Nestorii
2135 1962 2347 2001 doctrinam
2377 1977 2441 2002 ac—

1318 2028 1449 2058 curato
1480 2019 1654 2057 examine
1683 2017 1913 2069 perpendit.
1962 2015 2044 2052 Post
2073 2023 2200 2053 autem
2230 2016 2284 2054 ita
2312 2016 2440 2054 decla·

1320 2074 1421 2110 ravit
1459 2072 1500 2108 in
1532 2070 1729 2108 Relatione
1767 2069 1815 2106 ad
1846 2069 2117 2120 Imperatorem
2149 2068 2441 2108 Theodosium:

1320 2153 1346 2173 „
1378 2126 1431 2161 Ac
1448 2124 1638 2175 principio
1653 2122 1810 2174 quidem
1825 2120 1990 2173 Cyrilli,
2020 2120 2325 2172 religiosissimi,
2356 2137 2441 2162 san-

1319 2205 1345 2224 „
1375 2176 1611 2228 ctissimique
1641 2174 1932 2226 Archiepiscopi
1962 2173 2136 2226 epistolas
2165 2175 2210 2212 de
2239 2175 2314 2213 fide
2341 2178 2441 2225 [con-

1320 2258 1346 2277 ‚,
1376 2229 1564 2280 scriptas,
1612 2241 1703 2266 cum
1735 2227 1803 2265 hac
1838 2228 2075 2279 expositione
2105 2229 2121 2279 (
2151 2227 2243 2266 fidei
2271 2229 2440 2267 Concilii

1319 2311 1346 2330 ,‚
1376 2281 1528 2320 Nicaeni
1560 2282 1574 2330 )
1605 2280 1864 2329 contulimus,
1907 2280 2139 2333 collatasque
2168 2281 2408 2334 dogmatibus
2430 2311 2441 2329 ,

1319 2364 1344 2384 ‚,
1375 2349 1420 2373 ac
1448 2336 1641 2373 sententiis
1670 2343 1970 2372 consentaneas
1998 2335 2238 2386 reperimus,
2281 2348 2354 2372 nec
2385 2336 2442 2372 ul·

1319 2417 1345 2437 „
1376 2389 1417 2425 la
1461 2393 1502 2425 in
1532 2401 1574 2426 re
1603 2388 1831 2426 doctrinam
1872 2388 1959 2440 ejus
1989 2386 2038 2425 ab
2080 2388 2151 2425 illa
2190 2392 2438 2437 expositione

1319 2471 1346 2490 ‚,
1376 2441 1703 2492 discrepantem.
1733 2441 1950 2480 Scribentes
1979 2443 2069 2479 item
2101 2441 2216 2478 iidem
2238 2440 2364 2480 Patres
2392 2440 2442 2479 ad

1320 2523 1346 2542 ,‚
1375 2493 1417 2532 S.
1445 2494 1691 2534 Caelestinum
1721 2494 1767 2532 R.
1797 2493 1840 2531 P.
1869 2495 1922 2532 ita
1964 2495 2010 2532 de
2037 2492 2189 2545 Cyrillo
2230 2494 2443 2545 loquuntur

1323 2577 1348 2595 „
1380 2547 1462 2586 Act.
1485 2546 1535 2585 V.
1565 2548 1692 2585 Lectae
1722 2546 1859 2584 deinde
1887 2555 1975 2583 sunt
2010 2546 2145 2582 litterae
2163 2575 2174 2592 ‚
2220 2559 2315 2597 quas
2343 2545 2453 2582 San*

1322 2630 1348 2649 „
1378 2601 1593 2648 ctissimus,
1623 2599 1782 2651 Deoque
1796 2598 2064 2635 dilectissimus
2080 2598 2349 2635 Alexandrinae
2366 2597 2442 2637 Ec·

1323 2684 1349 2703 ,‚
1378 2653 1506 2692 clesiae
1526 2653 1738 2705 Episcopus
1753 2650 1924 2703 Cyrillus
1953 2652 2000 2688 ad
2030 2665 2117 2688 eum
2148 2654 2161 2701 (
2187 2651 2402 2690 Nestorium
2426 2653 2441 2698 )

1322 2737 1349 2756 „
1379 2709 1607 2760 scripserat,
1637 2718 1737 2756 quas
1758 2702 2003 2756 5¹...5'Jnotlus
2032 2703 2258 2754 approbavit
2276 2733 2288 2752 ,
2316 2713 2358 2741 ut
2383 2716 2443 2741 re-

1320 2791 1347 2811 „
1377 2770 1467 2808 cce,
1516 2760 1793 2811 inculpateque
1823 2767 2051 2805 exaratas,
2101 2766 2219 2808 atque
2257 2761 2299 2794 in
2335 2757 2444 2795 nullo

1322 2845 1349 2864 ,‚
1379 2814 1661 2852 ‹lIssentaneas
1692 2812 1830 2849 <lirinis
1861 2814 2088 2860 scripturis,
2128 2811 2275 2849 traditae
2304 2810 2442 2849 videli-

1324 2898 1350 2917 „
1379 2877 1437 2905 cet
1467 2867 1585 2914 fidei,
1629 2866 1662 2902 &
1691 2866 1870 2917 exposita:
1903 2865 1942 2902 iu
1972 2878 2111 2916 magna
2141 2864 2209 2902 illa
2236 2864 2391 2916 Synodo
2419 2879 2442 2902 a.

1324 2951 1351 2970 „
1380 2921 1421 2959 S.
1452 2920 1656 2967 Patribus,
1685 2922 1750 2971 qui
1782 2918 1927 2956 Nicaeae
1958 2917 2153 2970 Bithynia:
2182 2916 2277 2956 olim
2307 2931 2442 2956 conve-

1323 3003 1349 3023 „
1379 2984 1538 3022 uerunt,
1587 2975 1683 3010 sicut
1712 2982 1774 3009 tna
1804 2986 1956 3023 quoque
1984 2970 2167 3011 Sanctitas
2210 2971 2248 3009 id
2278 2972 2441 3024 probans

1323 3058 1348 3076 ,‚
1379 3027 1577 3065 testificata
1608 3035 1685 3063 est.
1723 3025 1802 3061 lloc
1834 3026 2090 3062 testimonium
2119 3023 2283 3062 Concilii
2314 3025 2442 3077 Ephe-

1326 3111 1350 3129 „
1380 3082 1453 3119 sini
1485 3090 1534 3118 est
1565 3080 1819 3117 testimoninm
1849 3078 2060 3116 doctrinale
2090 3078 2277 3116 univers-:e
2309 3078 2441 3116 Eccle-

1326 3163 1352 3182 „
1382 3136 1477 3181 siae,
1525 3134 1589 3171 cui
1620 3133 1699 3170 sine
1742 3144 1883 3184 magno
1912 3132 2065 3184 piaculo
2101 3146 2214 3170 nemo
2256 3131 2439 3181 refragari

1326 3216 1351 3235 >²
1382 3196 1499 3238 potest
1519 3213 1529 3224 .
1549 3189 1575 3209 “

1382 3240 1469 3278 155.
1502 3240 1626 3291 Atque
1657 3239 1739 3278 hcec
1761 3238 1988 3294 Apostolicae
2018 3238 2150 3288 Sedis,
2181 3248 2292 3292 atque
2313 3233 2438 3286 Ephe-

1320 3295 1414 3335 sinae
1442 3293 1590 3348 ›Synodi
1619 3293 1792 3347 judicia,
1839 3304 2037 3347 tamquam
2079 3288 2327 3335 ineluctabile
2356 3300 2435 3327 sua:

2323 3352 2385 3376 or-
