2583 3685
789 126 870 172 DE
903 125 1169 172 ARTIBUS
1202 123 1459 170 MAGICIS
1472 156 1484 167 .

51 218 199 257 citum.
241 210 414 251 Primum
444 208 560 262 exigit
600 206 840 260 colloquium
882 222 972 248 cum
1004 209 1162 248 Daemo-

54 284 127 317 ne3
154 264 213 314 vel
241 266 366 318 reipsa
386 294 397 314 ,
426 265 458 302 si
486 263 651 303 Daeinon
676 258 894 315 'appareat3
937 264 997 302 vel
1025 263 1160 302 saltem

83 335 122 363 er
147 321 492 373 imaginationem3
530 327 569 356 ut
597 318 628 356 si
657 318 744 370 quis
773 316 909 356 illusus
937 326 1042 370 putet
1070 331 1161 355 cum

94 386 240 414 aemone
267 373 404 426 loqui,
434 385 478 410 ac
506 386 596 410 curn
627 385 670 409 eo
700 372 869 423 pacisci.
917 371 975 411 Ad
1006 379 1166 423 pactum.

51 440 141 471 vero
169 425 405 481 implicitum
435 425 595 474 sufficit,
627 434 666 464 ut
694 426 875 478 quaedam
903 433 1094 478 ponantur
1115 425 1164 461 si-

49 496 126 535 gua
147 511 159 531 ,
187 481 248 522 vel
277 481 378 521 facta
391 480 676 533 superstitiosa,
706 479 848 532 quibus
878 480 1007 531 positis
1021 477 1164 531 aliquis

19 541 22 544 ’
51 544 272 589 expectatur
313 534 495 583 effectus,
538 535 606 587 qui
636 548 762 586 neque
791 548 812 571 a
841 531 925 572 Deo
965 541 1165 585 speratur,

46 603 123 630 >nec
153 590 348 641 communi
378 598 522 628 naturae
542 589 676 627 ordine
697 587 896 640 provenire
925 595 1070 637 potest,
1101 594 1166 624 aut

49 642 172 692 solet,
220 658 265 683 ac
322 643 452 682 roinde
493 642 609 681 solius
638 641 818 681 Daemoui
847 652 920 693 ope
957 649 1166 680 eventurus

49 698 216 737 creditur
244 659 319 749 (αξ

63 756 68 763 “
110 752 204 805 559.
235 751 392 792 Frustra
420 759 547 790 autem
582 756 768 788 conantur
805 746 964 802 quidam
989 747 1052 801 (b)
1092 747 1166 786 hu-

52 803 222 859 jusmodi
250 815 360 860 pacta
387 820 477 845 cum
505 803 762 844 Daemonibus
779 831 790 850 ‚
820 811 1004 855 tanquam
1034 802 1168 856 putida

49 858 372 899 scholasticorum
401 869 616 899 commenta
644 856 805 908 rejicere
827 882 838 894 .
886 857 986 895 Nam
1016 856 1058 896 S.
1088 856 1169 894 Au·

50 914 219 966 gustinus
248 911 359 965 longe
388 921 471 952 ante
498 911 750 951 Scholasticos
780 925 824 949 ea
851 911 1170 949 commemoravit

48 969 90 1007 in
118 966 286 1014 Lim-11.
330 966 378 1006 de
405 965 525 1005 Doct.
572 964 717 1004 Christ.
746 979 833 1017 cap.
856 978 921 1004 20.
970 966 1166 1018 inquiens:

53 1050 82 1071 „
111 1021 421 1074 Superstitiosum
462 1028 516 1060 est
557 1019 748 1073 quidquid
788 1020 1005 1072 ‚institutum
1035 1028 1088 1058 est
1117 1018 1166 1057 ab

52 1103 84 1124 ‚,
112 1073 336 1115 hominibus
364 1075 413 1114 ad
440 1074 644 1122 facienda,
688 1073 748 1113 vel
796 1073 956 1112 colenda
985 1073 1089 1111 idola
1110 1098 1166 1112 ....

55 1158 83 1178 ,‚
112 1129 173 1169 vel
203 1129 249 1168 ad
278 1128 596 1178 consultationes,
626 1128 787 1181 &pacta
807 1127 988 1180 quaedam
1018 1127 1166 1179 signifi-

55 1212 82 1232 „
111 1184 302 1223 cationum
331 1197 423 1222 cum
451 1183 709 1222 Daemonibus
736 1181 907 1234 placita,
950 1191 1063 1234 atque
1093 1182 1166 1220 foe-

50 1265 80 1288 0,
110 1236 261 1286 derata,
302 1235 435 1290 qualia
462 1245 552 1275 sunt
594 1236 794 1274 molimina
835 1236 1075 1286 magicarum
1104 1249 1165 1274 ar-

108 1291 233 1338 tium;
254 1293 281 1313 “
300 1291 403 1343 quod
433 1292 574 1328 iterum
603 1290 738 1341 repetit
767 1303 854 1342 cap.
877 1290 941 1328 25.
960 1319 971 1337 ‚
1000 1303 1107 1328 suam
1129 1303 1167 1326 e-

49 1319 284 1384 secutionem
316 1341 540 1391 emolliens,
559 1342 742 1381 dicendo:
779 1346 895 1393 (μιιιεὶ
922 1351 1044 1394 pacta
1059 1355 1167 1394 quoe-

42 1395 157 1450 'dam
185 1395 359 1450 infidelis
387 1396 437 1437 ὠ·
466 1396 614 1435 dolosoe
641 1399 834 1434 amicitiae
862 1401 1078 1435 constituta.
1095 1423 1105 1435 .

107 1449 202 1490 560.
229 1449 380 1490 Clarius
421 1448 568 1487 locutus
609 1458 662 1488 est
689 1449 731 1487 S.
761 1449 933 1488 Thomas
964 1463 1000 1488 2.
1034 1464 1070 1488 2.
1101 1464 1169 1501 qu.

52 1501 120 1555 95.
149 1511 219 1540 art.
248 1501 316 1549 4.,
357 1500 393 1537 8<
421 1515 490 1554 qu.
521 1514 611 1541 122.
647 1511 720 1539 art.
753 1513 790 1539 2.
820 1503 867 1539 ad
898 1502 936 1540 5.
967 1503 1171 1553 inquiens:

61 1554 219 1594 Omnes
246 1558 544 1606 superstitiones
570 1553 787 1607 procedunt
816 1567 871 1592 ex
890 1555 1025 1606 aliquo
1053 1563 1172 1607 pacto

48 1621 146 1648 acum
161 1606 424 1648 Daemontbus
443 1612 563 1659 inito,
592 1612 737 1657 tacito,
766 1609 824 1647 vel
851 1621 1042 1660 expresso
1059 1635 1069 1647 .
1098 1609 1172 1646 Cui

44 1664 207 1716 praeivit
232 1662 415 1703 Albertus
435 1662 600 1716 Magnus
627 1665 666 1704 in
682 1662 772 1703 Lib.
794 1663 843 1703 ΙΙ.
873 1661 1055 1702 Sentent.
1084 1663 1170 1701 dist.

103 1844 152 1881 (a)
182 1840 289 1876 Initio
313 1840 423 1887 hujus
461 1842 581 1877 saeculi
608 1843 740 1878 XVni.
767 1840 992 1876 Christianus
1021 1838 1178 1876 Thoma-

47 1886 132 1939 'sius
156 1887 303 1922 celebris
329 1889 423 1922 inter
449 1889 687 1924 Protestantes
712 1889 988 1935 jurisconsultus
1019 1889 1179 1935 disputa-

59 1941 193 1968 tlonem
211 1931 326 1967 *edidit
352 1934 410 1970 De
436 1941 580 1970 crimine
606 1941 750 1983 magiae‚·
785 1939 817 1968 &
842 1935 966 1970 deinde
992 1937 1097 1970 aliam
1122 1935 1179 1969 De

59 1983 198 2024 origine
230 1993 415 2025 processus
456 1988 674 2028 inquisitor-ii
701 1993 822 2018 contra
860 1997 990 2029 sagas,
1031 1996 1108 2028 quse
1135 1983 1180 2017 ob

57 2027 212 2072 magiam
237 2036 425 2073 negatam,
450 2033 482 2064 ἃ
507 2029 759 2065 Sadducaeismi
787 2032 1181 2076 suspicioneminagnos

55 2081 180 2127 notus
203 2075 429 2110 excitarunt:
473 2086 579 2123 atque
605 2077 673 2112 hac
709 2077 891 2112 occasione
915 2078 1084 2111 nonnulla
1112 2077 1181 2111 alia

59 2128 194 2166 scripta
225 2120 464 2166 prodierunt,
507 2123 551 2159 ad
575 2133 731 2159 veterem
757 2125 882 2169 magiae
920 2125 1182 2170 persuasionem

57 2166 356 2203 convellendam.
399 2171 504 2206 Anno
539 2171 656 2206 autem
698 2172 801 2217 1725.
836 2170 995 2205 eruditus
1021 2170 1182 2206 Medicus

60 2213 188 2248 Gallus
214 2215 473 2252 Sanctandreus
496 2226 693 2254 tractatum
729 2217 838 2252 edidit
865 2219 977 2253 forma
1001 2219 1183 2264 epistolari

61 2258 119 2314 D·e
144 2265 279 2316 nia-gia,
304 2276 346 2299 ac
370 2266 568 2310 maleficis,
594 2271 729 2312 magis,
757 2270 917 2311 mgisque
932 2288 944 2308 ‚
968 2267 1003 2299 in
1022 2278 1093 2310 quo
1106 2277 1184 2298 ma·

58 2317 120 2388 {2³
144 2307 288 2354 quidem
312 2321 488 2357 negatur,
513 2325 581 2348 non
600 2323 758 2358 negatur
777 2322 894 2347 tamen
910 2335 922 2354 ,
948 2313 1102 2358 plurima
1120 2323 1183 2346 no-

89 2365 118 2387 rs
145 2367 163 2389 a
187 2355 416 2394 Daemonibns
439 2369 651 2395 nocumenta
673 2360 799 2395 inferri
816 2384 824 2392 .
852 2358 1012 2394 Tandem
1039 2369 1076 2393 ut
1096 2371 1184 2393 non·

57 2401 176 2455 nullos
195 2403 300 2456 ‘alios
339 2414 548 2450 praeteream
576 2429 588 2449 ,
620 2408 777 2452 magiam
813 2418 957 2453 prorsus
988 2419 1062 2441 esse
1088 2418 1182 2441 com-

55 2453 265 2498 neminum
283 2453 398 2484 conati
424 2461 504 2487 sunt
523 2453 766 2487 demonstrare
784 2454 1036 2488 Constantinus
1056 2454 1181 2487 Franc-

60 2489 105 2524 de
130 2493 224 2526 Cauz
245 2499 305 2547 ’de
341 2499 490 2531 cultibus
527 2503 674 2544 magicis
710 2500 828 2533 Libris
861 2498 995 2534 duobus
1033 2500 1180 2533 Vicnnae

65 2548 172 2582 ³77¹·
197 2538 282 2577 edit.
308 2542 396 2583 ult.,
423 2545 455 2575 δι
480 2543 607 2577 Paulus
632 2545 706 2578 Jos.
735 2556 753 2577 a
778 2545 944 2586 Rieggier
966 2544 1105 2577 dissert.
1135 2547 1180 2578 de

66 2583 191 2629 Magia
215 2587 361 2622 Viennae
392 2590 496 2634 1773.
540 2590 606 2624 Hic
631 2600 750 2624 autem
786 2589 968 2634 praeterire
1008 2601 1076 2623 non
1102 2600 1182 2633 pos-

61 2641 163 2672 sum,
188 2643 266 2677 quae
289 2634 394 2668 habet
419 2637 455 2669 S.
482 2635 637 2670 Thomas
663 2638 698 2670 in
716 2637 773 2671 tv.
788 2636 993 2670 Sem-Dist-
1010 2636 1065 2678 34.
1085 2646 1180 2680 quae-

60 2684 106 2711 st·
138 2690 165 2712 1·
194 2691 261 2733 art.
290 2683 324 2716 3.
349 2681 410 2716 ubi
437 2682 507 2716 ait:
537 2704 564 2724 ‚,
589 2681 742 2727 Quidam
768 2681 961 2723 dixerunt,
987 2681 1078 2727 quod
1106 2694 1181 2716 ma-

62 2745 92 2767 „
117 2724 268 2763 leficium
294 2727 385 2762 nihil
415 2739 491 2764 erat
518 2730 553 2763 in
577 2728 710 2764 mundo
729 2751 741 2771 ,
782 2730 848 2764 nisi
876 2729 912 2762 in
946 2729 1179 2762 aestimatione

63 2769 327 2817 ,‚]101ninum,
369 2776 430 2822 qui
457 2776 598 2811 effectus
634 2777 840 2818 naturales,
880 2787 1033 2821 quorum
1065 2787 1180 2809 causae

60 2838 93 2861 θ’
116 2827 197 2853 sunt
222 2823 394 2865 occultae,
434 2823 616 2858 maleficiis
653 2824 875 2869 imputabant
892 2846 901 2855 .
945 2821 1011 2856 Sed
1038 2821 1103 2856 hoc
1127 2830 1181 2856 est

62 2884 93 2910 ῃ
118 2875 238 2903 contra
265 2871 514 2905 auctoritatem
540 2871 775 2913 Sanctorum,
812 2871 872 2917 qui
898 2868 1021 2904 dicunt
1037 2892 1048 2912 ‚
1088 2867 1182 2915 quod

63 2931 92 2953 υ
119 2913 302 2951 Dfl‘mones
327 2917 459 2953 habent
479 2926 693 2964 ‘potestatem
720 2930 824 2964 snpra
852 2929 1022 2963 corpora,
1065 2920 1096 2949 &
1123 2928 1183 2950 su-

67 2977 97 3000 a»
121 2971 183 3013 Ρῐζᾶ
218 2963 506 3010 imaginationem
543 2965 749 3006 hominum,
786 2963 926 3010 quando
950 2977 968 2998 a
995 2965 1069 2998 Deo
1103 2975 1184 3009 per-

66 3023 96 3051 sa
118 3016 331 3053 mittuntur-3
358 3012 449 3046 unde
473 3024 536 3058 per
550 3026 606 3047 eos
632 3012 780 3046 malefici
796 3013 896 3057 signa
923 3012 1042 3057 aliqua
1067 3011 1181 3044 facere

70 3071 99 3093 κ
122 3061 287 3096 Possunt.
312 3059 471 3093 Procedit
498 3069 614 3094 autem
640 3059 714 3093 haec
738 3059 857 3105 opinio
881 3071 923 3092 ex
952 3061 1072 3093 radice
1099 3056 1183 3100 infi-

69 3118 98 3139 κ
122 3098 295 3145 deliratis,
310 3111 380 3140 siue
397 3109 673 3148 incredulitatis,
688 3111 765 3153 quia
777 3119 839 3140 non
857 3107 999 3140 credunt
1013 3118 1090 3139 esse
1104 3103 1183 3136 Dae·

69 3165 97 3186 >2
123 3154 337 3200 ”ton-esfliisi
353 3156 386 3186 in
401 3157 624 3189 aestimatione
639 3157 728 3196 vulgi
743 3156 911 3187 tantmn.“
926 3152 962 3187 ld
979 3154 1011 3187 S.
1027 3152 1183 3186 Thomas

69 3188 114 3224 de
138 3193 348 3237 quibusdam
373 3200 424 3232 sm·
441 3204 605 3247 temporis
626 3216 634 3233 :
661 3196 854 3245 egoautem
872 3198 903 3233 id
922 3212 989 3233 non
1005 3199 1116 3233 ausim
1132 3196 1184 3230 af-

69 3235 211 3272 firmare
235 3239 276 3274 de
294 3243 454 3279 omnibus
471 3269 483 3288 ,
508 3249 569 3293 qui
595 3256 716 3282 nostro
731 3246 797 3281 hoc
820 3247 947 3280 soeculo
965 3246 1120 3290 Magiam
1146 3255 1186 3278 ο-

70 3293 190 3318 mnem
211 3298 336 3325 negant
352 3312 360 3321 .
387 3290 510 3325 Sedita
525 3295 750 3340 prosequitur
768 3294 980 3338 Angelicus:
1007 3293 1089 3326 llac
1109 3302 1186 3325 vera

62 3330 168 3375 fides
195 3337 373 3378 repudiat,
397 3349 458 3381 per
472 3352 561 3382 usuum
577 3343 730 3386 Angelos
744 3342 788 3374 cle
806 3342 893 3374 coelo
919 3342 1096 3374 cecidisse
1112 3360 1122 3378 ‚
1142 3343 1184 3370 ω’

73 3375 249 3416 Damones
286 3396 363 3418 esse
391 3386 561 3421 credimus
579 3406 592 3429 ,
617 3393 658 3422 Θ
684 3401 726 3423 ex
755 3388 948 3425 subtilitate
973 3400 1035 3423 sax
1060 3393 1183 3423 natum

2225 135 2281 185 47

1230 220 1270 259 7.
1299 214 1370 244 art.
1408 217 1485 243 12.:
1516 203 1550 241 8<
1581 205 1665 243 haee
1693 205 1859 258 duplicis
1887 208 1990 260 pacti
2018 206 2211 248 distinctio
2237 224 2341 250 com-

1230 261 1398 300 muniter
1429 260 1502 297 suit
1529 259 1580 296 ab
1608 260 1789 299 omnibus
1819 261 2024 315 Theologis
2052 262 2226 315 adoptata
2243 291 2253 302 .

1287 312 1380 353 561.
1409 312 1522 351 Unde
1553 314 1665 351 etiam
1686 313 1815 352 Sixtus
1832 314 1881 353 V.
1912 317 1950 353 in
1981 314 2126 355 celebri
2155 332 2223 357 sua
2241 319 2342 357 Con--

1230 369 1424 407 stitutione
1449 367 1545 405 Caela'
1573 367 1623 407 (ν’
1642 365 1774 404 Terra?
1790 369 1874 406 illos
1891 370 2142 418 condemnat,
2172 373 2240 424 qui
2261 386 2343 411 sor-

1231 423 1402 474 tilegiis,
1431 420 1481 462 <9¹
1510 420 1841 471 superstitmnilms
1871 436 1949 460 non
1981 429 2065 461 sine
2094 424 2345 465 Daernonum

1234 477 1382 516 saltem
1412 475 1569 513 occulta
1598 479 1814 524 societate,
1844 487 1913 514 «tut
1943 483 2070 515 tacita.
2097 471 2283 529 pactione
2303 493 2345 518 o·

1233 543 1376 582 peram
1405 527 1506 568 (lare
1532 542 1615 586 ηομ
1643 539 1849 567 verentur.
1893 531 1938 569 Et
1968 542 2094 583 postea
2131 532 2252 572 multo
2283 548 2345 572 ve-

1235 585 1478 632 hementius,
1521 592 1559 621 ut
1586 597 1659 636 par
1689 593 1765 622 erat
1788 614 1797 631 ,
1843 585 1880 621 in
1912 600 1970 622 eos
2013 586 2234 636 invehitur,
2277 589 2348 639 qui

1235 643 1362 678 etiam
1409 650 1605 689 expressa
1634 651 1725 676 cum
1756 636 1924 676 Diabolo
1966 645 2150 689 pretione
2180 641 2345 680 nefarias

1236 695 1398 746 inagicae
1429 693 1520 730 artis
1550 693 1826 731 incantationes
1854 692 2059 732 adhibent.
2104 695 2250 734 Eadem
2283 711 2347 748 pa·

1235 757 1294 786 cta
1324 755 1598 785 commemorat
1636 759 1791 800 quoque
1820 747 2024 799 Gregorius
2058 748 2149 787 XV.
2179 750 2219 786 in
2250 750 2346 788 Con-

1237 803 1312 840 stit.
1346 800 1640 853 Omnipotentt‘s
1669 799 1746 838 Det
1779 801 1866 849 (c).

1293 853 1385 895 562.
1415 854 1501 892 Jam
1531 868 1621 893 vero
1650 853 1709 892 his
1746 855 1943 907 explicatis
1986 856 2201 895 luculenter
2231 871 2349 909 appa·

1236 918 1321 958 ret,
1351 922 1457 961 posse
1487 909 1613 948 Deum
1646 908 1900 947 Daeinonibus
1929 913 2174 961 permittere,
2214 920 2253 949 ut
2284 926 2351 963 pa·

1236 964 1306 1002 ctis
1336 963 1550 1001 istiusmodi
1580 961 1640 1001 vel
1673 965 1884 1015 expressis,
1916 964 1975 1001 vel
1996 964 2130 1005 saltem
2159 966 2283 1004 tacitis
2303 965 2352 1008 ab

1235 1016 1461 1056 hominibus
1491 1018 1682 1066 invocati,
1711 1018 1845 1055 iisdem
1875 1030 1986 1069 opem
2014 1033 2123 1058 suam
2144 1028 2355 1071 praestent,

1235 1081 1276 1111 ut
1303 1072 1398 1124 ipsis
1427 1081 1655 1124 apparenter
1684 1071 1840 1124 quidem
1872 1074 2102 1122 inserviant,
2131 1075 2258 1124 reipsa
2286 1088 2354 1112 au·

1234 1136 1310 1166 tem
1340 1135 1500 1164 noceant
1521 1151 1532 1164 .
1581 1125 1685 1173 Quid
1714 1127 1818 1165 euim
1850 1124 1941 1164 huic
1971 1129 2211 1177 permissioni
2242 1141 2355 1180 repu—

1234 1178 1352 1233 gnet?
1381 1178 1554 1218 Profecto
1583 1182 1612 1218 si
1630 1211 1640 1229 ‚
1672 1189 1842 1232 utsupra
1870 1179 2170 1219 demonstratum
2199 1189 2278 1228 est,
2307 1182 2356 1218 si-

1234 1249 1282 1273 ne
1313 1233 1393 1272 ulla
1420 1233 1585 1273 infinitae
1615 1248 1694 1272 suae
1727 1233 1904 1272 bonitatis
1944 1232 2095 1283 jactura
2124 1234 2228 1273 Deus
2272 1248 2356 1287 per·

1235 1290 1385 1327 mittere
1414 1296 1562 1340 potest,
1592 1287 1626 1324 8(
1656 1302 1758 1339 saepe
1784 1289 1972 1340 permittit
2003 1288 2283 1336 Daemouibus,
2316 1297 2356 1325 ut

1239 1341 1466 1389 animabus,
1496 1341 1796 1393 corporibusque
1825 1341 2026 1380 hominum
2059 1342 2356 1390 tentationibus,

1238 1404 1352 1447 atque
1372 1393 1649 1433 obsessionibus
1669 1395 1917 1442 insidientur,
1948 1409 2127 1448 quaenam
2145 1409 2360 1448 repugnan-

1241 1451 1293 1487 tia
1309 1450 1379 1486 erit
1400 1477 1411 1496 ‚
1442 1456 1481 1485 ut
1512 1448 1604 1500 ipsis
1633 1460 1786 1500 quoque
1805 1449 1996 1500 permittat
2026 1463 2095 1501 pro
2123 1463 2254 1488 eorum
2277 1464 2356 1487 ma-

1240 1501 1446 1539 levolentia
1473 1501 1667 1553 quoddam
1711 1502 1836 1540 foedus
1875 1516 1963 1540 cum
2003 1505 2124 1555 magis
2153 1504 2276 1552 inire,
2320 1510 2361 1541 ut

1239 1556 1333 1606 ipsis
1363 1556 1401 1591 in
1430 1554 1562 1592 inultis
1591 1555 1705 1592 rebus
1733 1555 2019 1604 obsecundent,
2068 1557 2171 1609 quod
2209 1557 2357 1595 tandein

1240 1608 1290 1646 ad
1321 1619 1453 1644 eorum
1485 1615 1695 1645 extremam
1725 1610 1936 1659 perniciem
1968 1609 2169 1649 collimat?

1296 1660 1389 1700 565.
1419 1659 1608 1712 Magnam
1637 1670 1738 1700 certe
1755 1675 1830 1700 esse
1845 1662 2082 1702 Daemonum
2101 1666 2143 1703 in
2159 1664 2230 1704 hoc
2251 1678 2362 1703 mun-

2260 1719 2308 1756 do

1238 1841 1354 1876 ὐιιιῖτα
1378 1855 1479 1887 posse
1499 1863 1510 1883 ‚
1537 1852 1602 1885 ‹711ae
1620 1852 1682 1874 nos
1709 1852 1771 1874 non
1797 1849 1999 1884 possumus,
2025 1841 2067 1873 Θ·
2094 1840 2173 1873 ideo
2199 1841 2280 1879 illi,
2306 1851 2359 1882 qut

1248 1903 1307 1924 eos
1334 1891 1379 1923 ad
1406 1893 1492 1924 talia
1506 1889 1681 1932 facienda
1707 1890 1895 1928 inducunt,
1919 1887 2073 1932 malefici
2101 1895 2280 1920 vocantur.

1294 1938 1342 1978 (b)
1372 1937 1451 1971 Post
1479 1936 1711 1970 Thomasiuin
1738 1936 1794 1969 De
1820 1939 1957 1979 origine
1971 1948 2155 1979 processus
2182 1937 2366 1978 inquisito·

1250 1987 1297 2018 rii
1323 1988 1397 2018 (Je-
1414 2006 1424 2024 ,
1449 1983 1509 2017 ubi
1538 1983 1690 2027 primam
1717 1991 1900 2027 pactorum
1927 1983 2141 2016 mentionem
2167 1994 2184 2014 a
2211 1981 2366 2014 Caesario

1251 2031 1475 2065 Cisterciensi
1505 2029 1653 2074 ignobili
1679 2030 1799 2063 saeculi
1821 2030 1918 2063 Xlll.
1944 2030 2114 2073 scriptore
2141 2026 2366 2072 repetendam

1251 2090 1323 2112 esse
1352 2079 1423 2113 suis
1450 2075 1667 2122 pra‘judiciis
1692 2074 1858 2122 deceptus
1884 2085 2012 2109 temere
2040 2074 2311 2120 pronunciavit.

1298 2131 1344 2165 (c)
1377 2123 1530 2158 irrident
1567 2121 1759 2156 adversarii
1796 2123 1907 2157 nostri
1935 2131 2036 2168 pacta
2069 2123 2135 2155 ista
2168 2121 2334 2165 explicita
2356 2142 2366 2160 ,

1251 2181 1372 2217 utpote
1397 2183 1474 2216 quae
1500 2170 1583 2203 iniri
1617 2179 1823 2214 nequeunt,
1866 2170 1951 2215 quin
1979 2169 2137 2203 homines
2174 2169 2367 2212 loquantur

1252 2232 1332 2253 curn
1360 2219 1551 2257 Dzemone,
1576 2215 1668 2262 quod
1696 2218 1792 2250 sactu
1817 2217 2034 2262 impossibile
2060 2223 2208 2260 putant.
2235 2217 2281 2248 At
2308 2225 2368 2247 ve·

1251 2279 1316 2307 ro,
1340 2275 1378 2300 ut
1405 2265 1493 2298 nihil
1521 2263 1636 2297 dicam
1661 2262 1703 2297 de
1727 2265 1953 2298 oraculorum
1979 2263 2175 2307 responsis,
2199 2269 2310 2306 quot,
2336 2261 2368 2292 <Sc

1251 2322 1402 2360 quantas
1442 2325 1509 2346 non
1535 2312 1685 2355 legimus
1712 2311 1747 2344 in
1781 2311 1938 2356 probatis
1976 2309 2133 2344 historiis
2159 2310 2369 2342 Daemonum

1253 2361 1318 2395 sub
1345 2360 1453 2394 variis
1480 2360 1603 2392 formis
1630 2358 1893 2404 apparitiones,
1920 2361 1952 2391 &
1970 2370 2050 2391 cum
2076 2356 2278 2390 hominibus
2297 2355 2369 2390 col-

1251 2408 1393 2453 loquia?
1418 2407 1463 2441 Et
1490 2417 1696 2451 quanquam
1714 2417 1782 2438 non
1809 2405 1926 2439 omnia
1952 2405 2094 2450 probari
2109 2404 2264 2449 possint,
2291 2413 2367 2447 qua:

1251 2453 1293 2488 de
1328 2451 1532 2498 hujusmodi
1570 2452 1849 2498 apparitionibus
1898 2453 2003 2497 vulgo
2036 2452 2336 2485 circumferuntur
2357 2469 2368 2487 ,

1251 2510 1333 2536 sunt
1359 2509 1476 2534 tamen
1504 2499 1692 2544 qumdam,
1718 2511 1796 2544 qua*
1816 2508 1867 2532 tot
1894 2501 1926 2532 ἃς
1953 2499 2059 2532 tantis
2080 2497 2275 2530 fulciuntur
2295 2507 2368 2528 mo-

1250 2548 1405 2587 mentis,
1431 2555 1470 2579 ut
1496 2546 1596 2589 rejici
1625 2547 1699 2579 sine
1726 2547 1927 2578 temeritate
1952 2553 2148 2588 nequeant.
2193 2544 2305 2580 Sane,
2331 2549 2370 2574 uc

1251 2601 1367 2625 cetera
1393 2593 1533 2624 mittam
1550 2612 1560 2629 ‚
1586 2592 1687 2634 plura
1716 2591 1896 2622 Daemonia
1923 2590 2012 2622 vidit
2038 2591 2199 2621 Julianus
2220 2589 2370 2632 Aposta-

1252 2646 1287 2671 ta
1315 2649 1332 2670 a
1358 2636 1510 2681 quodam
1538 2637 1644 2678 Mago
1667 2644 1808 2667 evocata
1826 2655 1836 2673 ,
1861 2646 2011 2677 quorum
2038 2634 2199 2666 horribili
2227 2642 2367 2677 aspectu

1252 2685 1398 2717 territus
1425 2691 1592 2716 consueto
1618 2681 1742 2715 Crucis
1769 2681 1868 2724 signo
1893 2693 1927 2712 se
1946 2680 2123 2721 munivit,
2151 2682 2183 2712 ἀ
2209 2680 2268 2713 illa
2289 2689 2370 2723 pro-

1253 2731 1347 2764 tinus
1373 2737 1613 2768 evanuerunt,
1655 2736 1692 2761 ut
1719 2736 1839 2761 narrat
1867 2726 2109 2760 Theodoretus
2149 2728 2180 2759 -Sc
2206 2727 2371 2760 Sozome-

1252 2788 1318 2811 nus
1334 2799 1345 2818 ,
1371 2776 1430 2809 ille
1458 2775 1535 2809 Lib.
1563 2776 1621 2809 ΙΙΙ.
1650 2774 1747 2808 Hist.
1763 2773 1864 2808 Eccl·
1884 2786 1958 2819 cap.
1975 2775 2007 2807 3.
2023 2797 2033 2815 ,
2060 2774 2125 2807 iste
2151 2782 2268 2807 autem
2290 2773 2367 2806 Lib.

1250 2824 1297 2858 V.
1325 2835 1400 2869 cap.
1429 2832 1459 2855 2.
1506 2822 1620 2868 Hujus
1647 2822 1697 2854 rei
1723 2822 1936 2854 mentionem
1973 2821 2058 2854 facit
2084 2820 2192 2853 etiam
2217 2821 2251 2852 S.
2279 2820 2369 2852 Gre-

1252 2871 1370 2916 gorius
1396 2868 1564 2904 Nazianz.
1598 2870 1698 2903 Orat.
1727 2868 1785 2901 tv.
1824 2868 1858 2900 in
1883 2868 2067 2901 sulianum
2104 2878 2204 2900 num.
2242 2867 2298 2900 55.
2336 2869 2366 2899 8(

1252 2930 1325 2962 seq.
1353 2929 1450 2951 novae
1475 2913 1558 2950 edit.
1589 2929 1644 2949 an.
1675 2916 1775 2958 1778.
1797 2914 1962 2948 Parisiis.
1989 2916 2023 2948 S.
2052 2914 2270 2958 Augustinus
2291 2913 2369 2947 Lib.

1252 2965 1355 3000 XXl.
1380 2966 1424 2998 de
1451 2968 1547 2997 civit.
1577 2961 1644 2996 Dei
1672 2974 1746 3005 cap.
1773 2961 1805 2994 O.
1831 2960 1952 2995 docere
1979 2973 2046 2995 non
2060 2960 2263 3002 dubitavit,
2289 2961 2370 2994 Da-

1251 3023 1370 3046 :mones
1397 3010 1613 3045 astutissima
1640 3006 1834 3042 calliditate
1858 3007 2016 3042 homines
2035 3007 2224 3048 seducere,
2250 3010 2370 3042 velin-

1252 3059 1418 3104 spiramlo
1443 3069 1551 3091 eorum
1572 3055 1732 3089 cordibus
1760 3058 1850 3089 virus
1876 3058 2063 3097 occultum,
2090 3058 2141 3089 vel
2167 3060 2272 3088 etiam
2288 3055 2369 3098 ful-

1252 3106 1385 3140 lacibus
1410 3107 1579 3138 amicitiis
1604 3103 1822 3146 apparendo.
1867 3102 1933 3137 Ubi
1960 3104 2067 3136 etiam
2095 3100 2191 3136 addit
2218 3103 2368 3135 Sanctus

1252 3153 1385 3186 Doctor
1412 3164 1430 3184 a
1458 3150 1682 3183 lia-rnonilms
1708 3147 1865 3184 homines
1891 3148 1933 3183 de
1958 3151 2096 3184 artibus
2116 3149 2262 3193 magicis
2289 3147 2370 3181 edo-

1254 3199 1351 3237 ceri3
1377 3210 1480 3241 neque
1507 3200 1595 3229 enim
1619 3199 1756 3241 potuit,
1782 3201 1854 3231 nisi
1879 3201 2023 3242 prr'mnm
2049 3200 2141 3241 ipsis
2165 3197 2366 3229 decennem<

1254 3248 1373 3283 disci,
1411 3245 1492 3287 qnid
1517 3246 1654 3288 quisque
1681 3245 1818 3278 illorum
1841 3253 2006 3289 appetat,
2048 3245 2130 3289 quid
2154 3243 2364 3279 exhorreat,-

1254 3306 1315 3338 quo
1341 3294 1504 3324 intricetur
1528 3294 1684 3331 nomine,
1711 3303 1772 3335 quo
1797 3300 1962 3336 cogatur.-
1985 3293 2075 3327 unde
2091 3295 2229 3336 magica
2247 3297 2338 3324 artes
2353 3305 2364 3313 -

1254 3349 1428 3383 unumque
1454 3337 1614 3383 artifices
1640 3341 1854 3374 extiterunt-
