2583 3685
977 117 1061 165 DE
1094 115 1402 163 onsnssffi.
2220 128 2270 173 4,

422 251 729 294 PROPOSi'rto
765 251 795 291 Ι.

49 361 218 410 Bassum
247 361 470 402 Daemones
491 393 502 412 ,
532 361 621 400 Deo
649 363 929 411 permittente,
957 357 1132 397 obsatera
1154 388 1165 406 ,

235 419 286 460 <9¹
314 416 513 472 possidere
541 416 747 454 hominum
776 425 941 464 corpora
958 439 968 450 .

102 526 196 568 513.
215 504 592 581 Apparet-primo,
617 531 760 562 attenta
782 521 1014 561 Daemonum
1031 528 1169 558 natura

45 582 297 634 incorporea,
325 590 439 634 atque
455 578 677 618 hominibus
691 576 907 629 superiore,
938 575 1022 612 tier-i
1039 585 1167 626 posse,

45 644 87 675 ut
128 634 332 675 hominum
375 647 535 686 corpora
578 634 714 671 intime
757 628 961 681 pervadant
983 658 994 676 ,
1042 641 1164 687 eaque

43 702 116 743 pro
129 703 303 729 concessa
319 688 393 728 sibi
410 703 432 726 a
447 687 530 726 Deo
545 693 720 740 potestate
737 689 912 720 moveant
927 711 939 729 ,
970 682 1164 733 variisque

45 743 170 782 modis
199 743 422 782 eorumdem
449 753 592 792 organa
611 739 778 790 agitent,
809 744 849 773 ut
870 735 957 773 inde
984 735 1167 788 quaedam

44 798 209 836 actiones
235 797 434 843 oriantur,
461 795 604 832 animae
634 790 800 843 imperio
827 790 939 842 quasi
969 800 1168 841 suspenso,

46 850 82 888 &
111 850 323 903 impedite.
380 846 507 900 Hujus
550 847 605 884 rei
647 841 870 896 exemplum
914 842 1101 881 habemus
1130 843 1168 880 in

74 903 304 952 hreneticis,
345 903 414 956 qui
442 900 648 940 admodum
677 896 823 936 similes
851 897 1099 935 daemoniacis
1129 911 1169 934 a-

43 918 230 1011 liquando
255 965 366 1005 sum,
414 953 449 991 Bt
477 955 530 992 ita
558 953 714 1007 quidem
733 981 744 1000 ,
792 959 833 988 ut
874 950 990 988 facile
1019 951 1168 989 contin-

42 1020 132 1064 gat,
161 1010 311 1050 eosdem
340 1021 411 1063 pro
437 1007 687 1046 daemoniacis
714 1004 851 1043 haberi
867 1019 878 1051 3
912 1004 1167 1056 quamobrem

43 1077 118 1104 non
146 1078 266 1118 parva
284 1062 484 1116 diligentia
511 1074 607 1114 opus
636 1060 749 1098 estad
779 1071 839 1097 eos
859 1058 1165 1110 distinguendos.

98 1118 192 1164 514.
218 1117 335 1167 Quod
375 1125 506 1156 autem
535 1114 641 1154 Deus
685 1126 753 1165 pro
782 1112 1021 1151 inscrutabili
1062 1111 1167 1163 judi-

35 1172 193 1211 ciorum
221 1184 378 1211 suorum
406 1170 546 1223 abysso
574 1169 793 1222 permittere
823 1165 990 1205 Diabolo
1019 1168 1166 1219 possit,

38 1234 85 1264 ut
113 1238 275 1279 corpora
301 1225 507 1264 hominum
536 1221 717 1269 invadat,
765 1221 799 1256 ἃ
830 1220 1042 1272 possideat,
1083 1235 1167 1259 ma-

41 1279 181 1319 uifeste
209 1288 309 1332 patet
338 1291 382 1316 ex
413 1290 484 1324 e0,
513 1275 614 1327 quod
634 1304 645 1322 ,
676 1283 717 1311 ut
736 1286 852 1325 supra
871 1273 1167 1313 demonstratum

44 1341 126 1382 est,
174 1334 366 1384 permittat
394 1329 520 1367 eidem
549 1328 724 1366 insidiari
766 1326 968 1365 animabus
998 1329 1134 1366 nostris
1154 1358 1166 1377 ‚

46 1395 89 1425 ut
115 1400 177 1424 eas
205 1384 313 1424 mille
341 1383 503 1422 nocendi
530 1382 677 1419 artibus
705 1379 754 1419 ad
775 1390 973 1432 peccatum
1003 1381 1165 1420 alliciat:

46 1451 136 1491 ergo
162 1437 286 1477 multo
311 1438 434 1487 magis
464 1435 646 1474 Daemoni
676 1435 892 1486 permittere
920 1437 1082 1486 poterit,
1126 1444 1166 1474 ut

44 1490 271 1543 corporibus
297 1489 526 1538 insidietur,
557 1501 677 1541 eaque
707 1487 937 1540 penetrando
967 1497 1127 1540 occupet
1149 1519 1160 1536 ,

42 1545 239 1597 variisque
264 1544 389 1583 modis
415 1542 594 1591 divertet,
624 1542 824 1579 transferat
852 1540 899 1578 de
927 1540 1013 1578 loco
1042 1542 1080 1579 in
1109 1540 1166 1578 lo-

43 1611 162 1646 cum,
188 1610 331 1651 organa
358 1595 567 1649 loquendi,
599 1594 782 1643 videndi,
812 1593 847 1630 ἃ
875 1595 1056 1633 audiendi
1087 1607 1166 1632 mo-

42 1661 156 1701 veat,
203 1652 263 1693 vel
293 1651 506 1705 impediat,
547 1649 681 1688 eadem
710 1650 914 1697 incurvet,
953 1658 992 1686 ut
1022 1648 1167 1687 coelum

43 1705 174 1751 videre
199 1714 417 1759 nequeant,
446 1706 486 1744 in
513 1704 642 1756 ignem
660 1733 672 1753 ,
701 1701 762 1742 vel
792 1715 934 1755 aquam
964 1702 1165 1755 projiciat,

43 1759 198 1813 aliaque
226 1760 266 1799 id
292 1773 410 1812 genus
438 1757 606 1807 efficiat,
649 1770 816 1811 quorum
846 1755 1024 1810 exempla
1052 1757 1165 1796 nobis

44 1814 282 1868 experientia
307 1813 533 1867 quotidiana
549 1843 560 1862 ,
590 1814 670 1850 imo
699 1810 732 1848 8c
749 1809 1003 1863 Evangelitnn
1031 1812 1163 1863 ipsum

44 1868 318 1921 suppeditant.
365 1867 440 1906 Sed
468 1866 515 1905 de
543 1865 713 1918 potentia
741 1865 979 1918 Angelorum
1009 1866 1050 1905 in
1079 1879 1163 1904 cor-

47 1933 142 1975 pora
169 1921 248 1960 vid.
278 1920 320 1961 S.
350 1919 520 1959 Thomas
550 1920 581 1960 Ι.
612 1918 653 1959 Ρ.
683 1934 722 1972 q.
750 1931 836 1958 ιιο.
866 1928 939 1958 art.
962 1919 1000 1958 3.

97 1975 195 2015 2515.
223 1974 410 2017 Praeterea
437 1973 586 2027 aliquas
614 1974 734 2012 sancti
765 1972 890 2011 Patres
919 1974 1080 2012 rationes
1108 1973 1165 2012 af·

46 2028 203 2078 ferunt,
248 2037 401 2082 propter
459 2042 526 2067 uas
553 2028 726 2067 divinam
755 2027 965 2066 bonitatem
1006 2029 1166 2067 minime

45 2081 133 2122 haec
160 2083 360 2134 permissio
387 2043 566 2122 dedeceat
582 2108 594 2121 .
623 2081 755 2120 Prima
774 2089 826 2120 est
854 2081 924 2120 illa
939 2080 979 2119 S.
1001 2081 1167 2120 Ambro-

45 2137 96 2176 sii
123 2136 214 2176 Lib.
235 2135 305 2175 Vl.
335 2138 376 2177 iu
404 2137 553 2177 Lucam
570 2166 582 2185 ,
629 2144 670 2174 ut
699 2134 788 2174 boni
816 2134 1048 2187 probentur,
1091 2140 1166 2174 im-

44 2188 153 2242 probi
179 2187 423 2244 puniantur.
467 2190 628 2239 Altera,
658 2197 699 2228 ut
729 2189 903 2228 homines
932 2203 978 2228 ex
1008 2191 1053 2228 iis
1084 2205 1165 2228 ma-

50 2243 126 2294 lis,
154 2259 244 2298 quae
266 2245 444 2286 inimicus
459 2244 649 2285 Diabolus
665 2244 779 2282 infert
807 2245 990 2297 corpori,
1019 2245 1167 2283 discant

48 2311 95 2337 ea
122 2297 245 2338 multo
271 2298 428 2352 majora.
448 2301 610 2348 timere,
640 2312 729 2352 quae
759 2298 902 2336 animae
934 2298 1074 2336 inferre
1103 2311 1168 2337 co-

50 2360 192 2392 natur.
241 2352 401 2403 Tertia,
427 2362 472 2393 ut
500 2352 732 2401 crudelitas,
780 2365 823 2391 ac
854 2352 980 2392 rabies
1010 2351 1170 2390 Daemo-

48 2418 147 2446 uum
174 2414 304 2454 contra
331 2420 397 2446 nos
425 2415 727 2460 cognoscantur,
757 2406 791 2443 8t
821 2419 866 2444 ex
887 2406 1006 2444 altera
1036 2415 1142 2459 parte
1159 2437 1170 2456 ,

82 2460 271 2497 nanta-sit
304 2472 394 2510 erga
420 2473 488 2498 nos
515 2460 590 2498 Dei
618 2460 860 2511 benignitas,
891 2459 924 2495 8(
956 2461 1170 2499 misericor-

51 2472 147 2560 dia,
175 2519 379 2563 appareat:
412 2509 631 2561 Utrumque
649 2540 660 2558 ,
689 2513 812 2562 inquit
840 2512 882 2549 S.
913 2512 973 2550 Jo.
1002 2514 1081 2550 Chr
1113 2528 1171 2552 so-

53 2572 198 2602 atomus
226 2566 242 2614 (
271 2563 389 2612 Hom.
409 2563 440 2602 1.
488 2562 537 2602 de
564 2562 826 2605 Doemonibus
853 2576 965 2601 num.
986 2564 1026 2602 6.
1092 2579 1170 2604 om.

53 2616 105 2656 Π.
134 2616 150 2665 )
179 2619 221 2653 in
249 2615 308 2654 his
335 2615 618 2654 Doemoniacis
653 2629 818 2654 cernere
848 2617 939 2654 licet
956 2646 967 2664 ‚
1014 2617 1064 2658 <9⁶
1094 2617 1174 2656 Dei

48 2668 342 2723 benignitatem
355 2699 368 2719 ,
388 2668 696 2711 &Daenzonum
707 2668 1004 2720 t'mproln'tatem
1016 2697 1026 2708 .
1048 2670 1173 2718 Quar-

40 2731 131 2765 tam
173 2722 281 2762 affert
308 2723 509 2762 Cassianus
536 2722 674 2762 Collat.
697 2723 782 2762 Vll.
824 2737 912 2774 cap.
934 2722 999 2762 28.
1046 2733 1088 2761 ut
1117 2724 1175 2762 ‹lt-

57 2775 263 2816 scedentes
299 2790 354 2816 ex
381 2776 452 2816 hoc
481 2777 631 2816 mundo
670 2778 730 2817 vel
756 2780 1010 2830 purgatiores
1038 2777 1094 2815 ad
1121 2782 1175 2816 νὶ-

47 2840 142 2870 ἲανπ
170 2831 302 2871 aliam
329 2829 659 2884 transferantur,
689 2831 746 2872 rel
773 2843 896 2882 poena
925 2831 1066 2869 leviore
1094 2833 1174 2883 ple-

55 2894 244 2927 stantur.
271 2885 443 2926 Demum
459 2916 472 2937 ,
503 2895 543 2926 ut
571 2887 693 2927 virtus
721 2885 812 2926 Jesu
840 2885 981 2924 Christi
1010 2885 1174 2926 Domini

108 3051 158 3088 (a)
179 3048 215 3082 S.
239 3049 295 3084 Jo.
321 3043 598 3096 Chrysae‘vstomus
623 3062 705 3085 cum
731 3050 924 3095 Stagirium
950 3050 1104 3085 nobilem
1129 3052 1179 3086 A-

65 3100 197 3127 saetam
220 3106 241 3129 a
264 3095 445 3136 Daemonio
469 3107 672 3143 correptum
690 3120 702 3139 ‚
728 3111 767 3132 ac
792 3098 867 3130 (lire
892 3106 1061 3131 vexatum
1088 3110 1178 3143 prae-

66 3149 145 3191 sens
170 3141 340 3190 consolari
365 3155 433 3177 non
458 3154 600 3189 posset,
642 3154 712 3179 tre-s
739 3143 781 3178 ad
806 3156 887 3178 ειιῐιι
913 3145 1021 3179 libros
1048 3146 1145 3178 misit
1163 3168 1176 3187 ‚

63 3195 101 3217 m
125 3183 253 3229 quibus
276 3187 430 3223 mirabili
466 3202 529 3224 sua
553 3192 752 3236 eloquentia
778 3191 994 3225 Monachum
1031 3192 1178 3227 tristitia

63 3230 294 3275 absorptum,
328 3243 368 3266 ac
392 3246 476 3279 pene
502 3237 538 3270 in
563 3235 840 3283 desperationem
869 3247 987 3272 actum
1020 3239 1177 3274 consola-

62 3284 122 3311 tus
139 3284 220 3318 est.,
243 3276 427 3330 ostendens
443 3288 525 3327 quot
538 3304 550 3324 ‚
575 3288 607 3317 ά
630 3293 764 3329 quanta
779 3285 870 3319 bona
885 3285 979 3319 Deus
996 3294 1067 3330 opt.
1080 3296 1176 3321 max.

56 3333 105 3358 tx
125 3322 195 3357 hoc
219 3334 428 3376 gravissimo
451 3327 525 3371 ejus
552 3330 746 3365 infortunio
769 3332 910 3365 eliceret
926 3355 933 3364 .

111 3370 162 3412 (b)
186 3369 393 3405 Benedictus
420 3373 516 3405 XIV.
543 3376 620 3410 Lib.
648 3378 707 3411 IV.
734 3377 789 3411 De
816 3379 995 3418 Servorum
1010 3378 1082 3415 Dea·
1097 3379 1175 3415 beo-

166 3414 409 3473 Gazzaniga
442 3417 576 3463 Titeol.
604 3422 716 3465 Tem.
738 3422 808 3467 lv.

1235 196 1351 236 nostri
1369 225 1380 243 ,
1409 196 1477 256 qui
1491 197 1604 233 vincit
1621 195 1834 235 Diabolum
1850 227 1860 245 ,
1882 200 1998 250 magit
2009 197 2156 238 eluceat
2174 216 2183 245 ς
2212 217 2349 254 quam-

1234 251 1368 288 obrem
1395 248 1421 286 Il
1437 248 1662 286 ertullianus
1710 255 1751 286 in
1801 252 2005 304 Apologec.
2044 255 2217 305 oap.23.
2265 256 2354 296 alii-

1234 318 1310 356 que
1340 312 1481 340 veteres
1512 305 1708 340 veritatem
1739 303 1929 355 religionis
1958 305 2184 346 Christiana:
2227 323 2273 348 ex
2302 310 2350 349 li-

1233 357 1431 395 beratione
1459 356 1798 394 Daeinoniacorum
1827 360 2135 400 demonstrabant
2164 363 2228 414 (a)
2246 390 2257 402 .

1291 409 1382 449 516.
1412 409 1504 457 obj.
1535 411 1662 461 primo
1680 435 1690 447 .
1729 410 1961 451 Daemonum
1981 444 1990 461 ,
2023 423 2149 466 utpote
2171 416 2351 456 substau-

1236 465 1379 503 tiarum
1409 462 1671 516 spiritualium
1700 464 1810 502 nulla
1839 476 1890 504 est
1908 497 1918 514 ,
1948 478 2010 505 aut
2032 482 2110 507 esse
2139 480 2255 522 potest
2286 485 2352 510 no·

1237 528 1311 556 stra
1339 529 1498 570 corpora
1528 517 1761 566 invadendi,
1810 528 1842 556 at
1870 534 1920 556 ne
1950 523 2126 561 movendi
2169 525 2353 563 naturalis

1238 580 1421 625 potestas:
1451 583 1539 623 ergo
1568 571 1699 609 saltem
1718 582 1852 610 natura
1873 575 1939 611 iter
1954 574 2040 614 lunc
2069 576 2261 627 obsessio,
2292 578 2355 617 vel

1237 626 1417 679 possessio
1446 625 1636 677 possibilis
1664 638 1740 664 non
1773 637 1850 665 est.

1294 680 1385 731 517.
1419 677 1558 730 l-'requ
1589 693 1811 731 quanquam
1842 694 1916 720 non
1947 693 2110 734 constet,
2150 699 2355 740 quousque

1237 748 1274 771 se
1296 733 1476 771 extendat
1507 733 1742 785 Angelorum
1773 744 1848 772 tam
1879 736 2092 786 bonorum,
2121 753 2240 792 quam
2272 756 2354 780 ina-

1238 787 1366 825 lorum
1396 795 1582 840 potestas,
1630 796 1775 826 certum
1807 798 1931 828 tamen
1962 793 2108 840 videri,
2159 806 2262 844 posse
2294 809 2356 834 eos

1236 843 1378 880 nedum
1410 851 1534 879 nostra
1562 853 1749 894 corpora,
1779 845 1841 881 sed
1872 845 1985 882 etiam
2016 846 2092 884 alia
2122 846 2243 884 multo
2275 862 2356 885 ma-

1235 893 1320 947 jora
1349 908 1528 941 inovere3
1559 909 1683 947 neque
1712 897 1815 935 enirn
1844 909 2067 937 vocarentur
2095 900 2190 938 mali
2218 901 2357 953 Angelt

1235 946 1510 1001 principatus,
1557 950 1608 990 ὡ·
1636 957 1877 999 potestates,
1924 965 1976 990 ac
2007 953 2146 991 muntii
2183 965 2356 994 rectores

1236 1002 1378 1056 Ephes.
1402 1003 1468 1042 Vl.
1505 1016 1565 1042 12.
1583 1034 1594 1051 ,
1623 1005 1654 1042 si
1685 1004 1834 1043 nullam
1865 1005 2047 1045 haberent
2077 1007 2192 1061 hujus
2220 1010 2357 1049 mundi

1233 1070 1394 1110 corpora
1421 1057 1599 1096 movendi
1630 1058 1709 1096 vim
1727 1085 1737 1096 .
1769 1059 1862 1098 Nota
1884 1063 2098 1113 pariterex
2129 1065 2246 1102 sacris
2275 1064 2356 1103 Lit-

1234 1113 1324 1151 teris
1361 1121 1446 1150 sunt
1489 1110 1620 1159 mala,
1669 1111 1703 1148 8(
1745 1114 1910 1163 damna,
1959 1129 2047 1167 quae
2077 1117 2191 1155 Satan
2229 1118 2358 1157 intulit

1234 1166 1336 1215 Job,
1367 1167 1540 1219 primum
1569 1166 1727 1218 quidem
1757 1169 1957 1206 destructis
1987 1170 2093 1207 illius
2122 1171 2259 1220 bonis,
2303 1182 2355 1209 at-

1235 1235 1310 1274 que
1340 1221 1581 1274 interemptis
1611 1219 1730 1269 filiis,
1781 1231 1860 1274 post
1890 1233 2017 1260 autem
2061 1237 2239 1276 percusso
2277 1227 2356 1278 ipso

1236 1287 1394 1326 corpore
1423 1274 1495 1312 Job
1525 1275 1656 1313 uicere
1684 1281 1856 1325 pessimo
1885 1290 1911 1314 a
1934 1278 2077 1328 planta
2096 1279 2206 1326 pedis
2235 1292 2352 1329 usque

1235 1328 1289 1365 ml
1319 1331 1505 1365 verticem
1533 1332 1675 1377 capitis
1702 1329 1853 1378 J0b1.‚
1902 1331 1936 1367 8t
1968 1332 2016 1370 11.
2047 1332 2184 1371 *Nonne
2214 1333 2352 1372 Diabo-

1235 1380 1294 1419 lus
1323 1380 1515 1420 transtulit
1544 1381 1783 1421 salvatorem
1813 1393 1983 1423 nostrum
1997 1386 2131 1425 Jesum
2159 1386 2354 1426 Christum·

1233 1448 1347 1487 super
1379 1434 1632 1487 pinnaculum
1662 1435 1846 1488 Templi,
1891 1437 1924 1473 ἃ
1952 1439 2090 1476 deinde
2121 1442 2160 1479 in
2190 1452 2356 1479 montem

1235 1487 1429 1526 excelsum
1460 1487 1599 1528 valde?
1648 1489 1786 1528 Manli.
1811 1490 1878 1529 lV.
1911 1491 2032 1530 Nemo
2062 1503 2188 1532 autem
2217 1508 2262 1532 ex
2292 1508 2357 1534 no·-

1235 1542 1295 1579 bis
1324 1552 1499 1594 quaerat,
1529 1557 1606 1594 qua
1637 1545 1782 1583 ratione
1812 1546 1963 1597 spiritus
1994 1558 2142 1586 moveat
2171 1561 2356 1601 corpora,

1235 1609 1458 1647 quanquam
1488 1599 1594 1634 enirn
1626 1596 1694 1635 hoc
1717 1599 1937 1648 ignoratur,
1968 1616 2046 1639 non
2078 1605 2270 1654 ignoratur
2301 1612 2352 1641 ta·

1235 1662 1351 1696 men,
1383 1647 1479 1686 lianc
1508 1648 1569 1688 illi
1601 1651 1779 1688 virtutem
1810 1665 1886 1689 esse
1915 1670 1938 1691 a
1968 1654 2049 1693 Deo
2077 1656 2278 1695 collatam.

1291 1702 1385 1741 518.
1417 1702 1532 1750 Quod
1560 1703 1590 1741 si
1634 1702 1777 1755 aliquis
1808 1707 2060 1756 pervicaciter
2089 1712 2356 1751 contenderet.

1233 1755 1332 1795 hanc
1363 1757 1443 1795 vim
1474 1755 1729 1796 Daemouibus
1758 1759 1983 1799 naturaliter
2013 1775 2087 1800 non
2117 1766 2237 1802 inesse
2255 1796 2264 1812 ,
2294 1755 2358 1803 all

1231 1809 1308 1849 linc
1350 1820 1475 1850 temen
1520 1821 1668 1863 possent
1696 1825 1857 1864 corpora
1900 1813 2104 1855 hominum
2144 1820 2355 1858 invadere.

1232 1865 1450 1919 possidere,
1481 1879 1524 1903 ac
1555 1879 1736 1915 movere,
1770 1866 1851 1905 Deo
1883 1871 1933 1907 ita
1963 1871 2137 1910 volente.
2183 1872 2230 1911 Et
2262 1876 2291 1912 si
2321 1863 2356 1912 ess

1233 1921 1328 1958 tiam
1358 1918 1443 1958 haec
1473 1919 1696 1959 daetnonum
1726 1924 1906 1973 possessio
1936 1925 2167 1965 miraculosa
2188 1927 2266 1966 dici
2295 1928 2359 1966 de-

1233 1973 1369 2022 beret,
1398 1987 1476 2013 non
1499 1983 1699 2026 propterea
1719 1977 1970 2028 impossibilis
2001 1980 2122 2029 foret,
2154 1983 2226 2020 nisi
2256 1985 2358 2035 apud

1236 2032 1325 2076 eos',
1355 2029 1424 2080 qui
1456 2028 1645 2067 miracula
1674 2029 1759 2068 fieri
1791 2043 1897 2082 posse
1917 2042 2084 2085 negant,
2115 2048 2281 2086 quorum
2301 2050 2360 2074 er·

1234 2095 1299 2120 ror
1324 2081 1425 2121 alibi
1453 2082 1630 2135 explosus
1659 2083 1758 2122 fuit.
1807 2084 2051 2126 probabilius
2093 2097 2218 2127 tamen
2257 2090 2361 2128 vide·

1235 2144 1324 2185 tur,
1354 2151 1398 2175 ac
1429 2150 1524 2189 pene
1553 2144 1730 2185 certum,
1762 2136 1862 2177 hanc
1894 2143 1974 2179 vim
2005 2141 2261 2181 Daemonibus
2291 2158 2360 2182 na-

1234 2189 1408 2230 turaliter
1437 2192 1586 2239 inesse,
1619 2200 1659 2229 ut
1687 2190 1765 2230 sola
1785 2192 1859 2231 Dei
1889 2196 2138 2247 permissione
2169 2198 2362 2249 indigeant

1236 2258 1322 2282 eam
1351 2246 1582 2284 exercendi.
1639 2244 1731 2285 Dici
1760 2256 1896 2285 autem<
1922 2249 2035 2288 debet
2063 2251 2364 2302 supernaturalis

1237 2298 1412 2351 expulsio
1440 2298 1677 2338 Daemonum
1707 2299 1757 2338 ab
1785 2301 1947 2341 obsessis
1975 2304 2226 2356 corporibus,
2269 2308 2363 2360 quia

1239 2365 1315 2391 non
1343 2363 1491 2392 naturae
1521 2353 1653 2406 aliqua
1683 2355 1748 2403 vi,
1780 2356 1843 2393 sed
1861 2356 1935 2396 Dei
1956 2358 2074 2411 ipsius
2096 2360 2267 2412 potentia
2288 2360 2364 2399 Ee-

1239 2405 1357 2445 clesia
1386 2408 1566 2460 precibus
1587 2439 1598 2458 ‚
1646 2418 1759 2462 atque
1789 2409 2024 2451 Exorcismis
2052 2413 2258 2466 impetrata
2287 2413 2362 2451 fit.

1237 2460 1304 2500 Sic
1333 2463 1448 2500 etiam
1479 2462 1605 2501 morbi
1635 2473 1781 2502 naturae
1797 2465 1946 2504 defectu
1970 2468 2264 2516 nosinfestaut,
2294 2480 2365 2506 nec

1238 2515 1462 2554 miraculosi
1491 2525 1605 2561 sunt3
1634 2518 1698 2555 sed
1717 2519 1948 2571 quandoque
1979 2534 2046 2572 per
2077 2535 2165 2559 vera
2194 2523 2362 2559 iniracu-

1239 2566 1279 2604 la
1307 2567 1536 2606 Sanctorum
1567 2571 1834 2608 intercessione
1861 2583 2045 2611 sanantur
2075 2573 2134 2623 (b)
2152 2601 2162 2611 .

1296 2619 1388 2671 519.
1417 2620 1560 2657 Dices.
1608 2621 1651 2657 Si
1681 2621 1786 2658 Deus
1817 2621 1916 2659 lianc
1954 2626 2363 2664 virtutem¹Daemoni-

1243 2670 1316 2709 bus
1364 2671 1576 2720 tribueret,
1623 2682 1688 2710 aut
1731 2672 1865 2712 saltem
1909 2677 2058 2714 eosdem
2089 2677 2244 2718 illa-uti
2275 2694 2360 2732 per·

1243 2726 1435 2775 mitteret,
1485 2727 1676 2764 videretur
1704 2727 1819 2765 simul
1850 2742 1940 2767 cum
1971 2730 2107 2769 iisdem
2144 2735 2365 2786 conspirare

1242 2779 1289 2817 ad
1319 2779 1459 2817 damna
1488 2778 1711 2819 hominibus
1742 2783 1962 2832 inserenda,
2004 2785 2105 2836 quod
2136 2797 2330 2829 maiestate
2351 2819 2362 2837 ,

1242 2832 1276 2870 8t
1306 2832 1475 2871 bonitate
1505 2833 1651 2872 Divina
1680 2835 1878 2887 indiguum
1909 2850 2060 2889 prorsus
2091 2850 2170 2879 est.
2200 2830 2209 2839 ”

1296 2886 1390 2928 520.
1415 2886 1536 2941 Resp.
1567 2888 1694 2927 Deum
1727 2890 1779 2927 uti
1809 2889 1965 2944 Angelis
1991 2892 2134 2944 malis,
2176 2904 2361 2949 tanquam

2229 2965 2309 2988 suoe

1248 3054 1308 3098 tif.
1337 3056 1378 3087 θ’
1405 3052 1501 3086 Bear-
1530 3051 1695 3087 Canoniz.
1733 3050 1769 3086 P.
1799 3053 1825 3088 l.
1851 3063 2007 3101 ’σεεμ-29.
2045 3056 2143 3093 docet
2183 3060 2361 3104 expulsio-

1247 3113 1327 3134 nem
1355 3101 1561 3133 Daemonmn
1588 3111 1657 3133 non
1682 3112 1754 3133 esse
1779 3101 2052 3145 miraculosam,
2078 3105 2217 3150 quando
2243 3108 2287 3141 ab
2315 3109 2359 3140 Ee

1245 3147 1399 3181 xorcista
1425 3147 1462 3179 fit
1481 3154 1653 3190 potestate
1669 3146 1802 3181 ordinis
1821 3161 1833 3187 3
1860 3150 1964 3183 aliter
1983 3163 2187 3196 sequeretur·
2204 3176 2215 3194 ‚
2241 3166 2362 3187 omnes

1245 3194 1449 3227 Exercistas
1476 3193 1646 3226 miracula
1671 3194 1811 3235 ἕπει-ας
1835 3195 1922 3229 hene
1941 3209 2024 3231 vero
2035 3199 2180 3243 quando
2207 3202 2240 3234 tit
2257 3223 2267 3241 ‚
2297 3212 2362 3233 non

1244 3241 1376 3272 virtute
1401 3236 1534 3273 ordinis
1559 3240 1676 3282 sacri,
1702 3240 1761 3273 sed
1787 3242 1855 3276 alia
1883 3245 2044 3285 rationes,
2071 3257 2130 3290 per
2152 3248 2359 3292 imperium,

1244 3298 1307 3332 per
1330 3285 1506 3319 orationes
1519 3307 1532 3327 ‚
1555 3297 1616 3339 per
1635 3287 1921 3340 intercessionem
1938 3292 2150 3329 Sanctorum
2164 3316 2177 3337 ‚
2201 3306 2262 3340 per
2276 3303 2357 3329 con-

1246 3341 1381 3369 tactum
1403 3343 1493 3368 sacr·
1505 3333 1768 3380 Reliquias-um
1795 3338 1860 3370 &c-

1834 3428 1862 3471 6
