2583 3685
269 150 329 203 46

207 231 428 282 contigisse,
459 225 504 266 ut'
525 238 689 279 puerum
717 225 931 267 lunaticum
960 244 982 268 a
1003 230 1189 271 Daeinone
1217 233 1314 272 libe-

205 297 290 323 rare
319 298 393 321 nou
423 289 566 334 possent
593 279 705 318 Matt.
740 280 868 322 XVII.
903 284 965 322 15.
1001 285 1073 322 Sed
1096 317 1106 334 ‚
1150 295 1190 324 ut
1217 288 1315 326 dixit

207 339 313 376 Jesus
342 336 470 373 eodem
499 332 611 381 loco,
640 331 713 373 hoc.
741 335 886 375 factum
916 346 968 376 est
996 349 1149 392 propter
1179 354 1313 380 eorum

207 388 557 431 incredulitatem;
585 395 668 425 tum
697 390 811 428 etiam
840 392 934 442 quia
955 394 1124 431 remedia
1151 393 1313 445 jejunii,

206 445 241 480 ἃ
269 440 448 479 orationis
476 443 829 492 praetermiserunt,
860 454 899 483 ut
928 445 1123 498 colligitur
1152 442 1197 485 eii
1227 463 1314 500 cap.

205 496 277 534 IX.
309 493 434 533 Marci
465 492 529 531 28.
571 493 631 532 Ex
660 495 807 535 defectu
837 500 953 550 igitur
987 499 1125 538 debitae
1155 502 1314 554 disposi-

205 551 314 588 tionis
355 549 435 586 sive
471 548 510 585 iii
538 547 845 600 Energumenis,
893 554 974 591 sive
1015 555 1055 592 in
1086 554 1313 604 Exorcistis,

204 617 274 641 non
303 610 431 639 autem
459 613 505 639 ex
533 602 682 642 defectu
714 608 902 657 potestatis
925 606 1112 646 aChristo
1140 622 1218 646 suae
1238 609 1314 647 Ec-

202 657 325 693 clesiae
356 653 505 692 collatae
527 685 539 704 ,
569 670 672 708 saepe
699 661 901 712 contingit,
950 660 1229 712 adjurationes,
1259 672 1314 701 at-

198 723 274 761 que
303 708 529 749 exorcismos
557 711 699 753 frustra
726 712 904 753 adhiberi
933 716 996 766 (ιι)
1016 742 1026 755 .

603 818 776 860 CAPUT
805 820 916 860 XXI.

213 948 217 952 ·
268 926 331 966 De
360 925 509 965 artibus
536 932 735 981 magicis,
764 929 815 970 ὠ*
844 933 1122 982 superstitiosis
1152 944 1243 970 cum

502 979 705 1021 Daemone
733 988 985 1023 commerciis
1001 1010 1012 1024 0

250 1087 341 1134 354.
359 1064 542 1140 Optime
571 1099 670 1129 certe
700 1091 747 1128 de
777 1090 973 1145 Religione
991 1124 1002 1142 ‚
1045 1103 1157 1147 atque
1187 1093 1312 1132 homi<-

195 1155 288 1180 num
319 1144 492 1181 societate
509 1146 708 1194 promeriti
729 1155 813 1184 sunt
829 1177 839 1195 ,
869 1148 937 1198 qui
961 1146 1157 1200 vulgarem
1176 1148 1282 1185 illam
1298 1178 1308 1196 ,

193 1208 283 1246 quae
313 1197 576 1249 superioribus
591 1197 729 1236 seculis
750 1199 895 1252 ubique
916 1201 995 1239 fere
1024 1202 1232 1254 regnabat,
1262 1203 1312 1238 de»

194 1261 371 1300 sagarum
393 1280 404 1299 ‚
443 1263 488 1288 ac
518 1251 786 1290 maleficorum
816 1253 1059 1292 multitudine
1088 1256 1309 1307 opinionem

193 1301 410 1341 convellere
439 1312 677 1355 sategerunt3
720 1307 816 1343 inter
845 1320 940 1359 quos
970 1309 1108 1345 enituit
1134 1307 1236 1345 zelus
1266 1307 1308 1345 P.

193 1355 346 1395 Frider„
375 1357 475 1408 Spee
517 1361 556 1395 iu
585 1357 731 1396 celebri
774 1372 843 1396 suo
877 1373 991 1410 opere
1013 1391 1023 1408 ‚
1066 1361 1131 1398 cui
1173 1359 1309 1399 titulus

196 1407 337 1447 Cautio
365 1411 589 1448 criminalis
605 1440 617 1459 ,
646 1423 716 1449 seu
745 1410 793 1449 de
811 1413 1054 1462 processibus
1075 1423 1216 1452 contra
1233 1413 1309 1453 Sa-=

188 1475 266 1514 gas
297 1461 352 1535 (rb)
371 1489 382 1500 .

245 1516 336 1555 55).
366 1516 440 1555 Sed
457 1547 467 1566 ,
499 1526 539 1556 ut
555 1517 641 1556 fieri
669 1517 901 1573 plerumque
920 1521 1041 1571 solet,
1072 1521 1195 1574 aliqui
1215 1536 1310 1573 pau-

189 1569 244 1607 cis
273 1570 323 1608 ab
353 1569 444 1609 hinc
487 1574 597 1610 annis
634 1573 686 1610 ita
728 1583 861 1612 contra.
902 1574 1127 1623 hujusmodi
1169 1576 1310 1613 abusus

189 1622 435 1663 veliementer
464 1626 604 1664 invecti
633 1635 741 1674 sunt,
790 1637 830 1665 ut
859 1628 900 1665 in
928 1623 1147 1680 oppositum
1188 1638 1309 1666 extre-

190 1690 301 1715 mum
330 1678 624 1724 delaberentur3
671 1679 706 1715 8<
735 1679 912 1718 nonnulli
940 1681 1100 1733 quidem
1139 1684 1309 1734 magiam

188 1743 309 1782 usque
352 1732 401 1768 ad
428 1731 589 1769 Domini
618 1731 746 1770 Nostri
773 1733 863 1773 Jesu
891 1733 1032 1773 Christi
1080 1735 1308 1788 redemptio-

189 1796 280 1821 nem
310 1783 475 1835 viguisse
504 1785 664 1824 confessi
694 1795 798 1833 sunt;
829 1797 909 1840 post
928 1798 1056 1827 autem
1085 1791 1309 1842 pretiosissi-

192 1838 248 1874 mi
277 1836 361 1888 ejus
389 1839 585 1890 sanguinis
613 1838 785 1879 efficacia
814 1841 998 1880 abolitam
1029 1844 1143 1881 fuisse
1166 1874 1176 1893 ,
1220 1857 1309 1882 con-

196 1891 352 1930 tendunt
383 1893 441 1944 (c)
464 1919 475 1930 .
525 1891 605 1932 Alii
635 1894 803 1949 magiam
833 1896 996 1935 extitisse
1024 1896 1118 1936 olim
1137 1928 1148 1947 ,s
1179 1896 1212 1935 8<
1241 1899 1308 1936 ad-

236 2050 284 2085 (α)
313 2047 366 2080 De
390 2046 446 2080 his
471 2046 759 2093 dispositionibus
786 2051 821 2083 in
842 2052 1096 2097 Energumenis
1112 2077 1123 2095 ,
1149 2063 1254 2101 atque
1270 2056 1308 2089 in

189 2092 388 2127 Exorcistis
425 2095 606 2138 requisitis
630 2094 743 2129 videri
779 2096 882 2132 debet
910 2101 1050 2134 Rituale
1077 2103 1279 2137 Romanuin
1297 2125 1306 2134 -

186 2140 239 2173 De
265 2140 502 2185 antiquitate,
527 2154 619 2183 usu,
643 2155 683 2175 ac
709 2143 841 2179 virtute
861 2146 1152 2182 Exorcismorum
1177 2149 1221 2183 ad
1246 2163 1309 2184 ex-

185 2186 366 2231 pellendos
379 2189 562 2222 Daemones
587 2178 748 2231 eriidite,
774 2194 806 2224 δε
831 2193 966 2237 copiose
994 2197 1066 2239 agit
1092 2197 1306 2231 celsissimus

190 2232 340 2266 Roman.
368 2235 529 2278 Imperat.
557 2235 748 2280 Princeps,
775 2241 806 2270 &
824 2240 1057 2283 Monasterii,
1085 2255 1125 2276 ac
1152 2246 1308 2288 Congre-¹

191 2287 262 2322 gat.
289 2281 408 2312 Sancti
435 2280 541 2312 Blasii
569 2281 604 2313 in
630 2283 738 2326 Sylva
766 2285 866 2328 nigra
886 2286 1004 2321 Abbas
1024 2290 1201 2323 Martinus
1218 2293 1310 2323 Ger-

187 2324 267 2358 bert
295 2326 329 2357 in
358 2326 392 2358 Ρ.
420 2327 463 2358 ΙΙ.
482 2326 598 2359 Veter.
624 2328 783 2373 Litizrgia
799 2332 1004 2367 Alemanicae
1025 2336 1210 2380 Disqiiisit.
1227 2339 1304 2371 Vll.

190 2383 267 2415 cap.
295 2382 326 2403 2.
354 2373 588 2416 Energurneni
615 2384 697 2409 sunt
724 2377 933 2421 irregulares
955 2391 965 2420 ς
992 2391 1102 2416 cessat
1123 2392 1239 2416 autem
1259 2386 1307 2415 ir-

189 2419 423 2462 regularitas,
450 2421 572 2454 statim
599 2434 638 2454 ac
657 2423 786 2455 fuerint
815 2437 833 2456 a
849 2426 1029 2461 Daeiiionio
1046 2428 1212 2462 liberati.
1240 2429 1306 2463 Sed

190 2474 230 2498 ut
256 2474 350 2498 certa
376 2466 450 2499 haec
478 2467 643 2500 liberatio
668 2470 738 2510 sit,
765 2468 866 2504 debet
894 2480 1031 2518 tempus
1057 2477 1228 2510 sufficiens
1247 2489 1308 2510 (εκ-ι

191 2523 332 2545 currere
353 2535 361 2543 .
388 2515 427 2545 ln
453 2514 539 2546 Can⁴
568 2515 800 2549 communiter
826 2516 907 2550 dist.
935 2522 992 2553 53.
1019 2522 1068 2554 ita
1093 2520 1134 2555 de
1160 2535 1308 2568 energu-

192 2560 311 2592 menis
336 2560 530 2592 statuitur:
560 2564 689 2595 tamdia
707 2572 804 2596 erunt
829 2566 870 2597 ab
883 2568 987 2607 officii
1015 2572 1067 2601 sui
1092 2571 1239 2610 ordine,
1267 2574 1307 2603 ΕΤ

190 2607 266 2638 loco
292 2610 476 2648 suspensi,
515 2619 680 2650 quousque
706 2614 804 2642 unitis
830 2616 911 2644 anni
949 2618 1062 2656 spatio
1086 2628 1148 2658 per
1172 2618 1309 2649 discre—

192 2656 318 2684 tionem
343 2652 514 2696 Episcopi
541 2657 757 2688 inveniantur
781 2658 822 2689 ab
848 2661 986 2692 incursu
1005 2660 1196 2695 Daemoniim
1221 2666 1311 2697 libe-

193 2702 259 2730 rati
276 2721 284 2728 .
313 2698 377 2731 Sed
402 2698 444 2731 de
470 2702 740 2745 energumenis,
767 2712 870 2748 atque
898 2705 1095 2742 Exorcistis
1119 2710 1222 2755 plura
1248 2710 1311 2745 da-

193 2744 282 2777 bunt
309 2746 509 2779 Canonistae
530 2769 543 2778 ι

239 2791 286 2828 (b)
319 2791 384 2823 Hic
410 2793 498 2825 liber
522 2794 640 2828 oculos
659 2795 852 2829 multorum
870 2797 1036 2833 Judicui'n
1063 2803 1198 2844 aperuit
1214 2824 1224 2842 ,
1249 2804 1311 2847 qui

193 2836 267 2869 zelo
303 2846 425 2888 contra
455 2841 631 2874 maleficos
668 2841 762 2886 juste
797 2843 959 2876 saeviendi
999 2847 1184 2892 plerosque
1210 2850 1311 2882 inno-

194 2889 312 2916 centes
340 2884 483 2917 infamia
524 2888 718 2929 notabant,
758 2892 925 2923 atrociter
951 2894 1233 2935 excruciabant,
1269 2908 1309 2928 ac

196 2928 338 2961 demum
365 2939 522 2982 ext-remo
547 2934 740 2968 afficiebant
766 2938 938 2982 supplicio
957 2960 968 2979 ‚
1004 2939 1097 2984 quod
1130 2943 1308 2986 praecipue

195 2976 232 3009 i‘n
261 2976 450 3009 Germania
465 2998 476 3016 ‚
501 2981 675 3022 superiore
701 2985 828 3017 saeculo
852 2985 986 3019 factum
1010 2998 1083 3021 esse
1098 3009 1108 3027 ‚
1126 2986 1246 3021 eodem
1273 2989 1309 3021 in

196 3033 299 3067 opere
324 3021 606 3056 demonstratur.
650 3027 727 3061 Non
753 3032 870 3065 omnia
909 3041 1025 3068 tamen
1062 3035 1203 3079 probari
1229 3047 1310 3080 pos—

196 3078 409 3120 sunthuae
437 3070 472 3102 in
498 3082 537 3103 eo
563 3072 654 3105 libro
679 3077 902 3112 continentur
921 3093 930 3111 t
957 3089 996 3114 ut
1023 3093 1104 3115 cum
1121 3094 1140 3115 a
1165 3089 1309 3127 peccato

195 3115 318 3149 lethali
346 3116 398 3148 illi
425 3117 652 3159 eximuntur,
678 3122 737 3164 qui
762 3123 806 3156 ob
833 3134 980 3162 tortiirae-
1002 3129 1207 3162 violentiam
1233 3141 1309 3162 ma-

198 3163 262 3207 giae
279 3174 356 3194 reos
372 3175 406 3195 se
421 3175 493 3196 esse
508 3164 595 3197 falso
609 3168 862 3203 confitebantur
877 3195 887 3211 ,
914 3184 973 3208 aut
999 3176 1083 3210 alios
1109 3177 1310 3209 innocentes

197 3208 356 3253 ejusdem
371 3210 528 3243 criminis
549 3214 759 3247 accusabant
775 3227 786 3255 3
813 3220 843 3250 δι
857 3220 946 3263 ‹pioil
963 3222 1219 3258 intolerabilius
1233 3232 1283 3256 est
1299 3245 1310 3264 ,

197 3256 235 3288 in
262 3256 336 3300 ipsa
372 3260 618 3291 sacramentali
645 3262 862 3297 confessione
899 3276 991 3301 metu
1031 3282 1127 3303 novae
1165 3278 1312 3304 torturae

198 3302 341 3335 mentiri
368 3304 556 3348 pergebant
576 3329 585 3337 .
627 3306 715 3340 Vide
741 3308 890 3344 dubium
915 3315 999 3348 XX.
1026 3319 1057 3349 ὃς
1083 3318 1200 3359 alibi,
1235 3325 1313 3350 tum

179 3349 423 3399 'potissimum
449 3349 606 3385 additam
632 3354 869 3398 Appendicein
884 3381 892 3390 .

253 3400 301 3437 (c)
331 3396 385 3431 Ita
410 3396 561 3433 illustris
594 3401 707 3436 nostri
731 3405 798 3437 aevi
833 3406 984 3451 scriptor
1009 3410 1171 3446 Marchio
1196 3411 1312 3456 Scipio

901 149 1307 197 DISSERTATIO
1341 136 1374 196 1'.
1408 151 1539 194 clar.
1569 152 1700 195 xxi.

1383 231 1458 270 huc
1489 233 1644 269 existere
1673 231 1904 282 docueruut,
1933 241 2114 288 negantes
2143 234 2267 274 solum
2287 265 2299 284 ‚
2323 248 2418 289 quae
2446 235 2500 276 de*

1381 287 1573 324 nocturnis
1609 285 1835 323 Lamiarum
1882 302 1973 327 cum
2004 289 2190 327 Daeinone
2231 291 2497 342 congressibus

1380 338 1496 391 vulgo
1524 338 1850 377 circumferuntur
1879 341 1963 392 (1).
1999 342 2244 381 Aliidemum
2260 353 2382 395 spreta
2399 358 2492 382 cun-

1381 402 1529 431 ctarum
1558 394 1730 444 gentium
1761 394 1994 444 uniuersali,
2036 397 2295 448 constantique
2324 399 2496 436 traditio-

1383 462 1428 486 ne
1445 478 1455 496 ,
1484 460 1636 485 omnem
1668 459 1822 497 prorsus.
1846 450 2018 500 magiam⁸
2044 450 2092 487 ad
2121 450 2242 487 aniles
2272 450 2423 490 fabulas
2451 467 2495 490 a·

1381 501 1638 540 mandandam
1669 515 1744 538 esse
1773 501 1951 539 audacter
1982 505 2313 554 pronunciarunt.

1437 555 1530 594 556.
1559 554 1632 591 Sed
1663 556 1842 607 quoniam
1872 555 2082 607 multiplici
2111 569 2226 594 sensu.
2267 563 2383 607 potest
2413 571 2501 595 ma·-

1381 610 1443 660 gia
1474 610 1648 658 usurpari
1670 637 1681 655 ‚
1713 610 1894 661 variaque
1931 609 2049 648 solent
2078 608 2162 661 ejus
2190 623 2330 662 genera
2359 611 2496 650 distin-

1380 664 1473 714 gui,
1504 677 1592 715 quae
1616 663 1725 700 inodo
1753 664 1927 717 persequi
1958 675 2030 701 non
2061 673 2201 712 vacat,
2232 677 2296 701 nos
2326 665 2497 716 magiam

1382 716 1446 755 liic
1477 717 1682 754 definimus
1729 725 1893 767 pactum
1937 716 2096 768 aliquod
2132 718 2189 756 vel
2229 729 2492 767 expressum,

1381 771 1440 809 vel
1469 772 1701 821 implicitum
1730 783 1822 808 cum
1852 770 2055 809 Daemone
2082 775 2231 818 ictum,
2262 770 2316 808 ad
2345 771 2496 823 aliquid

1381 828 1500 876 ipsius
1529 838 1600 875 ope
1629 824 1948 875 consequentium
1970 852 1981 864 .
2010 825 2138 873 Quam
2168 825 2430 864 definitionem
2460 827 2494 865 i-

1381 887 1417 916 ta
1449 879 1614 917 breviter
1645 880 1794 932 explico
1811 906 1829 918 „s

1437 933 1528 985 557.
1560 931 1687 970 Primo
1709 963 1719 981 ,
1768 947 1843 972 non
1873 947 1915 971 eo
1951 948 2059 972 sensu
2101 933 2166 973 hie
2203 933 2393 986 accipitur
2419 946 2494 985 pa-

1380 995 1515 1034 ctum,
1565 988 1673 1038 quasi
1701 1000 1830 1026 omues
1860 987 1940 1025 illae
1983 988 2217 1026 conditiones
2256 988 2496 1038 habeantur,

1380 1053 1469 1092 quae
1501 1041 1541 1077 in
1572 1041 1649 1078 veri
1689 1043 1856 1079 nominis
1886 1042 2096 1080 foederibus
2138 1043 2238 1093 exigi
2285 1041 2430 1089 solent,
2460 1041 2498 1079 ὃς

1380 1107 1468 1145 quae
1499 1094 1654 1144 proinde
1683 1104 1858 1132 mutuam
1888 1098 1983 1133 inter
2014 1098 2242 1147 paciscentes
2272 1097 2425 1148 pariunt
2454 1108 2497 1132 o-

1380 1146 1654 1197 bligationem.
1702 1148 1800 1195 Quis
1821 1150 1934 1186 enim
1979 1149 2201 1187 mortalium
2245 1152 2326 1188 vim
2357 1149 2498 1188 habeat

1378 1200 1536 1252 cogendi
1565 1199 1826 1240 Daemonem?
1872 1203 1946 1240 Aut
1976 1205 2061 1255 quis
2091 1204 2165 1242 sibi
2196 1212 2297 1242 certo
2339 1217 2503 1255 persua-‘-

1377 1254 1485 1302 deat‚
1532 1251 1646 1290 illum
1675 1254 1855 1304 spiritum
1884 1257 2223 1295 mendacissimum
2271 1256 2371 1295 velle
2400 1268 2503 1295 stare

1379 1308 1573 1358 promissis
1590 1337 1610 1355 >—
1631 1307 1781 1344 etiamsi
1811 1322 1833 1344 a
1850 1306 1931 1345 Deo
1960 1309 2124 1345 minime
2153 1309 2421 1361 impediatur?
2450 1311 2501 1350 Et

1377 1361 1548 1399 vicissim
1578 1362 1756 1413 quisnam.
1786 1360 1952 1400 Daemon
1988 1370 2101 1399 tanta:
2145 1363 2298 1400 virtutis
2325 1373 2377 1401 est
2397 1395 2409 1412 2
2456 1372 2503 1403 ut

1380 1413 1578 1452 hominem
1611 1415 1930 1466 resipiscentem,
1959 1414 1993 1450 δι
2022 1415 2187 1452 invitum
2217 1417 2293 1453 suis
2336 1417 2507 1456 vinculis.

1381 1469 1606 1506 adstrictum
1636 1469 1799 1505 retinere
1828 1466 1972 1521 possit?
2011 1467 2166 1506 Pactum
2197 1471 2312 1520 igitur
2341 1469 2404 1507 hic
2436 1484 2503 1508 su-

1381 1524 1499 1559 mitur
1529 1520 1662 1558 latiore
1694 1535 1805 1560 sensu
1822 1550 1832 1568 ,
1862 1530 1974 1573 prout
1990 1519 2138 1572 aliquid
2159 1534 2204 1559 ex
2226 1531 2389 1575 utraque
2409 1536 2498 1574 par-

1378 1583 1412 1612 te
1441 1582 1506 1611 aut
1527 1573 1745 1612 exhibitum
1763 1604 1774 1621 ‚
1804 1584 1868 1612 aut
1889 1576 2119 1627 promissum
2133 1605 2144 1623 ‚
2175 1584 2237 1613 aut
2258 1576 2394 1614 saltem
2415 1590 2500 1628 spe-

1377 1638 1507 1667 ratum
1535 1637 1614 1666 est.
1645 1628 1748 1666 Hinc
1769 1630 1885 1666 etiam
1901 1627 2064 1665 Sanctus
2085 1629 2317 1678 Augustinus
2338 1659 2349 1677 ‚
2381 1642 2501 1680 quem

1377 1695 1468 1720 mox
1497 1681 1766 1729 laudabimus,
1800 1683 1887 1719 istas
1915 1681 2201 1732 superstitiones
2230 1686 2344 1733 quasi
2373 1691 2498 1732 pacta

1377 1750 1473 1774 cum
1497 1736 1756 1774 Daemoiiibus
1785 1743 1920 1783 vocat,
1959 1735 2046 1772 satis
2076 1735 2268 1785 innuens,
2312 1751 2374 1775 eas
2405 1751 2496 1776 vera

1377 1799 1490 1843 pacta
1520 1802 1591 1827 non
1623 1803 1723 1826 esse.
2414 1832 2419 1836 “

1433 1842 1526 1882 558.
1556 1842 1760 1890 Secundo,
1789 1840 1862 1880 boc
1882 1851 2036 1895 pactum
2068 1844 2204 1881 initum
2233 1856 2323 1882 cum
2339 1843 2497 1883 Daeino-

1376 1910 1424 1937 ne
1454 1895 1514 1937 vel
1545 1908 1780 1948 expressum
1810 1911 1888 1936 esse
1917 1906 2067 1952 potest,
2097 1896 2158 1937 vel
2188 1905 2338 1935 tantuin
2369 1898 2500 1949 impli-

2392 1964 2448 1990 cz-

1376 2053 1542 2099 Maffejus
1566 2052 1682 2097 primo
1708 2052 1744 2085 in
1770 2052 1973 2097 Opuscolo,
1995 2051 2051 2085 cui
2078 2051 2224 2085 titulum
2242 2050 2435 2095 gloriosum
2449 2053 2510 2087 fe--

1378 2101 1425 2134 cit
1443 2115 1450 2132 :
1477 2100 1566 2134 Arte
1591 2102 1724 2143 magica
1738 2101 1940 2144 dileguata,
1967 2107 2043 2131 tum
2062 2099 2099 2131 in
2116 2099 2185 2131 alio
2204 2100 2395 2144 inscripto:
2425 2100 2498 2133 Ar-

1377 2158 1410 2182 te
1436 2151 1571 2192 riiagiccz
1596 2147 1813 2181 annichilata
1840 2146 1985 2179 Veronae
2010 2143 2141 2189 1754,
2166 2146 2223 2178 cui
2251 2147 2496 2180 succenturia-

1376 2204 1432 2230 tor
1459 2194 1605 2228 accessit
1633 2195 1715 2227 Ant.
1744 2193 1879 2226 Florius
1908 2193 1942 2225 in
1968 2193 2136 2237 opusculo
2163 2192 2251 2224 Arte
2277 2197 2412 2236 magica
2437 2195 2496 2227 di·-

1378 2251 1504 2275 striitta
1519 2239 1681 2274 Tritlenti
1698 2241 1801 2285 1750.
1830 2240 1914 2273 Haec
1939 2238 2057 2271 Μαί-Ῥεῖ,
2084 2240 2257 2271 sententia
2284 2251 2350 2272 non
2378 2240 2494 2273 solum

1376 2289 1418 2322 iis
1444 2287 1649 2333 displicuit,
1674 2290 1735 2332 (pii
1762 2287 1871 2319 veteri
1886 2285 2145 2329 universalique
2165 2284 2348 2318 traditioni
2376 2285 2495 2320 adhae-

1376 2336 1526 2375 rebant,
1552 2335 1586 2366 in
1613 2335 1734 2378 primis
1761 2343 1880 2367 autem
1905 2331 2108 2365 doctissimo
2136 2333 2169 2364 P.
2199 2332 2344 2365 'Phoinae
2370 2333 2500 2367 Μαι-ἰῶ

1376 2382 1577 2416 Mamacliio
1605 2381 1716 2414 Tomo
1743 2381 2016 2424 Ill-Originum„
2044 2381 2085 2412 ΕΤ
2105 2379 2494 2422 Αηῒίιμιίί.01ινιέ[ἱαη.

1375 2440 1454 2473 pag.
1486 2430 1561 2461 128.
1579 2449 1589 2467 ,
1616 2431 1648 2460 δε
1665 2441 1736 2473 seq.
1751 2450 1762 2469 ,
1789 2425 1847 2461 sed
1874 2427 1983 2460 etiam
2008 2427 2049 2458 iis
2065 2447 2075 2465 ,
2101 2427 2161 2470 qui
2177 2437 2318 2459 omnem
2337 2426 2495 2470 magiam

1374 2487 1518 2520 prorsus
1542 2475 1760 2508 eliminatam
1787 2473 1974 2507 volebant.
2012 2472 2047 2504 Si
2076 2473 2170 2506 enim
2196 2473 2289 2504 Deus
2325 2471 2392 2524 lioc
2421 2480 2498 2524 tur·-

1377 2522 1564 2566 pissimum
1600 2521 1784 2554 hominum
1822 2531 1903 2553 euin
1940 2519 2105 2551 Daemone
2143 2529 2397 2551 commercium
2430 2518 2497 2551 alt-

1379 2566 1518 2612 quando
1542 2569 1703 2611 permisit
1718 2589 1730 2608 ,
1758 2580 1824 2601 non
1850 2575 1928 2606 est,
1954 2577 2034 2598 cum
2052 2563 2141 2597 illud
2166 2564 2269 2598 modo
2289 2566 2395 2615 etiam
2413 2576 2497 2609 per-

1378 2615 1519 2647 mittere
1547 2623 1717 2658 nequeam
1745 2618 1777 2647 δε
1801 2626 1869 2657 qua
1896 2612 2030 2644 ratione
2058 2611 2204 2642 Daemon
2228 2622 2248 2642 a
2273 2610 2417 2641 Christo
2442 2611 2498 2662 vi-

1380 2669 1457 2694 ctus
1478 2682 1489 2700 ,
1515 2663 1547 2693 ὃς
1572 2661 1699 2704 ligatus
1726 2659 1866 2693 dicatur
1885 2679 1896 2697 ‚
1919 2656 1994 2700 jam
2020 2666 2125 2701 supra
2150 2666 2246 2688 num.
2273 2666 2353 2699 29¹·
2380 2657 2495 2701 expli-

1380 2716 1498 2742 catum
1524 2714 1576 2739 est
1592 2728 1601 2736 .‚

1425 2754 1478 2789 (d)
1511 2753 1608 2784 Hanc
1634 2751 1845 2784 sententiam
1869 2748 1981 2782 multa
2009 2746 2202 2781 eruditione
2233 2747 2419 2782 defendere
2442 2760 2502 2783 co-⁴

1380 2807 1485 2831 natus
1510 2806 1562 2830 est
1588 2798 1631 2830 cl.
1659 2798 1866 2841 Hieronyin.
1888 2796 2097 2828 Tartarotus
2126 2796 2367 2829 Roboretanus
2393 2794 2503 2829 editis<

1381 2845 1495 2877 tribus
1522 2844 1638 2877 Libris
1665 2846 1723 2878 del
1750 2856 1935 2888 congresso
1962 2850 2119 2875 notturno
2150 2844 2245 2877 delle
2274 2843 2389 2876 Lamie
2427 2843 2497 2875 Ro-

1379 2891 1492 2924 boreti
1523 2890 1652 2935 1749.,
1693 2903 1762 2923 una
1790 2902 1870 2923 cuin
1895 2890 2117 2934 responsione
2157 2888 2298 2923 cuidam
2323 2890 2497 2934 Epistolae

1343 2962 1351 2963 ff
1379 2939 1478 2971 Com.
1504 2939 1557 2971 Jo.
1587 2936 1728 2971 Rinaldi
1754 2938 1875 2977 Carli‚
1903 2937 2068 2969 Nauticaer
2088 2937 2124 2968 in
2153 2935 2322 2970 Patavina
2340 2937 2494 2968 Univer-

1378 2985 1481 3017 sitate
1509 2985 1742 3025 Professoris,
1788 2986 1846 3030 qui
1876 2984 1941 3028 ipsi
1978 2981 2380 3034 persuadere-volebat,
2424 2993 2496 3016 non

1376 3042 1475 3076 posse
1500 3040 1688 3065 nocturnos
1707 3043 1872 3077 sagarum
1897 3041 2102 3074 congressus
2123 3038 2160 3063 ut
2185 3029 2411 3081 imaginarios
2430 3040 2492 3062 ex-

1375 3077 1496 3124 plodi,
1529 3079 1614 3123 quin
1641 3091 1758 3112 ornnes
1785 3079 1929 3123 magicae
1957 3085 2048 3110 artes
2076 3084 2115 3108 ut
2142 3084 2392 3109 commentitiae
2419 3087 2490 3108 una

1376 3126 1482 3159 simul
1507 3124 1762 3170 explodantur.
1789 3127 1866 3159 Suae
1892 3133 2008 3157 tamen
2035 3123 2213 3156 sententiae
2236 3123 2406 3156 tenaciter
2433 3119 2497 3174 atl-

1377 3172 1479 3207 haasit
1518 3173 1752 3214 Tartar-otus,
1789 3171 2017 3214 eamdemque
2056 3178 2176 3203 contra
2215 3169 2394 3214 Nlaffejum
2423 3176 2494 3201 tui-

1380 3229 1436 3254 tus
1464 3221 1593 3254 iterum
1617 3229 1668 3253 est
1695 3221 1731 3253 in
1746 3219 1913 3265 Apologia
1940 3217 2010 3250 Del
2029 3229 2216 3261 congresso
2233 3225 2397 3250 nottizrno
2414 3215 2494 3247 del-

1378 3270 1412 3302 le
1439 3268 1555 3301 Lamse
1582 3267 1739 3300 Venetiis
1783 3268 1886 3311 1757.
1917 3265 1952 3298 in
1979 3264 2037 3306 4.,
2077 3262 2288 3317 contendens
2309 3284 2319 3303 ‚
2355 3274 2396 3313 eit
2423 3272 2494 3305 quo

1381 3316 1584 3348 Lamiarum
1611 3325 1816 3358 congressus
1841 3320 1988 3357 negatur
2005 3333 2016 3351 ,
2051 3323 2196 3344 tnlnim‘f
2223 3319 2385 3361 consequi
2406 3329 2416 3348 ,
2454 3319 2494 3340 o-

1378 3373 1496 3397 mnem
1521 3373 1658 3407 quoque
1685 3362 1839 3406 magiam
1863 3371 1936 3394 esse
1963 3357 2184 3404 negandam,
2216 3365 2256 3390 ut
2280 3366 2390 3400 ipsius
2417 3352 2498 3389 Ad«

1379 3409 1526 3446 versarii
1551 3408 1716 3445 volebant
1734 3431 1743 3442 .
2038 3412 2041 3415 “
