2583 3685
287 133 310 160 ’ῐ
324 121 378 162 οδ
540 173 542 175 ¹

229 226 256 245 ,‚
286 205 368 234 sunt
397 206 514 245 usqne
549 192 595 230 ad
641 191 1009 232 consummationem
1050 197 1328 247 coauspicantes

228 279 255 297 „
285 246 535 298 corruptelam
557 248 605 282 “.

282 301 372 349 519.
400 299 535 334 Contra
562 296 634 334 hoc
676 305 751 335 tam
795 297 1030 337 luculentum
1073 302 1326 338 testimonium

223 350 402 389 nonnulla
430 349 564 400 objicit
588 349 792 389 Pererins:
828 365 959 403 rpruno
993 354 1094 404 quod
1135 355 1265 392 scribit
1297 355 1327 391 l-

221 416 371 441 renaeus
398 403 444 441 de
472 402 712 442 translatione
742 404 894 453 Henocli
913 435 924 452 ,
953 405 986 441 &
1012 405 1114 443 ‘Eliae
1142 408 1184 444 in
1212 407 1328 445 Para-

218 455 346 494 disum
375 465 612 504 terrestrem,
655 472 732 494 esse
763 458 976 496 admodum
1015 460 1202 496 incertum
1235 461 1327 511 (α);

217 511 380 547 secundo
409 510 553 546 ibidem
583 524 744 548 asserere
774 512 813 548 S.
836 511 1027 548 Irenaeuin
1045 541 1055 559 ,
1085 511 1270 562 justorum
1283 528 1327 550 ..¹1-

218 563 339 600 nimas
369 564 409 600 in
440 562 614 600 Paradiso
642 565 871 601 commorari
910 578 1029 615 usqne
1049 565 1103 601 ad
1133 566 1234 602 diem
1258 566 1327 616 ju-

220 616 312 653 dicii
330 645 341 663 ,
374 625 487 668 atque
516 616 562 653 ad
592 630 679 654 eun]
702 618 824 654 -suisse
853 615 1050 655 traslatuni
1078 617 1118 655 S.
1141 617 1325 664 Paulum;

206 681 379 719 >quorum
401 669 579 721 ‘primum
610 670 852 708 manifestum
879 671 1051 708 -continet
1080 683 1243 708 errorem
1274 671 1324 709 ab

210 721 387 760 Ecclesia
432 722 652 760 damnatum
684 725 699 773 (
731 723 822 762 Vid.
869 733 1040 761 nostrum
1071 723 1118 761 T.
1141 724 1188 761 ll.
1218 723 1321 762 Diss.

212 774 282 812 lll-
312 789 397 828 cap.
434 788 493 813 12.
512 775 538 824 )
568 775 730 813 alterum
760 790 849 813 vero
890 777 1128 814 manifestam
1179 776 1320 815 falsita-

211 835 312 866 tem:
349 838 494 866 certum
525 837 577 866 est
605 830 730 877 enim,
760 830 801 868 S.
824 828 994 867 >Paulum
1024 831 1138 867 fuisse
1163 840 1318 883 raptum

209 894 284 918 non
314 882 359 919 ad
390 881 612 919 Paradisum
660 891 879 931 terrenum,
921 883 983 921 sed
1013 883 1060 921 ad
1091 883 1318 922 ‘coelestemt

196 936 318 972 'tertio
346 934 456 973 nihili
493 936 716 973 'faciendam
748 949 836 973 -esse
879 937 1117 980 traditionem
1162 936 1318 973 illorum

203 985 548 1040 Presbyter-orum,
596 990 663 1041 qni
693 989 873 1027 dicuntur
914 989 1089 1039 discipuli
1118 990 1319 1039 Apostolo-

206 1053 329 1083 rum,·
358 1041 535 1093 aquibus
563 1041 684 1080 multa
714 1041 808 1079 salsa
837 1042 967 1080 didicit
996 1042 1036 1080 S.
1055 1043 1243 1088 lrenaeus,
1271 1049 1315 1078 ut

204 1093 335 1131 Jesum
363 1093 558 1133 Christum
595 1096 873 1147 quinquaginta
910 1097 1036 1133 aunis>
1059 1097 1196 1133 vixisse
1224 1094 1314 1132 Lib.

192 1146 251 1184 VII.
281 1161 315 1185 c.
347 1148 412 1199 59.
442 1148 476 1184 8(
505 1162 593 1201 quae
624 1149 725 1186 idem
756 1149 917 1186 Sanctus
961 1148 1138 1200 deceptus
1181 1148 1226 1184 de
1256 1161 1313 1184 re-

195 1212 278 1250 ·gno
307 1200 527 1239 millenario
555 1202 682 1239 docuit
711 1201 757 1239 ad
787 1201 904 1240 finem
933 1201 1043 1239 Libri
1074 1200 1124 1237 V.

259 1252 350 1291 520.
381 1254 428 1291 Ἀἰ
458 1267 546 1291 vero
576 1254 660 1292 haee
690 1268 761 1292 non
790 1254 984 1291 sufficiunt
1012 1253 1059 1290 ad
1090 1252 1312 1290 elevandam

187 1312 277 1343 *tam
314 1307 470 1356 insignis
498 1307 682 1345 Ecclesiae
713 1306 831 1343 Patris
877 1307 1134 1342 anctoritatem
1154 1331 1164 1342 .
1206 1305 1310 1344 Nam

200 1359 373 1409 primum
402 1359 447 1395 de
477 1359 718 1397 translatione
747 1357 904 1395 Henoch
922 1388 933 1406 ,
977 1357 1010 1392 &
1029 1357 1138 1394 ‘Elias
1170 1359 1208 1394 in
1240 1357 1309 1396 Pa-

197 1411 366 1447 radisum
396 1419 606 1449 terrestrem
624 1442 634 1460 ,
664 1425 886 1463 quanquam
917 1423 991 1448 non
1020 1412 1065 1448 sit
1094 1411 1231 1461 dogma
1250 1410 1307 1449 'fi-

193 1463 285 1511 dei,
332 1471 477 1501 tautum
508 1473 635 1502 tamen
666 1464 779 1502 habet
801 1474 889 1501 tuin
920 1465 958 1501 in
989 1464 1105 1501 sacris
1130 1464 1276 1501 'litteris
1295 1494 1306 1512 ,

195 1523 278 1552 tum
310 1517 348 1554 in
380 1517 577 1556 traditione
607 1518 920 1565 fundamentum,
938 1525 991 1554 *ut
1020 1517 1112 1554 vitio
1127 1518 1222 1554 verti
1244 1531 1306 1554 ne-

182 1577 305 1622 queat
334 1569 374 1607 S.
404 1571 576 1620 Irenaeo,
620 1573 649 1609 si
676 1571 750 1609 *hoc
780 1580 962 1622 tanquam
1004 1578 1149 1606 certum
1181 1570 1303 1606 credi-

192 1624 274 1670 dit,
300 1623 404 1674 quod
424 1624 547 1662 —multi
577 1624 645 1663 alii
675 1624 829 1670 Patres,
856 1622 1106 1672 &scriptores
1135 1622 1305 1659 credide-

191 1684 306 1712 runt.
339 1676 429 1713 Vid.
461 1677 629 1714 Thomas
648 1676 857 1714 Malvenda
887 1674 934 1711 <le
960 1673 1151 1712 paradiso
1179 1688 1215 1712 e.
1236 1674 1303 1726 87.

233 1727 339 1764 321.
367 1727 497 1765 Verba
525 1737 652 1766 autem
700 1728 770 1766 illa
797 1727 961 1765 secundo
1003 1726 1087 1765 loco
1122 1727 1270 1777 objecta
1291 1758 1302 1775 ,

187 1793 358 1832 quaeque
399 1781 496 1819 intra
536 1780 793 1833 parenthesim
840 1781 1041 1818 testimonii
1073 1780 1126 1818 S.
1162 1781 1301 1819 Irenaei

182 1834 449 1882 continentur,
479 1847 550 1872 non
578 1844 662 1872 suut
692 1835 887 1872 referenda
916 1833 963 1871 ad
980 1832 1206 1871 vParadisum
1228 1843 1300 1871 ter·

186 1894 343 1923 restrein
361 1916 372 1934 ,
409 1901 631 1939 quanquam
668 1887 714 1926 de
743 1901 786 1925 eo
814 1887 961 1925 ibidem
990 1886 1031 1925 S.
1061 1887 1216 1938 Illartyr
1242 1886 1300 1923 'lo-

187 1939 376 1990 quebatur
398 1970 407 1987 ,
437 1940 500 1977 sed
528 1941 654 1992 potius
683 1942 731 1979 ad
760 1940 981 1988 coelestem,
1011 1940 1058 1977 de
1086 1953 1163 1991 quo
1191 1948 1298 1978 antea

185 1990 333 2029 Iocutus
371 1993 518 2041 fuerat,
561 1994 698 2032 docens
738 1994 1017 2032 translationem
1039 1992 1203 2031 ‘Henoch
1223 2023 1232 2041 ,
1263 1994 1297 2030 ἃ

186 2043 286 2082 Eliae
317 2046 364 2083 ad
393 2045 615 2085 Paradisum
644 2057 835 2089 terrenum
865 2056 1002 2099 typum
1033 2061 1109 2084 esse
1137 2045 1296 2084 transla-

183 2098 321 2146 tionis,
370 2098 403 2134 &
432 2102 703 2152 assumptionis
730 2101 917 2152 justorum
947 2100 993 2137 ad
1022 2098 1260 2151 spiritualem
1282 2130 1293 2149 ,

183 2150 219 2186 8<
249 2151 448 2189 meliorem
477 2153 636 2192 alteram
667 2155 784 2192 vitam
802 2180 812 2191 .
832 2153 890 2191 Έῑ
919 2166 1141 2205 quanquam
1163 2151 1293 2191 &Pa-

183 2211 239 2240 ter
268 2205 461 2242 erroribus
490 2205 800 2245 Millenariorum
830 2214 1121 2258 praeoccupatus
1139 2236 1148 2254 ,
1191 2215 1294 2244 tran—

182 2255 382 2295 slationem
411 2271 613 2309 corporum
633 2261 683 2297 rin
713 2259 858 2297 coelum
887 2260 1090 2297 crediderit
1114 2272 1193 2298 >non
1214 2258 1292 2296 illi-

183 2322 229 2348 co
258 2319 337 2362 post
367 2312 674 2350 resurrectionem
704 2314 828 2350 carnis
848 2313 1063 2350 faciendam
1086 2326 1186 2359 esse,
1216 2325 1290 2349 non

178 2370 310 2400 tamen
342 2364 528 2401 intereos
575 2365 820 2403 recensendus
850 2373 927 2413 est,
967 2367 1035 2416 qui
1063 2365 1291 2403 Sanctorum

180 2415 382 2454 animabus
411 2418 593 2456 visionem
622 2418 696 2457 Dei
717 2418 941 2456 ·intuitivain
979 2427 1062 2455 ante
1079 2418 1289 2455 vniversa-

121 2496 125 2498 ψ
179 2467 217 2506 le
244 2469 435 2520 judicium
461 2471 724 2523 denegarunt.
748 2471 845 2509 vid.
866 2471 1141 2509 Fevardentius
1170 2473 1290 2508 inno·

177 2523 226 2559 tis
254 2524 298 2560 ad
331 2522 430 2561 hunc
459 2523 586 2561 locum
616 2524 657 2561 S.
676 2525 823 2561 ‘Irenaei
846 2553 856 2571 ,
875 2525 999 2561 'CarcL
1031 2523 1288 2562 Hellarminus

176 2574 267 2613 Lib.
297 2576 326 2613 l.
356 2575 404 2612 (le
432 2575 671 2613 Scmctorum
700 2576 940 2614 beatitudine
968 2590 1054 2628 cap.
1076 2576 1114 2621 4.
1146 2577 1179 2612 ἃ
1200 2590 1288 2628 quae

173 2640 243 2666 nos
270 2628 438 2666 diximus
467 2628 589 2667 Tomo
618 2629 666 2667 ΙΙ.
697 2630 798 2668 Diss.
816 2629 886 2668 lll.
916 2644 951 2668 c.
974 2643 1034 2667 ¹2.
1063 2629 1289 2682 Eodemque

175 2693 285 2720 sensu
304 2694 389 2720 non
416 2682 464 2720 ad
493 2690 712 2732 terrenum„
730 2683 804 2721 -sed
830 2683 880 2721 ad
903 2682 1103 2723 ·eoelestem
1123 2681 1286 2722 ‚Paradi-

227 2855 274 2889 (α)
301 2854 698 2890 Ecclesiastici⁰XLlV.
726 2855 781 2890 16.
808 2856 842 2889 in
868 2853 995 2888 nostris
1023 2853 1145 2888 Bibliis
1172 2854 1284 2887 itale-

183 2897 278 2941 gitur
294 2912 302 2928 τ
339 2901 480 2934 Henoch
505 2905 637 2945 placuit
660 2902 764 2943 Deo,
799 2907 840 2935 <9⁸
866 2903 1054 2935 translatus
1080 2909 1133 2932 est
1157 2905 1191 2933 in
1218 2899 1283 2934 Ρα-

179 2944 351 2985 radismn,
387 2956 421 2979 ut
445 2951 505 2982 det
530 2951 687 2994 gentibus
723 2951 959 2992 poenitentiam
978 2969 987 2978 .
1025 2946 1088 2979 Sed
1116 2948 1149 2979 in
1185 2955 1283 2980 textu

180 2990 305 3021 Graeco
323 3012 333 3030 ‚
368 2994 425 3033 qui
454 3004 504 3027 est
529 2996 784 3040 primigenius,
821 2994 916 3027 deest
943 2994 1003 3026 illa
1043 3004 1110 3026 vox
1136 2992 1283 3027 Paradi-

181 3047 278 3074 sum,
315 3035 403 3068 unde
431 3040 537 3082 aliqui
564 3042 659 3074 salva
688 3041 752 3075 fide
787 3041 947 3075 dubitare
983 3048 1197 3084 potuerunt,
1239 3052 1283 3072 an

178 3080 322 3114 Henoch
350 3083 384 3114 in
410 3083 570 3118 paradiso
595 3087 770 3128 Edenico,
804 3089 863 3132 qui
891 3085 1002 3119 adhuc
1028 3086 1201 3130 supersit,
1240 3098 1284 3118 an

177 3137 262 3160 vero
287 3127 322 3160 in
343 3128 461 3171 aliquo
487 3130 553 3162 alio
579 3135 816 3167 amoenissimo
834 3135 909 3167 loco
933 3133 1041 3166 vitam
1056 3132 1207 3166 *beatam
1222 3130 1287 3164 du-

178 3181 236 3206 cat
257 3194 268 3212 ‚
299 3185 480 3218 quousque
504 3175 588 3207 illud
615 3187 749 3223 ternpus
782 3179 970 3220 adveniat,
992 3190 1076 3223 -quo
1115 3179 1286 3222 pmniten-

180 3219 266 3251 tiam
295 3219 456 3263 gentibus
482 3220 644 3264 pra-<dicet
663 3247 672 3255 .
702 3226 790 3258 Hinc
816 3225 921 3258 etiam
949 3227 982 3258 S.
1010 3225 1190 3265 Thomas,
1216 3225 1285 3258 He-

177 3264 266 3297 noeh
282 3286 293 3305 ,
310 3268 351 3297 ἀ
364 3266 481 3299 Eliam
507 3267 542 3298 in
560 3267 759 3302 Paradisum
780 3279 978 3303 terrestrem
994 3271 1179 3303 translatos
1198 3271 1285 3303 fuis-

178 3321 214 3344 se
239 3312 390 3346 asseruit
409 3333 422 3353 ,
447 3310 507 3346 sed
531 3323 602 3348 non
618 3315 766 3350 :omnino
790 3324 902 3351 certe.
928 3317 1019 3352 Nam
1044 3319 1072 3351 1.
1091 3316 1128 3352 P.
1153 3328 1188 3363 q.
1208 3325 1282 3350 102.

944 112 1349 159 DISSERTATIO
1383 114 1440 157 11.
1493 113 1622 175 CAPN.
1641 115 1767 159 VIII.

1387 208 1477 233 suni
1508 194 1623 230 fuisse
1651 203 1802 245 raptum
1832 193 1872 231 S.
1903 193 2064 233 Paulum
2083 226 2092 244 ,
2123 195 2292 234 lrenaeus
2312 198 2494 239 ‘censuit-0

1449 247 1539 285 522.
1569 246 1800 298 Quanquam
1830 260 1919 284 vero
1941 262 2020 286 non
2051 263 2093 286 ea
2133 251 2260 287 omnia
2301 252 2496 302 probanda

1395 310 1504 348 sunt,
1533 314 1621 351 quoe
1645 299 1691 337 S.
1722 300 1888 338 Irenaeus
1917 315 1939 338 a
1963 300 2199 354 -Presbyteris
2228 303 2495 354 Apostolorum

1395 354 1590 405 discipulis
1618 367 1655 390 se
1683 354 1871 403 accepisse
1899 353 2022 402 dicit,
2064 369 2143 393 snon
2173 365 2299 394 tamen
2343 368 2426 395 sunt
2454 371 2496 395 0-

1395 409 1499 445 ninia
1528 408 1603 443 siue
1631 406 1852 443 discrimine
1873 405 2080 456 rejicienda
2096 438 2106 456 ,
2131 408 2280 446 scilicet
2295 423 2337 448 ea
2359 411 2471 448 etiam
2485 414 2501 459 ‚'

1382 474 1482 512 ηυδε
1512 460 1674 497 aliorum
1691 458 1840 495 Patrum
1858 459 2075 497 ’testimonio
2102 461 2404 512 confirmantur,
2435 476 2497 501 eo-

1395 527 1557 565 rumque
1587 513 1767 550 doctriuae
1815 512 2048 559 concinunt,
2096 522 2135 549 ut
2159 513 2233 550 ³lioc
2262 526 2402 566 caput,
2448 517 2496 554 de

1394 580 1470 619 quo
1498 569 1668 617 agimus,
1698 564 1841 602 scilicet
1864 564 2026 601 Hortum
2054 564 2267 603 Edenicum
2296 568 2417 607 adhuc
2432 583 2495 607 su-

1386 634 1573 672 peresse,
1621 619 1793 670 quamvis
1836 617 1917 668 ejus
1959 615 2061 653 locus
2103 618 2388 659 occultissimus
2424 624 2495 668 sits

1393 687 1481 724 qnae
1512 673 1728 710 communis
1752 684 1853 723 pene
1883 670 1955 706 fuit
1984 669 2153 707 veterum
2183 670 2370 720 doctrina,
2400 673 2494 712 liau-

1389 737 1468 774 sta,
1513 736 1551 763 ut
1581 726 1731 763 credere
1760 737 1828 777 par
1856 732 1935 771 est,
1965 737 1999 760 ea
2028 723 2243 774 primorum
2275 732 2494 777 :temporum

1388 780 1586 816 traditione
1604 805 1614 817 .
1919 819 1922 823 ,

1443 832 1535 870 525.
1565 832 1614 869 Et
1642 845 1730 869 sane
1753 842 1827 869 *cur
1844 837 1954 867 “tanto
1982 828 2104 867 studio
2131 830 2247 867 sancti
2276 829 2400 869 Patres
2418 861 2428 879 ,
2459 829 2493 868 &

1388 886 1534 936 antiqui
1563 885 1770 936 Scriptores
1812 883 2001 935 explicare
2032 884 2247 934 >sategissent
2289 884 2428 922 fontem
2459 884 2494 921 ἃ

1387 939 1654 987 scaturiginem
1689 946 1849 989 quatuor
1894 936 2128 983 fluviorum,
2168 937 2235 988 qui
2266 935 2419 975 exibant
2447 936 2494 975 de

1387 989 1591 1037 Paradiso,
1634 991 1665 1027 si
1695 998 1911 1041 putassent,
1960 990 2136 1027 eumdem
2163 988 2384 1028 :Paradisum
2415 1003 2495 1030 non

1386 1042 1552 1093 amplius
1581 1041 1770 1080 existere?
1815 1043 1947 1080 Annon
1990 1042 2220 1080 facillimum
2252 1044 2344 1094 ipsis
2379 1051 2495 1093 erat,

1380 1096 1522 1131 nodum
1551 1108 1677 1131 secare
1706 1096 1896 1143 dicendo„
1928 1108 2056 1134 everso
2074 1095 2276 1143 ParadiSO,
2307 1105 2494 1135 mutatam

1382 1149 1495 1184 etiam
1527 1147 1638 1184 fuisse
1656 1148 1889 1184 eorumdem
1912 1148 2119 1186 fluviorum
2148 1150 2377 1201 primaevarn
2404 1164 2490 1188 xsca·-

1380 1197 1617 1251 turigineni‘?
1655 1199 1706 1236 Ut
1733 1200 1827 1252 quid
1857 1212 2030 1251 quaerere
2059 1211 2216 1239 secretos
2245 1210 2355 1240 terrae
2386 1217 2490 1241 mea-

1380 1262 1438 1291 tus
1456 1283 1470 1300 ,
1502 1266 1544 1290 ac
1565 1245 1734 1297 canales,
1765 1265 1833 1302 per
1854 1265 1954 1302 ‘qnos
1980 1254 2121 1303 primae
2152 1267 2282 1292 eorum
2303 1256 2490 1294 scatebrae

1382 1304 1658 1343 occultentur?
1709 1302 1852 1342 Videre
1899 1305 1988 1341 licet
2009 1334 2019 1352 ,
2054 1306 2186 1356 inquit
2222 1305 2491 1351 'Tlieodoretus

1382 1357 1707 1409 Qucesrs.XXlX.
1738 1362 1778 1395 in
1810 1357 1914 1395 Gen.
1942 1356 2040 1394 'lianc
2071 1357 2191 1408 ipsam
2221 1358 2488 1400 difficultatem

1377 1407 1539 1450 enodare
1568 1413 1715 1450 studens
1733 1441 1743 1458 ,
1766 1441 1791 1458 ,‚
1813 1410 1847 1445 81:
1864 1410 1940 1448 alia
1958 1410 2121 1448 flumina
2150 1410 2303 1449 aliunde
2331 1414 2489 1464 quidem

1432 1466 1586 1516 egredi,
1628 1465 1765 1503 deinde
1794 1465 1833 1500 in
1864 1472 2003 1501 terram
2033 1463 2265 1515 quibusdam
2302 1465 2486 1505 'ductibus

1375 1547 1400 1566 „
1433 1518 1616 1564 fluentia,
1646 1519 1783 1554 iterum
1805 1530 1955 1554 sursum
1984 1517 2237 1554 scaturire...·
2258 1518 2359 1568 quod
2381 1518 2414 1554 ἃ
2440 1521 2488 1557 iis

1374 1600 1401 1618 ,,
1433 1570 1661 1608 fluminibus
1692 1574 1706 1620 (
1737 1569 1904 1607 Paradisi
1928 1570 1950 1618 λ,)
1980 1569 2147 1606 accidit.
2195 1570 2344 1608 Exeunt
2381 1573 2485 1610 enim

1372 1653 1399 1672 „
1428 1622 1563 1672 illinc,
1593 1631 1634 1660 ut
1659 1624 1715 1660 ait
1743 1621 1941 1674 Scriptura
1969 1623 2125 1670 divina,
2155 1631 2281 1673 postea
2307 1637 2377 1674 per
2391 1639 2485 1676 quo·

1371 1706 1397 1724 „
1427 1677 1532 1714 sdan]
1563 1684 1707 1714 meatus
1750 1676 2008 1713 subterraneos
2051 1677 2282 1712 transeuntia
2307 1676 2378 1714 ubi
2407 1680 2485 1716 ori-

1370 1759 1396 1777 „
1426 1731 1554 1781 ginem
1585 1729 1702 1767 aliam
1728 1729 1919 1766 subeunt.
1962 1729 2073 1775 Quod
2111 1728 2268 1780 quidem
2301 1742 2370 1766 non
2400 1730 2482 1768 fru-

1370 1811 1395 1829 „
1427 1791 1501 1819 stra
1528 1783 1704 1820 omnium
1735 1781 1838 1820 Deus
1865 1784 1918 1819 ita
1947 1782 2201 1833 dispensavit,
2235 1782 2301 1819 sed
2333 1790 2370 1819 ut
2399 1797 2482 1821 am·

1376 1495 1401 1513 >2

1367 1850 1470 1925 ideKin
1515 1889 1593 1926 fere
1636 1886 1750 1926 habet
1791 1888 1832 1926 S.
1871 1887 2102 1940 Augustinus
2144 1901 2262 1940 supra
2302 1887 2483 1928 laudatus

1366 1954 1404 1978 n.
1427 1941 1478 1979 ‘51
1493 1955 1526 1979 1.

1420 1994 1512 2040 524.
1531 1993 1729 2032 'Praeterea
1769 1994 1890 2033 iidem
1919 1993 2044 2032 Patres
2073 1991 2296 2032 Paradisum
2334 1997 2475 2047 passim

1363 2050 1559 2086 nominant
1588 2047 1715 2085 locum
1745 2061 1772 2084 a
1801 2051 2025 2101 cognitione
2053 2045 2257 2084 hominum
2294 2053 2476 2087 remotis-

1361 2104 1537 2149 simum,
1567 2109 1607 2137 ut
1634 2100 1674 2138 S.
1706 2102 1940 2152 Augustinus
1969 2114 2083 2151 supra
2104 2115 2252 2138 numer.
2283 2102 2376 2140 508.
2406 2102 2474 2139 ho-

1360 2154 1531 2192 minibus
1559 2158 1831 2203 inaccessum,
1862 2154 1970 2206 cujus
1995 2154 2048 2190 rei
2071 2155 2193 2190 varias
2221 2153 2382 2191 reddunt
2411 2169 2470 2192 ra—

1359 2209 1505 2254 tiones,
1547 2206 1691 2244 seilicet
1733 2217 1795 2244 aut
1843 2216 1996 2259 propter
2033 2211 2197 2257 igneam
2244 2206 2470 2245 custodiam

1358 2259 1666 2298 Cherubiuorum
1686 2290 1696 2308 ,
1722 2270 1765 2298 ut
1794 2260 1836 2298 S.
1868 2261 2097 2311 Augustinus
2125 2260 2251 2311 inquit
2279 2259 2369 2298 Lib.
2401 2261 2471 2299 111.

1359 2312 1407 2350 de
1430 2311 1568 2350 Trinit.
1598 2326 1683 2364 cap.
1705 2313 1766 2361 4.,
1796 2314 1896 2366 quod
1926 2313 1967 2351 S.
1997 2312 2168 2350 Thomas
2190 2325 2226 2350 2.
2249 2326 2285 2350 2.
2315 2327 2354 2365 q.
2382 2313 2470 2360 164.

1358 2375 1428 2404 art.
1451 2380 1487 2404 2.
1517 2366 1564 2404 ad
1584 2367 1632 2404 ’5.
1661 2367 1931 2418 interpretatur
1979 2365 2026 2403 cle
2062 2365 2310 2404 vehementia
2349 2375 2469 2404 oestus

1358 2423 1399 2456 in
1428 2420 1522 2458 iocis
1550 2419 1797 2457 intermediis
1825 2433 1879 2457 ex
1919 2422 2210 2470 propinquitate
2239 2419 2331 2456 solis
2349 2434 2363 2463 ;
2403 2418 2466 2458 vel

1355 2480 1509 2524 propter
1537 2473 1749 2510 immanem
1779 2486 1801 2509 a
1828 2472 1940 2509 nobis
1986 2473 2200 2510 distantiam
2231 2471 2331 2510 ultra
2357 2485 2470 2525 ocean⁷

1355 2539 1446 2562 num
1465 2555 1475 2573 ,
1504 2523 1565 2562 vel
1596 2524 1766 2576 ejusdem
1780 2526 2030 2564 eminentiam
2059 2538 2175 2577 supra
2203 2538 2329 2564 omnes
2359 2538 2466 2563 mon-

1354 2586 1408 2616 tes
1429 2607 1439 2626 ,
1470 2586 1510 2615 ut
1536 2577 1635 2616 caelo
1663 2579 1902 2630 propinquus
1930 2580 2002 2623 sit3
2033 2587 2099 2615 aut
2126 2579 2281 2615 demum
2311 2588 2466 2628 propterv

1354 2631 1449 2669 alias
1477 2632 1634 2669 rationes
1651 2657 1662 2668 .
1692 2631 1961 2681 Quaecumque
1980 2638 2105 2667 autem
2135 2628 2216 2666 illae
2237 2630 2310 2666 sint
2325 2658 2336 2677 ,
2359 2643 2465 2666 'sern-

1341 2698 1423 2738 ³per
1450 2691 1689 2735 supponunt,
1708 2682 1974 2721 ‚indubitatum
1995 2682 2119 2720 ⁵fuisse
2142 2683 2314 2733 antiquis
2343 2680 2461 2721 Patri-

2326 2732 2408 2773 bus
2462 2749 2465 2752 ·

1344 2862 1417 2888 art.
1442 2863 1476 2886 2.
1503 2853 1546 2887 ad
1572 2854 1605 2888 3.
1632 2853 1680 2887 ita
1716 2854 1839 2889 habet:
1867 2854 2040 2899 ·Qaamuis
2065 2858 2078 2894 (
2103 2863 2138 2888 ut
2178 2856 2345 2895 dicitur‘)
2371 2868 2456 2890 nnnc

1350 2900 1517 2940 Henoch,
1543 2904 1585 2934 (θ’
1611 2901 1716 2934 Elias
1743 2906 1778 2935 in
1805 2904 1867 2935 illo
1887 2901 2054 2935 Paradiso
2080 2903 2254 2935 habitent.-
2281 2905 2313 2934 &
2339 2904 2398 2936 lll.
2418 2904 2454 2935 P.

1350 2959 1386 2992 q.
1414 2946 1471 2990 49.
1499 2955 1564 2980 art.
1593 2948 1623 2980 5.
1651 2945 1691 2980 ad
1719 2958 1749 2980 2.
1778 2949 1976 2988 Similiter,
2004 2949 2075 2988 ait,
2101 2952 2204 2982 etiam
2228 2949 2373 2982 Henoch
2401 2963 2463 2987 ra-,

1350 3002 1427 3038 ptus
1453 3000 1507 3026 ese
1531 2995 1578 3026 ad
1601 2993 1799 3027 Paradisum
1825 3003 2022 3028 terrestrem
2040 3017 2050 3035 ,
2076 2996 2131 3028 ubi
2156 3008 2226 3028 cnm
2244 2995 2328 3029 Elia
2355 2997 2461 3032 simul,

1352 3041 1506 3073 creditur
1532 3044 1640 3073 uivere
1664 3042 1837 3085 usquead
1863 3043 2038 3074 adventum
2063 3042 2303 3074 Antichristi.
2347 3042 2456 3075 Deni-

1351 3098 1418 3130 que
1445 3086 1478 3118 S.
1505 3086 1719 3129 Augustinus
1738 3087 1822 3120 ‘Lib·
1851 3088 1893 3120 Il·
1921 3089 1965 3120 (le
2005 3097 2145 3130 peccato
2185 3090 2312 3131 origin·
2338 3100 2368 3122 c»
2396 3089 2457 3132 ²3·;

1352 3133 1444 3165 inter
1489 3133 1726 3176 quaestiones,
1762 3145 1839 3177 quae
1866 3135 1971 3166 >salva
2009 3133 2073 3167 fide
2105 3133 2308 3168 Christiana
2341 3134 2453 3178 agita·-

1351 3178 1382 3210 ri
1418 3185 1580 3222 possunt,
1618 3177 1709 3211 hanc
1747 3187 1929 3212 recenset:
1968 3180 2022 3213 ubi
2048 3183 2095 3213 sit
2121 3193 2207 3213 nunc
2232 3179 2363 3220 Elias,
2397 3176 2451 3210 vel-

1351 3223 1519 3264 Henoch,
1543 3237 1584 3257 an
1611 3225 1659 3257 ibi
1686 3230 1697 3264 (
1721 3225 1756 3258 in
1783 3225 1945 3259 paradiso
1970 3231 2010 3267 j,
2035 3239 2078 3260 an
2102 3228 2255 3267 alicubi,
2272 3238 2359 3269 τίμιος
2396 3230 2450 3266 1,·αῇ

1351 3283 1424 3303 men
1448 3283 1512 3303 non
1533 3271 1728 3306 dubitamus
1746 3293 1758 3314 ‚
1794 3276 1830 3307 in
1854 3274 1969 3318 quibus
1999 3277 2077 3309 naci
2108 3282 2218 3314 sant,
2245 3268 2449 3315 corporibus

1351 3329 1461 3355 vivere
1478 3338 1487 3350 ι

1456 1844 1574 1872 utaret
1608 1833 1855 1886 *superfluam
1900 1835 2101 1871 hominum
2145 1829 2404 1873 curiositatem
2421 1839 2490 1875 “-0'
