2583 3685
727 159 807 205 DE
843 154 1195 202 LOCUTIONE
1228 149 1649 196 ANGELORUM.
2213 158 2261 186 21

45 249 174 284 trum.
203 240 295 281 Plus
320 252 497 293 namque
523 240 720 294 Moyses,
756 253 879 291 quam
910 237 1113 276 Abraham
1134 264 1146 283 ,

42 299 129 350 plus
155 294 362 347 Prophetae
403 300 444 334 in
485 297 763 345 omnipotentis
792 292 869 331 Dei
910 295 1078 329 scientia
1106 302 1144 327 e-

41 348 157 387 rudia·
183 357 300 386 sunt.
342 349 522 401 Origenes
551 349 724 401 putavit,
756 345 917 397 Angelos
946 342 1066 382 multa
1094 342 1146 380 ab

40 400 252 453 Apostolis,
299 400 334 438 8t
363 400 558 454 Prophetis
597 401 644 439 de
671 401 812 438 Christi
840 397 1030 450 mysteriis
1058 396 1144 432 edo-

40 462 118 492 ctos
146 453 287 504 fuisse,
332 468 450 508 quam
479 456 700 493 sententiam
731 454 844 490 etiam
873 449 1046 488 nonnulli
1074 448 1143 485 alii

40 503 167 545 Patres
193 507 443 560 adoptarunt.
487 507 522 544 V
526 508 578 546 id.
609 508 710 546 Dan.
740 505 902 544 Huetius
932 504 970 540 in
1003 501 1142 553 Orige-

39 561 176 598 nianis
202 560 292 600 Lib.
313 560 361 600 11.
390 575 429 615 q.
453 562 488 600 5.
518 575 558 600 n.
585 559 645 598 18.

458 665 630 706 CAPUT
672 664 725 703 X.

288 771 354 811 De
381 771 598 811 Locutc'one
624 769 896 822 Angelorum.

100 878 187 931 159.
204 858 391 924 Nemini
430 877 593 915 dubium
624 884 703 924 est,
750 888 855 927 posse
883 870 1045 924 Angelos
1073 870 1147 910 sibi

39 932 233 979 invicem,
278 929 442 983 aliisque
468 944 554 968 suas
595 929 835 981 cogitationes
872 926 1146 973 manifestare,

40 983 75 1020 ἃ
106 984 187 1022 haec
215 983 470 1022 manifestatio
497 984 636 1020 dicitur
660 981 887 1032 Angelorum
919 980 1057 1016 locutio
1074 1005 1084 1016 .
1114 979 1148 1016 l-

37 1037 130 1074 saiae
159 1035 227 1075 Vl.
256 1036 296 1076 3.
322 1034 525 1088 Seraphim
555 1033 792 1073 clamabant
833 1035 936 1071 alter
964 1031 1020 1070 ad
1049 1033 1148 1069 alte-

37 1100 160 1134 rum,·
206 1088 240 1125 &
280 1089 608 1141 quamsaepissime
653 1091 691 1127 in
733 1089 848 1126 sacris
878 1087 1026 1125 Litteris
1055 1085 1148 1136 legi-

38 1154 152 1190 mus,
200 1141 369 1194 Angelos·
391 1140 452 1179 vel
483 1143 579 1179 inter
607 1155 671 1188 se,
716 1141 775 1179 vel
805 1154 894 1178 cuin
928 1139 1150 1177 hominibus

38 1208 118 1232 esse
156 1194 328 1241 locutos;
375 1195 476 1232 unde
518 1196 631 1232 etiam
663 1193 863 1246 Apostolus
916 1206 948 1230 1.
977 1191 1149 1230 Corinth.

38 1245 144 1285 XIII.
180 1261 214 1286 1.
243 1248 464 1300 inquiebat:
505 1247 546 1286 Si
575 1248 717 1299 linguis
746 1246 946 1284 hominum
977 1246 1117 1297 loquar
1137 1277 1148 1295 ,

39 1300 90 1341 Φ*
107 1300 349 1352 Angelorum
365 1315 381 1345 ;
410 1313 482 1337 non
511 1301 612 1351 quod
629 1299 764 1350 Augeli
787 1298 950 1336 habeant
979 1298 1149 1349 linguas,

37 1353 101 1391 sed
130 1355 223 1404 quia
250 1352 285 1388 ἃ
315 1354 389 1403 ipsi
418 1351 624 1405 loquuntur
654 1351 840 1389 locutione
871 1350 1150 1390 intellectuali.

39 1404 228 1443 Praeclare
255 1404 415 1442 Sanctus
442 1406 649 1455 Gregorius
679 1404 841 1456 Magnus
872 1404 960 1442 Lib.
982 1405 1029 1442 ll.
1058 1403 1150 1442 Mo-

36 1458 119 1495 ταὶ.
146 1471 233 1508 cap.
253 1457 292 1501 4.
320 1456 367 1493 de
396 1456 552 1507 Angelis
579 1458 807 1509 inquiebat,
855 1458 1011 1507 dignum
1042 1471 1118 1494 esse
1137 1488 1148 1504 ‚

39 1519 83 1547 ut
111 1521 225 1545 mens
266 1516 404 1545 nostra
432 1509 668 1557 qualitatem
709 1521 911 1558 corporeae
948 1509 1154 1545 locutionis

39 1559 240 1600 excedens
267 1559 326 1598 ad
351 1559 534 1599 sublimes
551 1590 561 1608 ‚
609 1570 728 1612 atque
768 1564 987 1611 incognitos
1016 1560 1155 1598 modos

39 1615 243 1653 locutionis
271 1616 426 1651 intimoe
454 1613 718 1663 suspendatur
747 1614 835 1665 (a).
864 1614 1064 1661 Quaeritur
1093 1627 1152 1652 er-

38 1680 114 1720 go,
144 1667 334 1719 quomodo
362 1666 447 1704 haec
478 1667 709 1718 Angelorum
739 1667 882 1705 locutio
910 1666 1000 1705 fiat.

100 1720 188 1759 160.
215 1719 343 1759 Sanct.
386 1719 555 1759 Thomas
584 1721 612 1758 l.
642 1719 685 1758 P.
715 1735 753 1773 q.
780 1734 867 1771 ¹07·
905 1729 976 1758 art.
1003 1732 1035 1757 1.
1054 1749 1065 1768 ,
1114 1728 1153 1759 111

38 1772 271 1812 locutionem
301 1772 534 1826 Angelorum
565 1773 696 1826 aliquo
736 1774 849 1811 modo
877 1782 1066 1826 exponat,
1113 1787 1153 1811 e-

37 1825 238 1878 xemplum
267 1829 360 1879 petit
387 1841 408 1864 a
429 1827 537 1865 nobis
566 1828 684 1880 ipsis3
713 1841 851 1879 nempe
869 1827 1021 1880 quando
1050 1840 1154 1865 mens

41 1881 225 1918 convertit
253 1894 290 1918 se
319 1881 366 1917 ad
395 1889 481 1918 actu
517 1881 831 1919 considerandum
849 1910 860 1928 ,
906 1880 1009 1933 quod
1039 1879 1154 1918 habet

40 1933 80 1972 in
111 1932 272 1981 habitu,
314 1931 485 1985 loquitur
512 1933 651 1986 aJiquis
692 1933 764 1972 sibi
807 1934 908 1986 ipsi5
954 1947 1042 1971 nam
1073 1935 1154 1985 ipse

43 1995 245 2038 conceptus
274 1987 409 2024 mentis
429 1989 591 2025 interius
611 1985 764 2025 verbum
787 1997 942 2025 vocatur
961 2013 972 2025 .
1002 1986 1066 2024 Sic
1097 1989 1153 2025 in-

42 2040 126 2091 quit
153 2041 194 2077 S.
223 2037 389 2077 Doctor:
420 2069 447 2087 „
475 2039 534 2077 Ex
556 2039 627 2079 hoc
644 2070 655 2088 ,
683 2041 784 2094 quod
815 2049 1019 2093 conceptus
1049 2053 1154 2078 men-

42 2120 71 2140 „
101 2093 148 2153 tis
177 2090 373 2143 Angelicae
401 2094 598 2131 ordinatur
634 2094 681 2131 ad
709 2094 1032 2132 manifestandum
1061 2093 1156 2132 alte-

44 2173 72 2193 „
103 2157 134 2182 rt
157 2157 224 2197 per
239 2145 471 2184 voluntatem
493 2147 611 2199 ipsius
634 2148 769 2199 Angeli
787 2177 797 2195 ,
827 2155 1030 2200 conceptus
1050 2161 1155 2185 men·

37 2225 69 2247 „
98 2198 142 2236 tis
172 2199 285 2237 unius
302 2198 436 2252 Angeli
466 2201 663 2239 innotescit
693 2201 827 2248 alteri3
857 2200 958 2240 &sic
986 2200 1156 2252 loquitur

39 2279 67 2300 „
98 2265 195 2289 unus
213 2253 377 2304 Angelus
406 2253 539 2292 alieri:
569 2253 667 2292 nihil
698 2263 748 2292 est
778 2256 880 2292 enim
911 2254 1016 2292 aliud
1047 2253 1154 2307 loqui

41 2332 69 2352 ‚‚
98 2305 145 2343 ad
164 2303 354 2355 alterum,
383 2321 500 2360 quam
522 2317 746 2360 conceptum
769 2310 906 2346 mentis
934 2307 1043 2345 alteri
1073 2321 1155 2345 tna-

40 2384 68 2405 „
97 2358 300 2397 nifestare.
329 2359 385 2398 Et·
404 2369 483 2399 art.
507 2374 544 2400 2.
573 2361 764 2413 Angelum
794 2361 899 2413 loqui
923 2360 1065 2413 Angelo
1093 2361 1153 2398 ni-

37 2437 68 2463 „
99 2409 152 2448 hil
181 2411 287 2450 aliud
318 2423 394 2461 est,
435 2429 553 2466 quam
581 2424 807 2466 conceptum
839 2428 952 2452 suum
979 2415 1157 2453 ordinare

42 2475 69 2510 3,
98 2463 144 2500 ad
173 2463 244 2501 boc
261 2494 273 2512 ,
321 2475 360 2504 ut
388 2467 423 2504 ei
453 2469 657 2506 innotescat
694 2481 762 2518 pes
791 2469 991 2520 propriam
1019 2466 1156 2507 voluu-

43 2542 72 2562 „
99 2523 211 2552 tatem
233 2519 260 2538 ‘⁸
279 2541 290 2554 .

102 2565 188 2605 161.
219 2567 321 2606 Huic
335 2567 461 2607 Sanct.
491 2569 654 2608 Thomae
673 2599 683 2617 ,
714 2569 747 2605 81
763 2570 1051 2608 Thornistarum
1071 2585 1155 2609 sen-

38 2621 169 2657 tentiae
197 2619 319 2672 aliqui
350 2624 462 2672 pauci
494 2632 731 2674 repugnant,
760 2623 1047 2669 contendentes,
1079 2622 1155 2660 An·

40 2671 144 2723 gelos
184 2672 258 2711 sibi
288 2684 421 2712 mutuo
461 2675 594 2729 loqui,
643 2675 702 2713 vel
732 2689 800 2727 per
840 2678 945 2726 signa
973 2676 1152 2727 quaedam

45 2725 241 2764 sensibilia
258 2756 268 2774 ,
298 2726 332 2763 &
360 2741 540 2781 corporea
562 2731 600 2766 in
622 2729 762 2780 aliquo
781 2741 938 2780 corpore
968 2730 1155 2778 impressa

41 2791 87 2816 eo
114 2780 192 2817 sere
222 2781 360 2829 modo,
397 2795 474 2834 quo
501 2796 569 2820 nos
598 2795 731 2820 vocem
761 2795 829 2833 per
858 2795 985 2819 aerem
1015 2780 1155 2818 diffun-

43 2833 171 2871 dimus
187 2863 198 2882 ,
229 2833 288 2871 vel
306 2833 445 2873 litteras
476 2837 515 2874 in
536 2835 665 2873 charta
688 2835 949 2887 imprimimus
968 2865 978 2883 ,
1008 2833 1067 2872 vel
1090 2845 1156 2885 per

43 2887 150 2939 signa
177 2888 305 2928 nescio
331 2902 420 2941 quae
450 2888 665 2946 spiritualia
688 2887 842 2941 Angelis
869 2897 984 2938 uota,
1014 2887 1074 2928 vel
1094 2887 1159 2928 de-

94 3049 146 3085 (α)
164 3048 298 3086 Merito
332 3053 496 3098 culpatur
531 3050 665 3086 Theod-
692 3051 806 3091 Beza,
848 3049 939 3095 qum]
978 3050 1014 3083 in
1053 3050 1160 3084 Com-

50 3101 157 3142 ment.
184 3094 226 3128 ad
262 3097 391 3132 laudat.
418 3100 573 3144 Apostol.
611 3110 667 3131 eos
694 3099 827 3143 ineptos
854 3097 1055 3136 vocaverit,
1097 3095 1159 3138 qui

51 3135 234 3193 ‘ll-“Pnffllfft
270 3143 311 3177 de
348 3148 560 3192 Angelorum
596 3145 747 3188 linguis.
796 3144 875 3177 Non
915 3144 1027 3176 solum
1064 3142 1158 3174 enirn

50 3183 217 3230 '1¹¹‘010‘51
238 3209 249 3227 s
273 3188 332 3223 sed
354 3193 461 3226 etiarn
486 3191 642 3225 nonnulli
669 3198 803 3223 veteres
829 3191 948 3223 Patres
973 3201 1014 3221 ex
1042 3188 1083 3220 iis
1108 3188 1159 3220 Α-

51 3234 175 3285 postoli
214 3234 330 3268 verbis
363 3239 579 3272 occasionem
615 3245 838 3281 sumpserunt
873 3235 914 3268 de
941 3234 1158 3278 Angelorum

52 3278 228 3313 locutione
267 3279 479 3318 disserendi.
526 3284 635 3328 inepti
670 3281 814 3327 quidem
838 3290 944 3321 sunt,
983 3281 1043 3324 qui
1080 3287 1157 3324 post

51 3323 274 3376 Theodorum
294 3327 578 3372 Mopsuestennm
607 3330 695 3363 hane
723 3328 932 3361 locutionem
958 3335 1084 3359 nostrae
1111 3326 1162 3357 si-

53 3371 174 3406 milem
197 3384 270 3409 esse
297 3374 482 3415 arbitrati,
507 3376 734 3423 quaestionem
759 3381 942 3410 moverunt
966 3371 1007 3408 de
1032 3381 1157 3419 genere

1212 233 1331 284 nique
1360 243 1428 281 per
1458 230 1627 266 notitiam
1659 225 1845 264 actualem
1885 225 1923 262 in
1968 221 2164 260 intellectu
2195 223 2318 271 Ange-

1213 284 1240 323 li
1271 284 1456 321 audientis
1484 282 1532 319 ab
1564 279 1706 331 Angelo
1735 279 1909 331 loquente
1939 277 2162 328 productam
2181 302 2190 312 .
2219 277 2320 320 Quas

1213 346 1400 388 postrema
1430 334 1608 372 sententia
1637 333 1772 379 Scoto,
1804 345 1960 383 ejusque
1989 329 2136 367 asseclis
2166 327 2323 380 placet.

1213 390 1331 427 Nobis
1372 390 1459 426 satis
1487 389 1533 425 sit
1575 385 1658 422 haec
1689 385 1899 430 indicasse-3
1944 386 2012 436 qui
2055 391 2180 419 autern
2210 380 2322 433 plura

1211 443 1450 488 desiderant,
1480 442 1613 478 adeant
1634 437 1881 476 Scholasticos
1899 467 1909 484 ,
1938 437 2005 489 qui
2026 437 2072 473 de
2093 435 2150 472 his
2180 443 2322 472 utram-

1212 509 1287 548 que
1317 497 1492 546 paginam
1523 492 1685 544 implere
1715 489 1858 528 solent.

1276 547 1362 586 162.
1392 548 1475 585 Deo
1502 556 1628 583 autem
1658 544 1863 595 loquuntur
1885 541 2016 593 Angeli
2035 573 2045 589 ,
2074 555 2163 580 cum
2193 541 2322 592 ipsum

1215 601 1371 639 laudant
1388 631 1398 648 ,
1429 599 1462 635 8<
1483 600 1723 638 admirantur
1739 627 1748 643 ,
1781 605 1818 632 ut
1848 595 2010 646 explicat
2030 595 2156 634 Sanct.
2178 594 2322 645 Grego-

1215 655 1295 692 rius
1324 653 1382 692 M.
1413 653 1516 690 laud.
1547 651 1634 689 Lib.
1657 650 1705 688 ll.
1736 671 1745 686 A
1788 649 1888 686 oral.
1918 662 2002 700 cap.
2023 649 2087 693 4..
2118 647 2255 685 Eidem
2284 661 2323 683 e-

1215 710 1306 746 tiam
1335 706 1418 744 Deo
1448 706 1658 758 loquuntur
1676 732 1686 750 ,
1716 711 1856 740 nosti-as
1885 704 2069 739 orationes
2095 700 2322 748 offerentes,

1245 773 1434 812 nanquam
1465 759 1547 797 Deo
1576 766 1670 795 notae
1700 756 1780 807 jam
1808 757 1881 792 siut
1899 781 1909 792 .
1960 754 2094 806 Augeli
2124 754 2253 798 enlm,
2285 762 2324 790 ut

1232 814 1256 851 '.
1287 814 1516 864 Augustinus
1558 811 1667 848 initio
1708 817 1870 846 enarrat.
1914 808 1952 845 111
1982 806 2079 844 Psal.
2102 805 2165 856 78.
2209 805 2324 844 Τοιη.

1213 866 1282 904 1V.
1303 866 1503 913 observat,
1531 878 1622 916 quae
1640 861 1858 900 hominibus
1874 864 2058 898 nuntiant
2075 890 2085 907 ,
2115 861 2325 897 nescienti-

1214 917 1283 957 bus
1311 923 1525 963 nuntiant;
1553 931 1644 970 quoe
1669 924 1806 953 autem
1832 914 1918 952 Deo
1945 917 2155 960 nuntiant,
2183 914 2325 948 scienti

1215 976 1404 1010 nuntiant
1421 1003 1430 1020 ‚
1460 971 1620 1022 quando
1639 970 1693 1008 illi
1721 966 1892 1017 offerunt
1911 970 2112 1004 orationes
2140 973 2325 1012 nostras,

1215 1025 1265 1068 <9⁴
1294 1024 1489 1075 ineffabili
1518 1024 1636 1062 modo
1664 1023 1713 1060 tle
1753 1020 1904 1059 actibus
1932 1024 2011 1057 suis
2038 1028 2238 1057 oeternam
2266 1031 2326 1055 ve-

1216 1083 1377 1118 ritatem
1395 1110 1405 1128 ,
1434 1088 1647 1130 tamquam
1667 1075 1818 1128 Legem
1847 1070 2213 1112 incommutabilem
2233 1083 2327 1109 con-

1217 1133 1347 1171 sulunt
1365 1159 1376 1172 .
2102 1163 2103 1166 ,

1276 1185 1362 1225 165.
1392 1185 1572 1224 Vicissim
1602 1185 1716 1223 etiam
1747 1184 1848 1222 Deus
1875 1180 1985 1219 nobis
2013 1192 2080 1231 per
2110 1176 2270 1228 Angelos
2289 1192 2330 1215 a-

1217 1237 1403 1292 liquando
1431 1238 1627 1291 loquitur,
1658 1238 1887 1277 voluntatem
1917 1247 2029 1271 suum
2060 1232 2257 1270 indicans.
2286 1230 2329 1268 S.

1217 1293 1425 1344 Gregorius
1453 1306 1611 1343 maguus
1647 1293 1688 1330 in
1717 1291 1806 1329 Lib.
1826 1287 2011 1327 XXVlll.
2058 1284 2212 1323 Moral.
2241 1297 2327 1334 cap.

1221 1358 1258 1383 2.
1287 1347 1416 1397 plures
1444 1346 1573 1383 modos
1602 1352 1822 1391 enumerat,
1858 1341 2000 1393 quibus
2029 1339 2134 1377 Deus
2162 1337 2331 1374 homini-

1219 1398 1291 1436 bus
1319 1398 1424 1450 loqui
1453 1397 1625 1448 dignatus
1653 1405 1733 1444 est,
1776 1408 1915 1445 nempe
1943 1392 2148 1444 aliquando
2175 1389 2296 1429 verbis
2318 1420 2330 1438 ,

1222 1460 1261 1487 ut
1289 1465 1378 1489 cum
1409 1459 1570 1488 aetenius
1591 1448 1697 1486 Pater
1726 1447 1877 1486 Christo
1903 1446 2073 1483 Domino
2100 1443 2252 1482 coelitus
2274 1457 2330 1479 re—

1222 1505 1393 1553 spondit:
1439 1504 1489 1541 (θ’
1518 1501 1764 1555 clarificavi,
1812 1500 1861 1539 (θ’
1891 1503 2033 1535 iterum
2063 1494 2294 1547 clarificabo
2315 1509 2331 1531 .-

1221 1555 1431 1606 aliquaudo
1458 1554 1597 1600 rebus,
1629 1564 1667 1591 ut
1696 1568 1785 1592 cum
1815 1553 1943 1589 electri
1973 1550 2115 1601 species
2136 1546 2330 1587 Ezechieli

1220 1615 1363 1645 ostensa
1393 1617 1466 1644 est:
1514 1607 1721 1657 aliquando
1750 1605 1872 1642 verbis
1914 1603 2059 1650 simul,
2107 1602 2156 1643 ὠ
2185 1599 2297 1639 rebus
2318 1632 2330 1649 ,

1196 1668 1262 1708 Ι111
1289 1672 1379 1698 cum
1409 1659 1658 1698 deambulans
1685 1658 1722 1695 lo
1753 1657 1909 1694 uebatur
1938 1655 2110 1700 Adamm
2139 1667 2263 1706 neque
2292 1667 2332 1691 e-

1220 1717 1333 1762 nim,
1363 1715 1415 1752 ait
1443 1712 1548 1751 laud.
1578 1711 1706 1749 Sanct.
1765 1709 1906 1747 ontifex
1924 1737 1936 1755 ,
1977 1706 2112 1743 Adam
2141 1717 2225 1754 post
2253 1708 2333 1744 cul-

1219 1779 1317 1818 pam
1359 1765 1486 1806 ridere
1516 1770 1557 1803 in
1586 1763 1818 1803 Divinitatis
1859 1760 2081 1799 substantia
2111 1758 2334 1797 Dominum

1219 1824 1366 1870 potuit,
1397 1819 1467 1858 sed
1487 1821 1771 1869 increpationis
1800 1814 1915 1854 verba
1942 1826 2011 1862 per
2031 1813 2230 1864 Angelum
2259 1825 2333 1850 au-

1222 1872 1310 1911 divit
1328 1890 1342 1918 ,-
1371 1872 1577 1925 aliquando
1598 1868 1836 1921 imaginibus
1857 1867 1985 1906 cordis
2012 1867 2122 1904 oculo
2142 1870 2309 1904 ostensis
2318 1881 2334 1911 ,·

1224 1936 1262 1965 ut
1303 1940 1392 1965 cum
1423 1926 1541 1965 Jacob
1570 1927 1610 1964 in
1654 1925 1793 1962 somnis
1821 1921 1963 1961 scalam
2005 1920 2052 1957 ad
2081 1919 2227 1957 coelum
2255 1933 2336 1956 ere-

1220 1989 1321 2018 ctam
1351 1981 1469 2019 vidit:
1498 1979 1708 2031 aliquando
1735 1975 1974 2025 imaginibus
2002 1982 2100 2011 ante
2127 1985 2335 2023 corporeos

1221 2034 1382 2082 oculos,
1414 2043 1453 2071 ut
1480 2047 1568 2070 cuin
1602 2030 1797 2071 Abraham
1819 2025 1956 2080 Angeli
1985 2035 2263 2078 apparuerunt:
2292 2040 2334 2063 a·

1221 2086 1407 2140 liquando
1436 2085 1654 2125 coelestibus
1681 2083 1910 2122 substantiis
1925 2096 1940 2126 ;
1988 2089 2028 2117 ut
2055 2093 2143 2117 cuni
2187 2091 2260 2116 vox
2287 2079 2338 2116 de

1222 2140 1327 2178 nube
1355 2142 1396 2178 in
1425 2140 1566 2178 Christi
1595 2139 1786 2191 baptismo
1805 2135 1994 2174 insonuit:
2023 2131 2233 2185 aliquando
2257 2141 2337 2169 ter-

1223 2198 1331 2231 renis
1358 2193 1612 2240 substantiis,
1644 2201 1682 2229 ut
1711 2190 1868 2242 quando
1891 2189 1995 2226 asina
2024 2185 2179 2224 Balaam
2208 2185 2334 2223 locuta

1225 2257 1300 2286 est:
1328 2247 1534 2302 aliquando
1561 2243 1778 2284 coelestibus
1806 2241 1944 2289 simul,
1973 2239 2023 2280 <9¹
2050 2241 2220 2277 terrenis
2248 2238 2338 2275 sub-

1223 2304 1408 2349 stantiis,
1439 2309 1479 2338 ut
1507 2313 1596 2339 cum
1626 2298 1747 2337 rubus
1774 2295 1919 2335 coelesti
1949 2295 2038 2346 igue
2064 2292 2198 2330 ardeus
2217 2290 2334 2344 Moy-

1222 2356 1254 2392 si
1284 2355 1387 2393 visus
1415 2363 1465 2392 est
1481 2369 1492 2399 ;
1521 2367 1565 2391 ac
1594 2353 1750 2391 demum
1778 2348 2002 2387 substantia
2022 2345 2216 2400 Angelica
2244 2349 2336 2382 inti-

1223 2421 1289 2446 me
1316 2416 1514 2457 praesente
1532 2436 1542 2455 ,
1572 2415 1612 2443 ut
1642 2403 1888 2443 Zacharioe.

1277 2461 1438 2508 Quaeres
1467 2462 1618 2513 prime,
1648 2472 1705 2496 an
1734 2467 1774 2495 ut
1803 2469 1903 2494 unus
1931 2453 2107 2506 Angelus
2135 2453 2251 2490 alteri
2278 2452 2336 2488 lo·

1223 2523 1393 2566 quatur,
1422 2525 1587 2552 necesse
1614 2511 1760 2551 habeat
1789 2509 1920 2549 eidem
1949 2510 2264 2558 appropinquare
2284 2504 2309 2541 ?

1282 2567 1368 2612 164.
1399 2566 1603 2605 Affirmant
1631 2566 1781 2616 aliqui,
1811 2564 1980 2600 maxime
1999 2569 2216 2612 propterea
2246 2571 2331 2594 ver-

1221 2618 1272 2655 ba
1300 2619 1401 2668 apud
1431 2617 1654 2668 Prophetaru
1672 2615 1900 2653 Zachariam
1922 2614 1970 2649 Π.
2000 2613 2038 2649 3.
2069 2610 2178 2646 Ecce
2199 2609 2332 2646 Anae-

1221 2670 1281 2707 lus
1298 2695 1338 2708 ...
1368 2664 1663 2721 egrediebatur,
1692 2667 1742 2706 eb·
1771 2664 1947 2714 Angelus
1974 2662 2078 2699 atter
2105 2641 2333 2712 egrediebz-

1221 2731 1283 2760 tur
1312 2727 1353 2760 in
1380 2734 1588 2759 occursum
1616 2721 1725 2772 ejus,
1753 2718 1802 2758 ᾧ*
1831 2716 1931 2753 dixit
1959 2714 2015 2752 ad
2044 2727 2162 2752 eum.

1282 2775 1369 2813 165.
1398 2775 1674 2812 Verumtamen
1702 2771 1740 2810 id
1770 2779 1877 2821 negat
1896 2769 1937 2806 S.
1958 2766 2124 2805 Thomas
2151 2779 2219 2818 qu.
2244 2779 2334 2818 ¹07·

1223 2837 1293 2867 art.
1315 2828 1353 2867 Δ.
1371 2859 1382 2877 ,
1411 2829 1503 2880 quia
1531 2828 1629 2864 actio
1650 2822 1915 2863 intellectualis
1939 2820 2072 2871 Augeli
2092 2821 2245 2857 omnino
2263 2820 2332 2858 ab·

1224 2891 1360 2922 attacta
1388 2891 1439 2922 est
1467 2896 1489 2922 a
1516 2880 1627 2929 loco,
1656 2877 1691 2915 &
1710 2887 1905 2931 tempore.
1933 2874 2032 2924 Quae
2058 2881 2187 2912 autem
2215 2872 2330 2913 allata

2190 2936 2277 2967 suut

1225 3047 1377 3091 linguat,
1412 3055 1481 3089 qna
1506 3039 1629 3085 Angeli
1667 3046 1816 3072 utuntur
1834 3058 1846 3078 ,
1878 3040 1911 3070 ἃ
1936 3035 2045 3081 aliqui
2072 3045 2148 3067 eam
2173 3046 2245 3067 esse
2269 3034 2331 3068 he-

1225 3093 1382 3127 braicam
1398 3112 1408 3131 ‚
1433 3097 1552 3133 utpote
1576 3086 1701 3119 ceteris
1728 3083 2003 3129 simpliciorem,
2030 3085 2062 3114 &
2087 3082 2331 3125 perfectiorem

1225 3138 1525 3172 determinarunt.
1570 3130 1649 3165 vid,
1677 3131 1857 3175 Ligt'ootus
1897 3131 1930 3162 in
1956 3130 2021 3173 Ep.
2050 3130 2073 3160 Ι.
2101 3125 2142 3159 ad
2168 3126 2329 3160 Corinth.

1226 3186 1322 3220 Xlll.
1350 3183 1461 3216 Simili
1487 3177 1591 3212 modo
1612 3176 1830 3221 desipiebant
1856 3176 2013 3209 nonnulli
2040 3173 2181 3207 Ethnici
2210 3174 2325 3206 tribu-

1223 3240 1319 3264 entes
1334 3230 1409 3263 Diis
1424 3226 1604 3272 proprium
1618 3245 1629 3264 ,
1655 3226 1686 3257 ἃ
1707 3224 1888 3257 materiale
1907 3220 2068 3266 loquendi
2095 3218 2237 3253 modum
2256 3219 2327 3251 tin-

1224 3288 1289 3322 gna
1306 3298 1316 3315 ,
1339 3287 1414 3320 qum
1441 3286 1458 3305 a
1479 3271 1576 3305 nobis
1593 3270 1737 3304 minime
1765 3269 1912 3314 intelligi
1929 3277 2041 3315 potest
2056 3289 2065 3299 .
2091 3266 2235 3300 Consul.
2247 3265 2327 3299 Ma-

1226 3333 1342 3359 ximus
1367 3320 1500 3367 Tyrius
1523 3317 1670 3354 Dissert-
1698 3315 1833 3351 XXVI.
