2583 3685
835 141 1025 188 UNICA
1061 143 1336 189 PERSONA
1371 144 1437 191 IN
1471 146 1508 190 J.
1541 147 1590 190 C.

59 225 335 268 indivisibilem
351 236 428 262 esse
448 250 461 270 ,
488 233 564 262 non
578 221 710 275 utique
731 224 941 262 secundum
971 234 1145 262 naturam
1162 253 1173 272 ,

62 296 152 336 quas
178 281 333 335 gemina
363 278 498 329 inipso
527 286 606 324 est,
635 278 698 315 sed
727 278 934 316 secundum
953 290 1172 329 personam,

93 348 153 374 uo
178 331 321 373 nonnisi
353 344 423 368 una
447 339 524 375 est3
554 339 592 367 ut
614 332 772 382 proinde
801 330 930 369 nullus
960 339 1050 368 esset
1066 330 1174 378 fini-1,

61 401 94 428 u
107 387 234 425 oannis
251 383 364 433 hujus
379 383 418 422 S.
432 383 550 422 Patris
564 386 775 422 testimonia
791 384 1003 423 exscribere
1019 384 1173 421 vellem.

114 438 180 477 35.
209 436 336 477 Etiam
373 437 414 477 S.
444 438 651 489 Gregorius
681 437 772 477 Naz.
800 439 906 476 Orat.
935 436 1086 476 xxxi.
1128 437 1174 474 de

61 490 192 533 Verbo
218 500 360 530 aterno
380 490 562 544 loquens,
593 489 756 538 Mquod
784 504 862 529 non
878 499 992 537 erat,
1022 489 1172 541 inquit,

58 548 276 595 assumpsit
294 574 304 589 ‚
335 557 415 582 non
443 543 519 583 duo
536 544 709 596 jactus,
750 543 819 582 sed
847 555 970 580 unum
998 554 1050 580 ex
1079 540 1173 578 duo-

58 595 247 689 bussei-2·
275 601 475 636 sustinens
484 613 500 642 ,·
547 597 658 637 Deus
685 602 793 635 enim
821 596 941 634 ambo
968 603 1057 632 sunt
1079 609 1093 638 ;
1133 594 1173 632 id

58 664 136 702 quo
192 656 410 701 assumpsit
426 682 437 699 ‚
467 652 517 693 (9·
537 650 637 702 quod
656 659 906 697 assumptum
932 656 1021 687 est:
1050 656 1167 686 natu-

58 717 120 743 rae
149 704 240 743 duoe
266 709 309 743 in
324 718 463 753 νμηυνη
491 712 795 747 concurrentes.

41 803 43 805 ¹
115 757 180 797 36.
209 758 266 798 Ex
298 758 428 798 latinis
455 768 582 798 autem
599 756 770 795 Patribus
784 755 877 793 duos
897 753 1076 807 allegasse
1091 755 1170 794 suf-

57 810 186 858 ficiat3
215 813 278 851 sed
325 825 457 850 uorum
481 812 678 851 auctoritas
698 818 796 847 tauta
811 816 891 855 est,
922 818 960 846 ut
989 809 1067 848 sola
1082 823 1172 847 con-

59 872 117 903 tra
145 879 273 905 omnes
294 828 534 904 ‘hesionam
559 861 747 910 sufficiat,
792 861 1036 901 Ambrosium
1068 876 1174 901 nern-

58 931 108 970 pe
129 948 141 966 ,
179 918 338 972 ejusque
365 920 406 957 in
435 918 518 956 Deo
544 915 671 956 filium
701 915 982 967 Augustinum.
1025 915 1175 954 Primus

60 970 111 1010 de
143 970 352 1011 Incamat.
381 983 467 1022 cap.
492 970 530 1007 5.
558 966 654 1006 Νοη
681 968 811 1017 alter,
840 970 992 1021 iuquit,
1021 982 1075 1008 ex
1097 969 1174 1007 P..-

61 1032 122 1064 tre
137 1054 149 1073 ,
178 1026 282 1064 alter
300 1036 354 1063 ex
369 1021 557 1076 Virgine:
586 1020 656 1061 sed
683 1021 791 1061 idem
819 1022 938 1061 aliter
954 1035 1008 1060 ea:
1030 1022 1174 1073 Patre,

58 1078 179 1116 aliter
205 1091 260 1117 ex
288 1075 473 1128 Virgine.
515 1074 557 1114 S.
585 1085 714 1115 autem
746 1076 976 1127 Augustinus
1018 1078 1056 1115 in
1086 1075 1172 1114 En-

56 1129 220 1170 chiridio
246 1144 333 1183 cap.
365 1130 433 1170 35.
461 1129 575 1168 Tom.
605 1128 674 1167 Vl.
717 1127 855 1177 Unus,
898 1130 1052 1182 inquit,
1096 1129 1173 1167 Dei

57 1180 208 1232 Elius,
237 1183 420 1235 idemque
449 1182 620 1222 hominis
637 1181 756 1220 Filius
771 1196 785 1219 .·
814 1194 915 1220 unus
936 1181 1174 1236 horninisfi-

36 1235 131 1284 ‘lius
150 1266 163 1286 ,
203 1236 388 1287 idemque
416 1235 496 1275 Dei
525 1235 675 1273 Filius:
718 1249 798 1273 non
845 1234 921 1274 duo
949 1234 1034 1274 filii
1063 1236 1173 1286 Dei,

58 1287 200 1337 Deus,
227 1292 278 1332 (9⁰
307 1290 451 1338 homo,
479 1287 550 1327 sed
578 1301 678 1326 unus
708 1287 786 1326 Dei
806 1287 953 1328 Filius:
984 1289 1094 1328 Deus
1122 1295 1173 1329 si·

59 1355 112 1382 ne
139 1346 249 1381 initio
269 1372 280 1391 ,
310 1341 426 1380 bomo
453 1355 480 1380 a
510 1351 616 1380 certo
645 1346 782 1390 initio,
811 1341 1010 1381 Dominus
1039 1353 1174 1383 noster

57 1394 173 1435 Iesus
221 1395 424 1435 Christus.
466 1395 514 1435 Et
544 1395 674 1434 Tract.
703 1395 849 1434 XLIX.
891 1399 930 1435 in
959 1397 1173 1447 Joannem,

58 1449 213 1488 Anima
232 1479 244 1498 ‚
272 1449 322 1491 69·
341 1461 440 1487 caro
464 1448 608 1488 Christi
635 1461 725 1487 cum
744 1446 871 1488 Verbo
885 1449 963 1489 Dei
985 1465 1068 1489 una
1086 1465 1172 1504 per-

56 1514 159 1540 sona
187 1510 273 1551 ese,
302 1515 402 1540 unus
434 1501 635 1541 Christus.

113 1555 180 1606 37.
208 1555 547 1607 supervacaneum
577 1564 706 1594 antem
735 1566 854 1606 esset,
897 1556 1021 1597 Patres
1050 1560 1173 1598 nomi-

60 1621 182 1657 nare,
209 1610 278 1662 qui
297 1608 470 1648 Nestorio
486 1609 546 1649 vet
567 1611 690 1648 coaevi
706 1639 718 1657 ‚
749 1609 809 1648 vel
840 1614 1059 1663 posteriores
1089 1614 1171 1650 fue·

56 1673 98 1700 re
115 1692 127 1710 ‚
155 1675 245 1701 cum
274 1663 518 1702 manifestum
547 1664 622 1712 sit,
664 1664 776 1701 totius
803 1663 990 1703 Ecclesiae
1019 1677 1172 1704 consen-

46 1728 101 1766 ,ευ
130 1716 295 1767 impiam
322 1715 428 1756 illius
448 1715 627 1756 haeresim
658 1716 771 1754 fuisse
799 1717 1015 1756 damnatam
1035 1745 1045 1756 .
1074 1719 1172 1756 Con-

31 1776 114 1816 ¹tra
141 1768 302 1808 Nestorii
333 1769 511 1809 haeresim
552 1769 756 1809 classicum
791 1772 898 1822 quasi
936 1772 1101 1810 insonuit
1131 1770 1172 1810 S.

58 1820 214 1861 Proclus
240 1822 453 1875 Cyzicenus
471 1822 685 1875 Episcopus
714 1822 902 1875 praeclara
933 1824 1104 1862 Homilia
1132 1828 1173 1862 in

56 1873 288 1925 Deiparam
317 1874 448 1914 habita
475 1889 575 1915 anno
588 1876 703 1928 429.;
732 1885 814 1914 tum
842 1877 977 1915 deinde
1006 1880 1046 1916 in
1068 1877 1173 1918 ‚cele-

55 1926 118 1966 bri
134 1929 243 1980 epist.
267 1929 316 1968 ad
331 1928 593 1969 Armeniosde
612 1929 903 1969 lucar-natione
919 1960 930 1978 ,
959 1931 992 1967 ἃ
1016 1932 1054 1969 in
1082 1945 1173 1970 non-

55 1980 176 2020 nullis
203 1982 447 2022 Orationibus
463 2011 474 2030 ,
517 1997 612 2035 quas
641 1992 765 2036 postea
792 1984 1173 2035 Constantinopolita-

56 2047 128 2074 nus
157 2033 374 2075 Patriarcha
404 2037 521 2074 factas
555 2037 603 2076 ad
647 2036 836 2089 populum
877 2051 990 2076 suum
1038 2037 1173 2076 habuit

57 2091 122 2138 (a)
140 2114 151 2127 .
181 2089 345 2129 Aeacius
372 2088 556 2128 Militinae
587 2091 625 2128 in
648 2091 831 2128 Armenia
860 2091 999 2128 minori
1016 2090 1172 2143 Episco-

55 2154 148 2192 pus,
179 2141 329 2182 Marius
357 2141 579 2191 Mercator,
607 2143 667 2181 Jo.
696 2143 918 2192 Cassianus,
947 2143 982 2180 8:
1011 2146 1172 2196 quipri-

52 2207 120 2233 mo
146 2193 231 2234 loco
258 2196 512 2236 nominandus
540 2205 648 2244 erat,
675 2196 716 2235 S.
746 2196 920 2248 Cyrillus
944 2197 1171 2235 Alexandri-

53 2261 151 2296 nus,
192 2248 338 2302 aliique
367 2259 496 2288 contra
527 2249 970 2301 pestilentem-haeresim
1001 2262 1077 2299 qua
1107 2261 1171 2286 vo-

51 2315 124 2348 ce,
152 2315 231 2353 qua
256 2303 408 2353 scriptis
434 2311 682 2354 pugnarunt3
710 2314 874 2353 quornm
904 2302 1100 2339 docrinam
1130 2315 1170 2338 a-

54 2351 100 2391 lii
129 2353 310 2406 deinceps
335 2353 531 2392 orthodoxi
562 2354 686 2392 Patres
716 2355 834 2392 secuti
863 2363 974 2400 sunt3
1003 2354 1171 2393 maxime

54 2415 182 2444 autem
211 2405 252 2445 S.
281 2406 444 2446 Joannes
480 2407 739 2446 Damascenus
767 2407 867 2447 Saec.
898 2406 1002 2446 Vlll·.
1039 2407 1170 2448 claris-

53 2459 174 2499 simus
203 2458 261 2510 (ὂ)
278 2484 290 2499 .
312 2492 315 2495 Α

111 2513 176 2552 38.
206 2511 337 2551 Plures
365 2514 479 2552 etiam
509 2514 556 2553 ad
585 2513 655 2552 hoc
697 2513 1003 2553 confirmandum
1033 2525 1168 2554 nostra:

54 2565 149 2605 fidei
177 2566 315 2619 dogma
345 2569 508 2606 rationes
535 2567 643 2606 affert
670 2567 831 2606 Sanctus
860 2567 1027 2606 Thomas
1064 2569 1169 2606 laud.

52 2633 171 2672 supra
200 2620 310 2659 Libr.
342 2620 390 2660 V.
420 2630 547 2659 contr.
580 2620 701 2659 Gent.
730 2635 815 2673 cap.
847 2620 912 2667 34.
944 2620 1012 2659 illa
1041 2631 1169 2659 autem

51 2674 209 2725 prima,
246 2673 283 2711 St
312 2676 509 2726 praecipua
539 2684 619 2723 est,
662 2673 797 2713 haeresi
829 2674 1051 2712 Nestoriana
1081 2689 1165 2727 my-

44 2728 212 2766 sterium
243 2728 519 2768 incarnationis
547 2729 717 2767 funditus
745 2727 857 2774 tolii;
885 2727 1109 2767 inhabitatio
1128 2744 1165 2767 e·

49 2780 136 2819 nim
164 2780 300 2820 Divini
322 2781 442 2821 Verbi
471 2785 512 2821 in
542 2782 697 2820 homine
713 2795 780 2833 per
807 2784 968 2833 gratiam
999 2797 1071 2821 non
1087 2783 1165 2820 suf·

46 2832 163 2883 ficit,
207 2843 248 2874 ut
277 2835 453 2875 Verbum
482 2837 630 2875 dicatur
674 2837 936 2882 incarnatum3
981 2835 1167 2874 habitavit

51 2888 157 2927 enim
185 2888 361 2928 Verbum
390 2889 494 2938 Dei,
529 2889 564 2927 ἃ
595 2889 699 2928 Deus
729 2891 807 2942 ipse
836 2888 942 2927 Pater
974 2891 1013 2928 in
1041 2891 1165 2929 omni-

53 2936 130 2977 bus
156 2939 302 2981 Sanctis
329 2958 353 2981 a
380 2945 644 2983 constitutione
675 2943 806 2982 mundi
829 2974 840 2992 ,
883 2943 1090 2982 secundum
1121 2942 1167 2981 il-

54 2989 123 3029 lud
155 2995 183 3031 A
258 2994 323 3034 toli
344 3009 381 3035 2.
408 2998 455 3036 ad
470 2997 645 3036 Corinth.
663 2996 730 3035 Vl.
759 2996 817 3035 16.
849 2995 927 3035 Vos
956 3001 1048 3035 estis
1068 3006 1166 3035 tem-

56 3045 166 3097 plum
225 3051 259 3086 ei
287 3053 376 3098 vivi,
404 3055 502 3089 sicut
531 3050 622 3090 dicit
638 3050 858 3101 Dominus,
887 3056 1079 3105 quoniam
1108 3055 1168 3090 in-

111 3236 158 3270 (α)
186 3232 302 3266 Prima
336 3235 396 3269 illa
422 3236 574 3274 Romilia
598 3240 710 3277 Procli
751 3245 882 3281 inserta
921 3255 974 3282 est
1000 3248 1167 3283 Auctario

57 3292 140 3314 novo
166 3279 389 3315 Bibliothecae
412 3296 520 3328 graeeo
555 3289 670 3321 latina
700 3295 810 3326 nostri
836 3294 961 3330 Franc.
988 3297 1166 3330 Combesis

26 3335 35 3362 ’,
60 3326 164 3363 Tom-
193 3328 217 3359 l.
242 3338 319 3372 pag.
347 3331 428 3362 302.
453 3333 485 3363 ἀ
509 3343 580 3377 seq.

108 3374 155 3414 (ὁ)
185 3372 274 3421 Ejus
299 3374 596 3414 Dissertationum
620 3382 756 3417 advers·
780 3395 920 3424 exciam
935 3389 1012 3424 Deo
1037 3390 1167 3427 Nesco-

2210 163 2286 192 10!

1241 224 1476 262 habtcuhom
1498 226 1602 270 illis‚·
1632 238 1718 277 quae
1741 233 1865 267 tamen
1887 225 2111 267 inhabitatio
2140 240 2352 281 numquam

1240 278 1340 315 dictu
1372 279 1470 325 fuit,
1501 279 1557 316 vel
1590 279 1666 316 ‹lici
1698 290 1815 330 potest
1847 282 2082 320 incarnatio.

1300 330 1364 381 39.
1395 330 1526 382 Neque
1555 332 1669 369 etiarn
1700 334 1743 369 arl
1769 335 1949 373 rationein
1981 336 2248 375 incarnationis
2275 335 2354 375 sus-

1243 383 1350 429 ficit,
1380 385 1409 421 si
1440 384 1584 422 dicatur
1606 413 1618 429 ‚
1662 385 1833 424 Verbum
1863 388 1934 426 Dei
1962 389 2134 449 pleniore
2163 390 2283 439 gratia
2314 390 2353 426 in

1242 436 1392 474 Christo
1421 436 1509 474 Jesu
1555 436 1808 485 inhabitasse,
1851 444 1941 492 quia
1969 445 2118 492 magis,
2162 446 2195 479 ἃ
2227 445 2353 481 minus

1242 491 1408 541 speciem
1440 503 1515 526 non
1548 491 1688 528 fuciunt
1716 491 1930 531 diversam.
1968 496 2009 533 Si
2040 497 2154 545 igitur
2181 496 2353 534 substau-

1241 542 1367 590 tialis‚
1400 541 1444 578 ’ἃ
1475 542 1709 595 hypostatica
1740 558 1786 581 ne
1814 554 1892 584 etur
1923 552 2014 586 unio
2047 552 2212 586 duarum
2241 547 2353 586 Chri·

1241 597 1286 635 sti
1317 606 1566 645 naturarum,
1595 604 1714 634 totum
1735 598 1783 634 tol
1807 600 1879 637 itur
1909 601 2182 640 incarnationis
2210 613 2248 646 m
2280 609 2353 639 ste·

1240 653 1376 698 rium,
1417 650 1520 704 quod
1562 649 1853 692 fundamentum
1894 663 1943 691 est
1980 655 2206 695 Christiauae
2284 654 2354 694 eli—

1236 717 1357 757 gionis
1377 729 1388 741 .

1293 758 1360 803 40.
1393 758 1546 796 Accedit
1576 757 1610 794 ἃ
1641 757 1708 797 illa
1736 759 1832 797 ratio
1859 762 2015 800 omniuo
2042 762 2204 810 efficax,
2251 761 2354 815 quod

1231 812 1471 864 ‚pronomina
1498 812 1792 851 demonstrativa
1809 814 2022 852 referuntur
2049 816 2096 853 ad
2126 828 2323 867 personam
2340 844 2351 864 ,

1243 864 1304 903 vel
1334 864 1593 917 hypostasim,
1625 864 1684 903 vel
1713 870 1975 918 suppositum:
2014 870 2077 908 sed
2107 870 2214 908 Jesus
2241 868 2354 907 Chri-

1243 927 1320 956 stus
1363 919 1456 957 dicit
1485 919 1531 957 de
1573 919 1696 970 seipso
1722 918 1782 958 Jo.
1813 919 1916 958 vlu.
1948 922 2011 960 25.
2041 924 2270 974 Antequam
2304 922 2354 959 A·

1240 970 1411 1010 braham
1429 972 1556 1025 fieret
1576 1002 1587 1020 ‚
1617 985 1690 1024 ego
1717 985 1835 1023 sum,
1864 974 1899 1011 ἃ
1926 988 2011 1027 cap.
2040 976 2093 1014 X.
2124 976 2212 1015 5o.:
2241 973 2353 1028 Ego,

1239 1025 1290 1067 <9¹
1321 1025 1442 1063 Pater
1470 1039 1594 1069 unum
1622 1039 1789 1072 sumus;
1832 1027 1865 1064 &z
1893 1028 2007 1081 plura
2043 1029 2146 1078 alia,
2187 1041 2276 1082 quae
2307 1028 2355 1066 ad

1239 1078 1475 1117 divinitatem
1499 1079 1618 1118 Verbi
1649 1083 1858 1131 pertinent:
1898 1082 2142 1122 manifestum
2165 1092 2217 1122 est
2245 1094 2354 1133 ergo,

1241 1146 1441 1185 personam
1471 1133 1559 1171 Jesu
1587 1131 1728 1172 Christi
1757 1148 1835 1172 esse
1862 1134 2062 1185 divinam,
2099 1150 2186 1189 qua:
2219 1138 2256 1175 in
2285 1138 2355 1174 du·

1243 1186 1334 1238 plici
1364 1195 1499 1225 natura
1527 1187 1683 1233 divina,
1713 1185 1747 1222 ἃ
1777 1187 1946 1227 humana
1974 1190 2165 1228 subsistit.

1227 1282 1242 1298 ·
1297 1239 1362 1285 άι.
1393 1239 1611 1290 Objiciebat
1640 1241 1766 1290 primo
1783 1240 1976 1280 Nestorius
1995 1257 2038 1281 ea
2060 1242 2270 1295 Scripturas
2301 1242 2355 1280 lo-

1241 1306 1315 1341 ca,
1346 1294 1383 1330 in
1413 1293 1553 1346 quibus
1582 1302 1716 1331 natura
1736 1292 1877 1332 Christi
1907 1294 2078 1334 humana
2108 1304 2261 1334 vocatur
2277 1296 2355 1347 pri·

1242 1359 1306 1385 mo
1346 1346 1555 1385 divinitatis
1590 1347 1812 1396 templum,
1855 1356 1893 1386 ut
1922 1347 1981 1386 Jo.
2012 1349 2062 1386 ΙΙ.
2097 1361 2157 1401 ¹9·
2186 1348 2357 1388 Christus

1241 1400 1287 1439 de
1305 1414 1373 1438 sua
1402 1399 1635 1439 humanitate
1655 1401 1771 1439 dicit:
1801 1400 1944 1440 Solvite
1964 1402 2157 1454 templum
2178 1401 2248 1440 hoc
2265 1432 2277 1450 ‚
2306 1403 2356 1442 (9'

1241 1453 1361 1492 tribus
1390 1453 1522 1493 diebus
1550 1453 1733 1492 excitabo
1747 1453 1843 1493 illud
1859 1480 1914 1493 ....
1936 1454 2007 1493 Ille
2034 1465 2172 1494 autem
2201 1453 2357 1494 diceba:

1241 1506 1288 1545 de
1317 1509 1463 1558 templo
1491 1512 1662 1557 corporis
1691 1512 1776 1546 sui.
1820 1508 1996 1548 Secundo
2031 1518 2186 1548 vocatur
2226 1506 2356 1546 taher-

1241 1562 1460 1610 mzcfflum,
1501 1563 1550 1601 ad
1580 1562 1700 1600 Hebr.
1731 1561 1837 1600 V111.
1868 1576 1934 1610 2.,
1963 1562 1997 1599 &
2029 1563 2098 1601 IX.
2135 1576 2195 1600 ιι.
2226 1562 2356 1600 Tertio

1239 1613 1419 1663 habitus,
1454 1616 1504 1656 (9·
1534 1619 1833 1664 vestimentum,
1861 1616 1908 1654 ad
1939 1614 2109 1668 Philipp.
2127 1616 2176 1654 11.
2196 1629 2233 1667 7.
2263 1614 2352 1656 Ha.-

1239 1665 1318 1704 ὀίω
1346 1672 1552 1715 inventus,
1582 1678 1622 1706 ut
1652 1668 1788 1708 homo:
1831 1682 1907 1707 non
1937 1682 2025 1719 ergo
2053 1669 2215 1707 absurde
2246 1671 2355 1720 poni-

1241 1729 1301 1759 tur
1329 1721 1368 1759 in
1396 1719 1546 1758 Christo
1573 1721 1660 1760 Jesu
1691 1723 1782 1759 unio
1809 1722 2022 1760 divinitatis
2058 1735 2147 1759 cnm
2178 1721 2355 1761 humani-

1241 1783 1313 1812 tate
1342 1772 1582 1821 solummodo
1609 1774 1793 1821 moralis,
1836 1783 1971 1825 negata
2001 1776 2143 1812 unione
2185 1774 2356 1812 substan-

1241 1827 1322 1866 tiali
1341 1857 1352 1875 ,
1381 1836 1494 1879 atque
1522 1826 1782 1879 hypostatica.

1295 1881 1362 1926 42.
1393 1879 1602 1932 Respond.,
1633 1878 1729 1928 has,
1757 1879 1792 1916 8t
1811 1888 1952 1919 ceteras
1980 1879 2097 1932 hujus
2123 1883 2269 1933 generis
2297 1895 2353 1920 sa-

1239 1947 1398 1973 crarum
1425 1933 1716 1986 Scripturarum
1759 1932 1963 1973 locutiones
2004 1949 2078 1973 non
2109 1949 2185 1974 esse
2215 1935 2356 1975 intelli-

1240 1988 1383 2040 gendas
1412 1988 1450 2026 in
1479 2001 1590 2026 sensu
1620 1987 1797 2040 proprie,
1826 1988 1861 2025 ἃ
1891 1988 2043 2026 litterali
2073 1989 2120 2025 ad
2151 1988 2358 2030 excluden-

1240 2042 1330 2080 dam
1349 2042 1541 2086 ‚unionem
1572 2039 1876 2092 hypostaticam,
1918 2055 2035 2093 quam
2077 2041 2172 2079 alibi
2211 2042 2355 2080 eaedem

1241 2108 1359 2134 sacrae
1402 2094 1538 2133 litterae
1568 2103 1644 2132 tam
1675 2093 1887 2131 luculenter
1930 2096 2176 2146 exprimunt:
2224 2095 2288 2134 sed
2319 2097 2356 2134 in

1242 2147 1321 2186 alio
1349 2161 1458 2186 sensu
1487 2146 1647 2194 latiore,
1677 2146 1724 2184 ad
1753 2145 1979 2198 explicanda
2009 2162 2079 2195 es,
2139 2162 2197 2185 uae
2229 2151 2268 2187 in
2286 2148 2355 2191 hoc

1240 2202 1423 2251 mysterio
1437 2201 1672 2251 contigerunt
1689 2199 1792 2238 ..Sic
1807 2199 1978 2239 Christus
1996 2163 2254 2254 metaphorice
2274 2215 2356 2241 cor·

1244 2267 1314 2304 pus
1343 2266 1456 2291 suum
1485 2251 1693 2304 appellavit
1712 2253 1903 2303 templum
1920 2283 1932 2301 ,
1964 2255 2162 2294 utJudaeis
2187 2257 2355 2300 futuram

1240 2307 1298 2344 sui
1346 2306 1518 2358 corporis
1561 2304 1846 2346 dissolutionem
1877 2321 1944 2360 per
1986 2318 2168 2358 mortem,
2213 2308 2247 2345 ἃ
2275 2318 2356 2362 post

1240 2359 1409 2397 triduum
1427 2360 1737 2398 resurrectionem
1765 2361 2011 2413 praediceret.
2043 2363 2123 2401 Hoc
2151 2376 2241 2415 ergo
2259 2373 2354 2402 tein-

1239 2411 1348 2465 plum
1363 2412 1537 2452 Christus
1565 2413 1802 2453 inhabitabat
1830 2429 1898 2466 per
1926 2418 2097 2455 animam
2127 2417 2202 2454 sibi
2233 2416 2352 2469 hypo-

1238 2469 1366 2506 statice
1396 2468 1570 2513 unitam3
1590 2466 1788 2520 ,illudque
1815 2469 2100 2508 dissolvendum
2129 2480 2234 2518 erat,
2270 2471 2352 2508 ani-

1237 2533 1303 2558 ma
1330 2521 1379 2559 ab
1407 2520 1541 2559 eodem
1570 2523 1608 2559 in
1637 2522 1763 2559 triduo
1793 2524 1922 2561 :nortis
1950 2532 2146 2574 separata5
2175 2525 2269 2575 quin
2291 2531 2352 2567 lta-

1238 2587 1328 2612 men
1355 2574 1535 2611 divinitas
1564 2574 1648 2624 ipsa
1674 2589 1698 2612 a
1726 2587 1883 2625 corpore
1910 2585 2148 2626 separaretur
2167 2605 2180 2623 ,
2218 2585 2256 2612 ut
2284 2587 2352 2613 suo

1240 2625 1324 2663 loco
1351 2625 1633 2676 explicabitur.

1289 2677 1355 2724 43.
1385 2678 1548 2716 Nomine
1576 2686 1702 2716 autem
1731 2676 1979 2718 tabernaculi
2007 2680 2048 2718 S.
2078 2679 2223 2719 Paulus
2249 2680 2348 2719 nihii

1233 2732 1339 2770 aliud
1370 2731 1572 2781 intelligit,
1600 2745 1718 2784 quam
1747 2732 1981 2772 sacrificium
2011 2733 2108 2773 illud
2126 2765 2137 2782 ,
2165 2734 2271 2786 qnod
2283 2735 2345 2773 Je-

1235 2800 1298 2824 sus
1315 2785 1486 2825 Christus
1514 2786 1573 2824 sui
1604 2787 1721 2836 ipsius
1748 2786 1889 2825 obtulit
1918 2797 2058 2825 esterno
2087 2786 2215 2837 Patri,
2247 2794 2346 2841 με·

1235 2838 1441 2891 figuratum
1475 2841 1512 2878 in
1543 2839 1741 2878 sacrificiis
1770 2842 1901 2878 veteris
1934 2841 2050 2891 legis,
2093 2856 2183 2894 quae
2212 2836 2345 2882 Sacer*-

1234 2892 1299 2933 dos
1335 2895 1374 2932 in
1417 2892 1675 2931 tabernaculo
1706 2893 1875 2932 mosaico
1918 2894 2128 2942 offerebat3
2176 2896 2346 2944 unde-,in

1236 2947 1362 2999 primo
1391 2946 1475 2985 loco
1503 2949 1567 2985 cit.
1596 2945 1636 2984 S.
1658 2945 1797 2984 Paulus
1826 2947 1871 2985 de
1900 2947 2048 2987 Christo
2074 2948 2161 2987 Jesn
2192 2947 2346 2990 Pontifi-

1235 3014 1278 3037 ce
1307 3001 1381 3038 ait:
1411 3000 1650 3038 Sanctorum
1681 3004 1888 3050 minister,
1915 3003 1964 3043 (θ’
1992 3002 2239 3050 tabernaculi
2257 3008 2347 3051 ¹reri

1237 3058 1254 3105 (
1284 3053 1374 3093 idest
1412 3053 1595 3094 Ecclesiae
1625 3068 1648 3094 a
1674 3053 1823 3093 Christo
1865 3055 2030 3096 fundatae
2059 3055 2076 3106 )
2105 3056 2344 3149 quodDfizic

2254 3125 2295 3152 οι-

1235 3253 1404 3284 riaemorum
1427 3248 1580 3284 haeresim
1613 3251 1748 3296 primus
1787 3260 1897 3296 graece
1930 3250 2136 3297 evulgavit,
2173 3251 2206 3282 ἃ·
2230 3247 2341 3294 prtum

1236 3298 1349 3331 Tomo
1375 3297 1520 3331 inseruit
1546 3306 1661 3332 noster
1687 3299 1722 3332 P.
1749 3298 1857 3333 mich.
1883 3299 2087 3344 lae-Qnien‚
2122 3295 2240 3332 addita
2263 3301 2341 3325 ver‘

1235 3345 1329 3380 sione
1354 3345 1464 3380 latina
1490 3342 1615 3380 Franc.
1641 3344 1832 3381 Turriani·
2276 3358 2284 3364 ·
