2583 3685
182 227 318 257 ,restra
346 220 460 257 sunt,
490 220 553 247 ros
582 216 717 245 autem
750 206 891 244 Christi
912 234 923 254 ,
956 204 1127 243 Christus
1155 214 1291 242 autem

186 269 262 306 Dei
282 292 293 304 .

238 331 304 370 9²·
334 314 458 353 Multo
485 312 610 351 minus
651 321 749 350 reete
777 310 957 361 objicitur
994 312 1192 348 auctoritas
1220 310 1289 347 Pa-

178 380 287 410 -trum
307 367 617 406 Tridentinorum
640 395 650 412 ‚
681 367 748 417 qui
778 378 820 401 eo
841 365 922 415 ipso
950 365 989 401 in
1020 362 1101 401 loco
1129 362 1288 401 salutem

178 432 350 462 nostram
380 426 601 458 enumerant
629 420 727 455 inter
751 416 844 454 alios
873 415 1151 466 justificationis
1180 416 1288 453 fines:

182 478 364 528 inquiunt
393 475 518 510 enim:
548 469 680 518 Hujus
712 469 1004 521 justificationis
1023 481 1159 506 causae
1178 477 1290 516 sunt,

182 528 321 579 finalis
367 525 525 575 quidem
570 518 709 575 gloriav
728 522 805 560 Dei
833 523 881 562 (9⁴
914 520 1054 559 Christi
1074 551 1084 569 ‚
1126 534 1177 559 ac
1213 526 1292 559 rita

172 573 339 620 ‘aeterna
367 579 529 616 hominis
557 575 751 627 justificati
768 602 777 613 .

238 634 303 684 95.
334 631 461 682 Objic.
492 631 625 667 tertio.
669 627 925 666 Tertullianus
969 627 1007 664 in
1037 626 1125 664 Lib.
1155 625 1203 663 de
1231 639 1292 663 re-

182 694 346 723 surrect.
376 687 512 722 carnis
540 697 626 733 cap.
646 681 685 720 6.
715 681 870 733 loquens
899 681 943 716 de
972 679 1098 730 prima
1128 678 1289 716 hominis

181 739 408 778 formatione
425 766 435 784 ,
469 734 748 788 Quodcumque
765 762 775 781 ,
796 735 873 781 ait,
904 733 1020 769 limus
1040 731 1290 781 exprimeba-

181 801 244 830 tur
260 782 284 838 ,²
304 789 477 828 Christus
505 787 754 839 cogitabatur
774 786 888 823 Izomo
903 785 1067 836 futurus
1165 783 1230 821 Ita
1246 784 1288 820 li-

181 858 271 882 mus
297 844 369 881 illa
393 844 487 894 jam
515 850 608 878 tunc
637 843 860 892 imaginem
881 837 1046 876 induens
1070 835 1288 889 Clzristifu-

183 902 260 934 turi
288 901 329 934 in
358 907 510 941 carne,
552 906 632 930 ηοη
662 902 821 930 tantum
850 891 929 929 Dei
955 903 1049 940 opus
1078 898 1192 937 erat,
1222 889 1291 927 sed

181 951 232 990 (9²
250 953 412 1000 pignus:
441 960 527 998 ergo
554 947 667 983 etiam
696 954 780 983 ante
798 944 890 982 Adae
919 943 1069 994 lapsum
1086 973 1096 990 ‚
1126 945 1204 980 imo
1223 956 1290 979 an-

182 1012 217 1041 te
245 994 362 1054 ipsiius
391 1001 485 1038 Adae
515 1000 803 1044 formationem,
849 997 1018 1034 Christus
1047 996 1289 1046 praedestina-

181 1066 238 1094 tus
267 1057 362 1101 erit,
393 1062 432 1090 nt
462 1055 500 1090 in
528 1065 642 1089 car-ne
672 1050 838 1087 humana
866 1057 1091 1100 appareret.

234 1107 301 1160 94.
330 1107 466 1157 Resp.,
497 1102 801 1152 Tertullianum,
832 1115 875 1139 ac
896 1099 1096 1138 nonnullos
1111 1099 1206 1138 alios
1220 1100 1290 1138 Pa-

178 1171 251 1198 tres
279 1159 455 1198 similiter
481 1157 700 1209 loquentes,
729 1155 892 1193 voluisse
907 1152 1029 1191 solum
1045 1153 1261 1203 significare
1277 1183 1289 1201 ‚

180 1214 372 1252 Christum
394 1211 602 1250 Dominum
632 1209 681 1246 ab
710 1217 850 1246 aeterno
877 1209 916 1245 in
944 1215 1067 1244 mente
1087 1205 1160 1244 Dei
1189 1220 1289 1258 prae-

179 1269 406 1305 destinatum
436 1264 668 1316 praecessisse
700 1262 932 1302 creationem
961 1258 1152 1306 hominis,
1199 1273 1288 1311 quae

182 1323 402 1370 intempore
431 1318 529 1354 facta
558 1316 656 1360 fuit3
685 1327 761 1352 non
790 1322 916 1350 autem
945 1312 1138 1349 dec-retum
1168 1312 1290 1350 incar-

180 1374 338 1410 nationis
368 1369 488 1407 Verbi
507 1368 581 1405 Dei
611 1367 843 1419 praecessisse
869 1366 1063 1403 decretum
1091 1366 1289 1404 creationis

179 1424 344 1462 hominis
361 1453 371 1470 ,
401 1422 434 1458 8t
456 1421 723 1474 praevisionem
740 1418 908 1470 ejusdem
925 1419 1069 1471 peccati
1086 1432 1097 1464 3
1126 1419 1172 1455 ad
1188 1419 1291 1469 quod

180 1476 343 1514 hominis
384 1474 644 1519 infortunium,
678 1472 937 1525 reparandum
966 1471 1070 1509 Deus
1112 1484 1180 1522 pro
1216 1472 1290 1508 im-

178 1543 310 1569 mensa
338 1542 405 1567 sua
432 1526 614 1566 charitate
642 1524 762 1565 voluit
791 1525 939 1563 Filium
976 1537 1088 1561 suum
1120 1525 1290 1574 unigeni-

179 1592 262 1623 tum
290 1583 465 1620 mittere.
495 1579 629 1627 Addo,
667 1579 780 1617 fuisse
809 1580 923 1616 etiam
951 1577 1211 1623 Tertulliani,
1239 1577 1290 1614 si-

179 1637 258 1673 cuti
304 1633 576 1672 nonnullorum
625 1631 790 1669 aliorum
832 1630 986 1668 Patrmn
1032 1630 1250 1679 opinionem
1275 1657 1287 1675 ,

181 1689 309 1727 Deum
352 1688 478 1736 ipsum
508 1684 679 1722 humana
708 1683 830 1719 forma
868 1682 1043 1720 indutum
1086 1680 1289 1730 plasmasse

182 1754 317 1792 eorpus
346 1739 462 1789 primi
492 1736 657 1773 hominis
685 1736 732 1771 ad
768 1735 1002 1784 imaginem,
1046 1733 1079 1768 8<
1108 1732 1288 1770 similitu-

181 1794 309 1831 dinem
340 1804 474 1836 suam3
504 1797 615 1841 prout
642 1787 858 1831 notavimus
887 1786 999 1825 Tom-
1031 1786 1078 1825 ΙΙ.
1106 1800 1194 1838 pag.
1230 1787 1291 1828 15.

179 1859 289 1884 mun.
319 1844 385 1896 67.

233 1901 300 1950 95.
329 1897 423 1948 Obj.
451 1905 612 1949 quarto.
643 1896 775 1950 Aliqui
792 1894 916 1936 Patres
930 1895 1087 1945 docent,
1116 1896 1289 1937 eamdem

181 1952 334 1988 omnino
369 1952 530 2001 gratiam
558 1949 699 1988 Christi
741 1951 854 1988 fuisse
895 1950 1074 1989 collatam
1101 1951 1257 2003 Angelis
1277 1982 1289 2000 ,

180 2018 226 2041 ne
246 2004 448 2050 caderent,
477 2015 565 2054 quae
582 2001 727 2040 homini
754 2003 840 2041 data
868 2004 941 2041 fuit
957 2034 968 2051 ,
1000 2012 1038 2041 ut
1060 2013 1288 2056 resurgeret.

178 2057 235 2094 Ita
263 2055 421 2094 Sanctus
448 2054 672 2105 Fulgentius
711 2055 801 2093 Lib.
835 2056 884 2093 ΙΙ.
912 2057 958 2093 ad
988 2056 1290 2095 Trasimundum

177 2123 264 2160 cap.
295 2109 332 2147 5.
362 2106 455 2145 Non
483 2108 570 2145 alia
599 2110 613 2157 (
643 2108 762 2157 gratia
792 2108 982 2158 )·inquit‚
1012 2118 1188 2146 stantem
1208 2111 1290 2147 Λη-

177 2163 310 2213 gelum
338 2175 365 2199 a
394 2164 513 2198 ruina
540 2163 661 2211 potuit
688 2155 908 2209 custodire,
956 2163 1032 2197 nisi
1059 2162 1129 2198 illa
1146 2192 1156 2209 ,
1195 2176 1287 2213 quoe

179 2216 337 2264 lapsum,
382 2213 582 2251 hominem
610 2222 695 2262 post
723 2217 885 2252 ruinam
914 2217 1034 2264 potuit
1058 2227 1255 2261 reparare
1276 2241 1287 2254 0

180 2267 330 2305 Clarius
356 2267 480 2304 adhuc
509 2267 665 2304 Sanctus
695 2266 905 2304 Bernardus
934 2266 1058 2305 Serm.
1087 2267 1216 2306 XXII.
1246 2270 1286 2306 in

178 2321 289 2358 Cant.
318 2334 355 2357 n.
385 2319 423 2357 6.
448 2333 541 2356 cum
570 2320 754 2366 dixisset,
784 2319 960 2358 Verbum
989 2321 1102 2358 fuisse
1131 2319 1288 2360 redem-

179 2377 353 2424 ptionem
384 2372 560 2424 Angelis,
589 2373 641 2409 ita
668 2381 793 2422 postea
820 2387 888 2410 sua
917 2372 999 2410 haec
1029 2373 1146 2411 verba
1175 2387 1289 2427 expo-

175 2427 262 2463 nit:
296 2426 371 2475 Qui
400 2429 528 2463 erexit
563 2423 765 2462 hominem
805 2425 990 2473 lapsum,
1033 2425 1137 2463 dedit
1166 2431 1290 2466 stanti

180 2479 351 2530 Angelo,
393 2491 444 2516 ne
472 2475 693 2525 laberetur,
733 2480 790 2514 sic
832 2479 943 2515 illum
972 2478 1021 2516 de
1063 2484 1291 2530 captivitate

177 2544 320 2569 eruens
336 2562 346 2579 ,
377 2535 476 2569 sicut
502 2530 646 2567 liunca
669 2532 894 2579 captivitate
923 2531 1163 2581 defendens.
1193 2533 1288 2571 Ver·

175 2584 273 2622 hum
303 2586 446 2635 igitur,
475 2585 588 2622 etiam
618 2597 691 2620 non
722 2593 901 2633 peccante
932 2584 1077 2622 Adamo
1095 2615 1105 2632 ,
1136 2597 1289 2639 propter

178 2637 340 2689 Angeios
368 2650 524 2676 carnem
552 2637 798 2689 suscepisset,
837 2646 877 2675 ut
905 2636 982 2675 iliis
1009 2639 1169 2690 gratiam
1198 2653 1288 2680 con-

179 2691 292 2729 ferret
308 2717 323 2729 .

230 2744 295 2794 96.
326 2743 535 2797 Respond.,
577 2742 732 2789 Sanctos
761 2743 1005 2796 Fulgentium
1023 2774 1034 2793 ,
1064 2744 1097 2781 St
1126 2745 1285 2785 Bernar-

178 2794 270 2832 dum
299 2797 421 2835 solum
459 2797 619 2835 voluisse
661 2798 794 2835 docere
836 2807 912 2835 tarn
943 2797 1123 2849 Angelis,
1167 2812 1285 2850 quam

180 2845 323 2886 homini
350 2851 492 2889 divinae
509 2852 644 2902 gratias
660 2850 849 2889 auxilium
871 2851 985 2888 fuisse
1005 2853 1260 2889 necessarium
1277 2867 1288 2897 ;

179 2898 258 2937 i-llis
286 2915 331 2938 ne
359 2905 561 2952 caderent,
604 2905 665 2942 isti
694 2913 733 2942 ut
761 2919 783 2941 a
811 2917 900 2942 casu
938 2913 1170 2954 resurgeret3
1211 2918 1289 2943 non

178 2959 305 2990 tamen
333 2957 463 2994 eodem
491 2957 604 2995 modo
620 2987 631 3007 ,
661 2957 722 2994 sed
739 2957 891 2996 diverso
911 2983 921 2994 .
951 2956 1029 2994 Illis
1049 2958 1194 3009 quippe
1207 2957 1290 2994 col-

181 3004 255 3041 lata
287 3005 356 3042 fuit
383 3011 500 3057 gratia
528 3010 603 3048 Dei
632 3011 844 3055 Creatoris3
891 3011 954 3047 isti
1001 3019 1129 3048 autem
1169 3011 1289 3061 gratia

182 3057 257 3095 Dei
286 3057 488 3098 Salvatoris
510 3088 520 3099 .
563 3063 750 3102 Audiatur
779 3065 858 3115 ipse
888 3063 1046 3101 Sanctus
1076 3063 1288 3101 Bernartius

181 3108 288 3148 laud·
317 3111 357 3148 iu
386 3110 468 3149 loco
495 3127 533 3152 n.
551 3115 588 3155 5.
605 3146 616 3164 ‚
648 3116 714 3154 ubi
744 3116 902 3168 loquens
919 3116 964 3154 de
981 3116 1136 3166 Verbo,
1166 3131 1288 3169 quan-

229 3274 277 3310 (α)
299 3269 390 3304 Vide

181 3328 267 3351 num
291 3317 370 3351 Lib.
398 3318 441 3351 11.
466 3317 602 3351 Incarn.
627 3316 731 3351 Verbi
756 3332 829 3365 cap·
857 3322 892 3355 6.

632 131 715 174 DE
750 126 1221 173 INCARNATIONE
1256 126 1425 169 SECT.
1457 126 1513 168 11.
1545 125 1686 168 DISS.
1719 128 1752 169 ἰ.
1786 127 1913 170 CAP.
1946 128 2025 170 ΙΙΙ.

1356 206 1405 242 do
1434 213 1512 241 erat
1540 204 1641 255 apud
1668 205 1796 242 Deum
1825 213 1909 242 ante
1937 206 2256 252 lncarnationem‚
2285 203 2332 242 In
2350 207 2456 256 prin·-

1356 260 1482 306 cipio,
1512 255 1660 306 inquit,
1689 255 1895 306 Sapientia
1910 266 1996 295 erat
2017 288 2027 306 ‚
2057 267 2144 296 erat
2166 260 2340 306 justitia,
2370 268 2459 296 erat

1357 308 1626 361 sanctificatio
1644 337 1654 356 ,
1683 309 1732 348 <9⁶
1761 308 2001 360 redemptio,
2041 310 2111 349 sed
2139 306 2327 363 AngeliS.
2370 311 2459 348 Per-

1355 365 1409 413 git
1436 362 1569 400 deiude
1597 361 1790 398 ostendere
1811 389 1821 408 ,
1850 363 2037 412 quomodo
2065 363 2166 402 idem
2187 373 2370 405 aeternum
2387 365 2460 403 Dei

1358 415 1531 454 Verbum
1559 413 1669 451 nobis
1698 412 1838 450 factum
1868 415 1913 451 sit
1940 416 2122 465 sapientia
2150 416 2190 453 in
2219 417 2461 469 praedicatio-

1357 483 1403 506 ne
1421 497 1431 516 ,
1462 467 1603 518 justitia
1632 468 1670 503 in
1699 464 1935 503 absolutione
1955 475 2191 517 peccatorum
2212 498 2223 516 ,
2251 471 2461 510 sanclifica—

1358 523 1410 559 tio
1432 522 1468 557 in
1490 520 1796 566 conversatione,
1826 531 1941 570 quam
1970 518 2105 557 habuit
2131 533 2220 559 eum
2255 526 2460 573 peccato-ri-

1358 574 1456 620 bus,
1487 573 1521 608 8<
1548 572 1762 623 redemptio
1790 574 1830 608 in
1859 574 2068 621 passione,
2097 585 2212 622 quain
2241 587 2311 625 pro
2330 590 2461 626 pecca-

1359 626 1502 665 toribus
1532 627 1728 665 sustinuit.
1758 623 1943 661 Praeterea
1973 624 2073 662 idem
2095 623 2305 664 mellifluus
2324 627 2463 667 Doctor

1359 678 1482 717 Serm.
1512 681 1552 717 in
1582 679 1693 717 Feria
1713 676 1781 716 IV.
1811 676 2049 714 Hebdomad.
2078 685 2218 714 sanctae
2245 692 2284 716 n.
2309 692 2368 719 ιο,
2398 695 2462 733 po.

1356 740 1504 783 stquam
1539 731 1784 778 ostendisset,
1825 731 1985 782 gratiam
2027 730 2207 781 pastionis
2244 730 2461 775 Dominicae

1358 786 1653 835 potentissimam
1677 798 1753 821 esse
1782 783 1829 820 ad
1858 780 2113 820 exhaurienda
2126 784 2301 821 omnium
2332 799 2464 836 pecca.

1357 844 1420 884 ta,
1450 837 1596 875 subdit:
1628 836 1705 874 Sed
1720 840 1804 886 quis
1831 840 1904 873 scit
1924 865 1935 883 ,
1965 838 1998 871 st
2019 834 2117 872 data
2146 845 2203 872 est
2219 836 2314 873 milii
2329 836 2352 873 Ρ
2382 838 2465 876 Mt-

1357 889 1395 926 ht
1425 888 1524 926 data
1554 899 1637 937 est,
1667 895 1761 939 quia
1789 889 1904 926 alteri
1934 887 2022 925 dari
2051 901 2131 924 non
2157 893 2305 937 potuit.
2336 889 2465 929 ZVum—

1358 942 1449 990 quid
1480 942 1631 993 Angelo
1648 940 1670 977 Ρ
1699 941 1776 980 Sed
1792 942 1854 979 ille
1882 955 1962 978 nori
1992 945 2122 991 eguit.
2151 940 2357 993 Numquid
2377 943 2466 982 dia—

1359 992 1482 1031 holo?
1509 994 1587 1031 Sed
1615 995 1679 1031 ille
1708 1008 1787 1032 non
1816 997 2010 1046 resurgit.
2042 993 2123 1032 Non
2144 1008 2231 1045 ergo
2245 997 2365 1046 gratia
2381 996 2464 1036 Sal-

1358 1047 1522 1093 vatoris,
1560 1059 1652 1097 quas
1677 1060 1722 1083 ex
1752 1047 1855 1085 iliius
1884 1050 2054 1099 passione
2084 1048 2122 1084 iu
2150 1060 2216 1085 nos
2244 1049 2467 1100 derivatur,

1359 1097 1512 1150 Angelis
1541 1098 1678 1135 collata
1705 1100 1778 1135 fuit
1795 1125 1806 1136 .

1411 1165 1477 1204 97.
1507 1151 1638 1200 Objic.
1680 1151 1836 1202 quinto„
1886 1151 2073 1202 Ru-pertus
2103 1152 2230 1192 Abbas
2260 1152 2465 1196 Tuitiensis

1358 1205 1397 1242 in
1428 1202 1515 1242 Lib.
1537 1203 1626 1242 XII.
1656 1203 1704 1241 de
1762 1204 1887 1250 loria,
1917 1205 1966 1246 (ἐν
1996 1204 2138 1241 honore
2158 1205 2244 1244 Filii
2273 1207 2466 1258 hominis,

1358 1271 1402 1296 ex
1432 1269 1507 1309 quo
1535 1257 1693 1303 Sancti,
1724 1217 1892 1293 {Electi
1922 1258 2103 1293 nascituri
2133 1268 2248 1296 essent
2275 1264 2389 1300 etiam
2409 1265 2465 1301 ci-

1358 1320 1413 1349 tra
1435 1319 1632 1361 peccatum
1649 1339 1659 1356 ,
1679 1310 1817 1356 infert,
1846 1307 2060 1345 absurdum
2076 1320 2161 1346 esse
2172 1320 2313 1357 putare
2331 1341 2341 1360 ,
2362 1314 2465 1364 quod

1357 1372 1512 1414 propter
1532 1377 1596 1400 eos
1617 1371 1657 1399 ut
1676 1370 1910 1399 nasceretur
1925 1392 1935 1409 ,
1964 1371 2174 1410 peccatum.
2194 1373 2468 1404 necessarium

1344 1415 1477 1468 fuerit
1495 1443 1505 1454 .
1549 1416 1597 1453 Et
1626 1416 1671 1455 de
1700 1415 1847 1454 Christo
1875 1415 1978 1452 addit
2006 1416 2106 1466 quod
2134 1428 2303 1454 causam
2333 1432 2469 1457 neces—

1356 1473 1513 1507 sariam
1542 1482 1620 1506 non
1650 1467 1824 1505 habuerit
1853 1471 1981 1517 ipsum
2008 1478 2218 1516 peccatum
2240 1499 2250 1518 ‚
2282 1480 2322 1506 ut
2352 1471 2468 1510 homo

1345 1523 1470 1574 fieret
1499 1535 1551 1560 ex
1580 1519 1795 1559 hominibus
1816 1546 1826 1557 .
1856 1521 1980 1572 Atque
2011 1520 2107 1558 lianc
2136 1524 2358 1561 sententiam
2380 1539 2465 1575 pro—

1356 1577 1421 1613 bat
1448 1588 1493 1612 ex
1522 1576 1568 1612 iis
1611 1573 1735 1612 verbis
1764 1573 1943 1611 Proverb.
1974 1572 2078 1610 VIM.
2108 1573 2307 1614 Dominus
2335 1590 2465 1628 posse·

1357 1627 1411 1664 (lit
1443 1640 1507 1664 me
1535 1630 1575 1663 in
1604 1630 1714 1664 init-io
1742 1629 1896 1665 viarum
1924 1638 2088 1663 suarum
2108 1641 2122 1670 ,·
2151 1641 2238 1679 quae
2269 1629 2322 1666 sic
2351 1631 2466 1668 inter-

1357 1689 1545 1732 pretatur,
1577 1689 1614 1716 ut
1642 1679 1812 1717 Christus
1843 1679 1954 1716 fuerit
1984 1681 2021 1715 in
2050 1679 2181 1717 divino
2199 1680 2381 1730 consilio,
2411 1693 2464 1721 at-

1358 1747 1431 1785 que
1461 1733 1652 1785 proposito
1679 1731 1967 1785 praedestinatus
1983 1741 2064 1769 tutte
2083 1735 2354 1785 praevisionem
2376 1750 2463 1787 pec·

1358 1788 1432 1828 Gaii.
1451 1811 1465 1826 ο
1667 1838 1669 1840 η
2413 1826 2417 1831 .

1409 1837 1478 1896 98.
1509 1841 1695 1896 Respondi.
1713 1874 1723 1892 ,
1754 1858 1826 1882 non
1855 1851 1965 1883 tantae
1996 1858 2075 1882 esse
2097 1842 2309 1896 Rupertum
2338 1854 2466 1883 aucto-

1358 1899 1478 1936 ritatis
1499 1927 1509 1946 ,
1540 1907 1579 1934 ut
1608 1897 1666 1936 Ss.
1695 1897 1922 1935 Doctoribus
1952 1898 2187 1950 Augustum,
2217 1898 2250 1935 &
2281 1898 2467 1947 Thomas,

1355 1951 1518 2003 aliisque
1537 1949 1711 1989 Patribus
1741 1952 1972 2002 aequiparari
2003 1953 2115 2003 possit
2145 1952 2207 2002 (a)
2226 1978 2236 1989 .
2269 1950 2374 1989 Ratio
2403 1966 2468 1989 ve·

1356 2017 1425 2052 ro,
1463 2018 1580 2055 quam
1609 2004 1655 2041 ad
1684 2017 1790 2041 suam
1819 2006 2037 2042 sententiam
2068 2003 2201 2052 affert,
2246 2004 2372 2054 judice
2400 2004 2469 2042 Pe.

1356 2058 1456 2097 tavio
1488 2058 1562 2106 (in
1591 2057 1668 2094 fine
1689 2056 1798 2093 Libri
1819 2056 1868 2093 ΙΙ.
1897 2056 1943 2094 (le
1972 2055 2184 2094 lucarnat.
2207 2056 2465 2108 )falsa,est,

1355 2110 1405 2151 <9-
1423 2108 1546 2160 falsa
1573 2109 1647 2147 loci
1675 2109 1775 2147 illius
1795 2121 1816 2145 e
1833 2107 2046 2146 Proverbiis
2067 2112 2387 2159 interpretatione
2407 2115 2467 2147 nie

1354 2167 1474 2199 titur.
1512 2163 1696 2200 Eamdem
1729 2163 1909 2199 rationem
1941 2161 2122 2213 Ruperti,
2166 2162 2224 2200 vel
2255 2163 2463 2200 admodum

1354 2214 1519 2252 similem
1548 2215 1623 2252 sibi
1650 2214 1840 2264 objecerat
1869 2214 2026 2253 Sanctus
2047 2215 2214 2252 Thomas
2243 2214 2300 2253 his
2320 2216 2466 2254 verbis:

1355 2293 1381 2317 >3
1410 2266 1697 2306 Praedestinatio
1726 2267 1800 2305 Dei
1828 2275 1879 2304 est
1909 2277 2047 2305 aeterna
2068 2293 2122 2306 ....
2144 2280 2231 2318 ergo
2259 2269 2372 2305 etiam
2401 2282 2466 2306 an-

1356 2346 1382 2370 ,-,
1413 2329 1447 2359 te
1475 2327 1676 2372 peccatum
1703 2321 1960 2358 necessarium
1990 2327 2068 2358 erat
2088 2346 2099 2366 ,
2130 2320 2275 2358 Filium
2305 2321 2378 2358 Dei
2408 2322 2467 2359 in-

1359 2399 1386 2422 ,17
1415 2374 1564 2412 carnari
1593 2373 1639 2410 ad
1671 2372 1768 2420 hoc,
1796 2373 1897 2424 quod
1927 2373 2203 2424 praedestinatio
2220 2372 2295 2411 Dei
2325 2372 2465 2425 imple-

1360 2457 1386 2476 „
1414 2436 1517 2465 retur
1534 2453 1545 2465 .
1566 2429 1591 2447 ‘⁶
1613 2425 1822 2477 Respondet
1851 2434 1977 2464 autem
1997 2425 2200 2477 Angelicus
2227 2426 2275 2465 ad
2299 2426 2337 2472 4.
2367 2425 2469 2473 quod

1355 2480 1654 2531 praedestinatio
1682 2482 1947 2531 praesupponit
1973 2483 2272 2531 praescientiam
2307 2475 2470 2531 futuro-

1356 2546 1447 2571 rum
1463 2549 1478 2577 ;
1519 2534 1568 2574 Θ·
1598 2532 1684 2570 ideo
1719 2536 1818 2570 sicut
1846 2531 1957 2570 Deus
1998 2532 2257 2583 praedestinat
2298 2534 2470 2571 salutem

1356 2588 1529 2640 alicujus
1558 2585 1725 2624 hominis
1752 2599 1822 2636 per
1853 2590 2054 2624 orationes
2091 2587 2262 2624 aliorum
2305 2587 2471 2636 implen-

1357 2640 1454 2678 dam
1472 2670 1482 2689 ,
1525 2643 1582 2677 ita
1611 2643 1737 2676 etiam
1765 2639 2061 2690 praedestinavit
2103 2652 2197 2687 opus
2226 2642 2470 2675 incarnatio-

1356 2697 1420 2731 nis
1448 2697 1488 2731 in
1516 2691 1738 2731 remedium
1766 2692 1932 2731 humani
1961 2695 2146 2741 peccati.
2187 2691 2276 2728 Vid.
2306 2704 2392 2741 quae
2422 2691 2469 2727 de

1356 2746 1428 2784 hoc
1475 2753 1577 2785 textu
1614 2745 1655 2783 S.
1685 2743 1848 2783 Thomae
1892 2746 1991 2783 dicta
2033 2752 2115 2782 sunt
2145 2743 2257 2782 Tom.
2287 2744 2335 2781 11.
2381 2757 2469 2796 pag.

1360 2798 1450 2837 216.
1480 2813 1517 2835 n.
1550 2797 1641 2848 239.

1411 2864 1477 2903 99.
1507 2851 1580 2889 Sed
1611 2859 1650 2887 ut
1680 2851 1876 2890 redeamus
1905 2852 1951 2889 ad
1983 2851 2216 2902 Rupertum,
2246 2851 2277 2888 is
2298 2851 2369 2889 sibi
2402 2865 2467 2901 pa-

1357 2917 1444 2942 rum
1473 2912 1646 2941 constans
1673 2903 1768 2942 alibi
1797 2914 1935 2942 nostrae
1965 2906 2156 2942 sententiae
2187 2915 2313 2954 aperte
2334 2904 2468 2942 suffra-

1357 2958 1438 3007 gari
1469 2957 1615 2994 videtur
1636 2982 1647 2993 .
1690 2957 1788 2994 Nam
1821 2957 1907 2995 Lib.
1938 2958 1987 2994 H.
2017 2956 2064 2994 (le
2092 2956 2268 3008 operibus
2297 2958 2464 3009 Spiritus

1358 3010 1499 3046 Sancti
1527 3023 1611 3060 cap.
1628 3009 1666 3046 6.
1698 3010 1747 3046 ita
1761 3010 1929 3047 Christus
1958 3009 2191 3062 alloquitur.
2215 3041 2239 3059 „
2267 3012 2315 3049 Et
2345 3012 2466 3063 siqui-

1356 3089 1383 3112 „
1413 3064 1500 3101 dem
1531 3062 1693 3100 multum
1725 3063 1792 3100 tibi
1823 3063 2007 3102 debemus
2036 3078 2126 3111 nos,
2159 3065 2258 3104 Dent⁸
2287 3064 2464 3112 Christe,

1359 3145 1387 3165 „
1415 3117 1508 3168 quia
1537 3115 1649 3153 homo
1690 3116 1809 3154 factus
1840 3129 1905 3154 es:
1949 3117 1981 3153 δε
2011 3127 2048 3155 tu
2079 3132 2098 3155 e
2127 3128 2256 3156 contra
2298 3118 2465 3156 multum

2301 3202 2326 3221 „
2347 3183 2413 3208 no·

426 3282 502 3316 qnae
535 3267 576 3303 de
602 3273 759 3316 Ruperto
792 3274 886 3316 dicta
924 3284 1004 3310 sunt
1029 3274 1066 3310 in
1092 3276 1204 3313 Tomo
1230 3277 1289 3311 IV.
1313 3287 1392 3322 pag.
1418 3277 1474 3322 48.
1500 3276 1537 3309 in
1571 3285 1641 3311 not.
1671 3278 1716 3317 (b)
1746 3276 1879 3311 Adi-sis
1915 3278 2022 3312 etiam
2047 3277 2214 3314 Ludovic.
2251 3275 2453 3312 Thomassi-
