<?xml version="1.0" encoding="UTF-8"?>
<!DOCTYPE html PUBLIC "-//W3C//DTD XHTML 1.0 Transitional//EN"
    "http://www.w3.org/TR/xhtml1/DTD/xhtml1-transitional.dtd">
<html xmlns="http://www.w3.org/1999/xhtml" xml:lang="en" lang="en">
 <head>
  <title>
</title>
<meta http-equiv="Content-Type" content="text/html;charset=utf-8" />
  <meta name='ocr-system' content='tesseract 3.04.00' />
  <meta name='ocr-capabilities' content='ocr_page ocr_carea ocr_par ocr_line ocrx_word'/>
</head>
<body>
  <div class='ocr_page' id='page_1' title='image "./fratrispetrimari04gazzuoft_0477.png"; bbox 0 0 2583 3685; ppageno 0'>
   <div class='ocr_carea' id='block_1_1' title="bbox 892 60 1673 106">
    <p class='ocr_par' dir='ltr' id='par_1_1' title="bbox 892 60 1673 106">
     <span class='ocr_line' id='line_1_1' title="bbox 892 60 1673 106; baseline 0 -2"><span class='ocrx_word' id='word_1_1' title='bbox 892 60 970 104; x_wconf 88' lang='lat' dir='ltr'>DE</span> <span class='ocrx_word' id='word_1_2' title='bbox 1010 61 1292 106; x_wconf 70' lang='lat' dir='ltr'>PERFECT.</span> <span class='ocrx_word' id='word_1_3' title='bbox 1325 63 1396 106; x_wconf 88' lang='lat' dir='ltr'>SA</span> <span class='ocrx_word' id='word_1_4' title='bbox 1404 63 1573 106; x_wconf 70' lang='lat' dir='ltr'>&#39;Plsr-&#39;A</span> <span class='ocrx_word' id='word_1_5' title='bbox 1582 65 1673 106; x_wconf 63' lang='grc' dir='ltr'>(ΣΤ.</span> 
     </span>
    </p>
   </div>
   <div class='ocr_carea' id='block_1_2' title="bbox 124 135 1254 2678">
    <p class='ocr_par' dir='ltr' id='par_1_2' title="bbox 133 135 1254 932">
     <span class='ocr_line' id='line_1_2' title="bbox 142 135 1253 192; baseline -0.001 -14"><span class='ocrx_word' id='word_1_6' title='bbox 142 138 389 192; x_wconf 88' lang='lat' dir='ltr'>ceptibilitate</span> <span class='ocrx_word' id='word_1_7' title='bbox 417 135 591 190; x_wconf 89' lang='lat' dir='ltr'>patientis</span> <span class='ocrx_word' id='word_1_8' title='bbox 610 136 819 176; x_wconf 83' lang='lat' dir='ltr'>secundum</span> <span class='ocrx_word' id='word_1_9' title='bbox 841 141 1008 178; x_wconf 75' lang='lat' dir='ltr'>animani</span> <span class='ocrx_word' id='word_1_10' title='bbox 1027 170 1036 187; x_wconf 92' lang='lat'>‚</span> <span class='ocrx_word' id='word_1_11' title='bbox 1066 141 1099 177; x_wconf 74' lang='grc' dir='ltr'>δι</span> <span class='ocrx_word' id='word_1_12' title='bbox 1119 155 1253 179; x_wconf 84' lang='lat' dir='ltr'>secun-</span> 
     </span>
     <span class='ocr_line' id='line_1_3' title="bbox 141 191 1254 245; baseline 0 -14"><span class='ocrx_word' id='word_1_13' title='bbox 141 193 234 231; x_wconf 88' lang='lat' dir='ltr'>dum</span> <span class='ocrx_word' id='word_1_14' title='bbox 263 204 427 243; x_wconf 87' lang='lat' dir='ltr'>corpus;</span> <span class='ocrx_word' id='word_1_15' title='bbox 457 205 548 230; x_wconf 87' lang='lat' dir='ltr'>nam</span> <span class='ocrx_word' id='word_1_16' title='bbox 578 192 616 229; x_wconf 90' lang='lat' dir='ltr'>in</span> <span class='ocrx_word' id='word_1_17' title='bbox 646 191 728 242; x_wconf 86' lang='lat' dir='ltr'>ejus</span> <span class='ocrx_word' id='word_1_18' title='bbox 744 205 926 244; x_wconf 86' lang='lat' dir='ltr'>corpore,</span> <span class='ocrx_word' id='word_1_19' title='bbox 958 203 1083 245; x_wconf 90' lang='lat' dir='ltr'>utpote</span> <span class='ocrx_word' id='word_1_20' title='bbox 1113 195 1254 231; x_wconf 82' lang='lat' dir='ltr'>sorma-</span> 
     </span>
     <span class='ocr_line' id='line_1_4' title="bbox 140 244 1252 297; baseline -0.001 -14"><span class='ocrx_word' id='word_1_21' title='bbox 140 253 177 283; x_wconf 91' lang='lat' dir='ltr'>to</span> <span class='ocrx_word' id='word_1_22' title='bbox 204 244 448 281; x_wconf 72' lang='lat' dir='ltr'>miraculosa</span> <span class='ocrx_word' id='word_1_23' title='bbox 485 246 704 296; x_wconf 79' lang='lat' dir='ltr'>operatione</span> <span class='ocrx_word' id='word_1_24' title='bbox 733 244 898 297; x_wconf 74' lang='lat' dir='ltr'><strong>Spiritus</strong></span> <span class='ocrx_word' id='word_1_25' title='bbox 928 245 1086 293; x_wconf 84' lang='lat' dir='ltr'>Sancti,</span> <span class='ocrx_word' id='word_1_26' title='bbox 1131 247 1252 284; x_wconf 84' lang='lat' dir='ltr'>maxi-</span> 
     </span>
     <span class='ocr_line' id='line_1_5' title="bbox 139 297 1251 350; baseline 0 -15"><span class='ocrx_word' id='word_1_27' title='bbox 139 309 203 335; x_wconf 84' lang='lat' dir='ltr'>me</span> <span class='ocrx_word' id='word_1_28' title='bbox 230 297 352 349; x_wconf 85' lang='lat' dir='ltr'>viguit</span> <span class='ocrx_word' id='word_1_29' title='bbox 380 309 504 335; x_wconf 89' lang='lat' dir='ltr'>sensus</span> <span class='ocrx_word' id='word_1_30' title='bbox 533 306 652 336; x_wconf 87' lang='lat' dir='ltr'>tactus</span> <span class='ocrx_word' id='word_1_31' title='bbox 670 327 680 345; x_wconf 92' lang='lat'>,</span> <span class='ocrx_word' id='word_1_32' title='bbox 710 310 755 335; x_wconf 82' lang='lat' dir='ltr'>ex</span> <span class='ocrx_word' id='word_1_33' title='bbox 785 298 895 349; x_wconf 87' lang='lat' dir='ltr'>cujus</span> <span class='ocrx_word' id='word_1_34' title='bbox 926 300 1164 350; x_wconf 78' lang='lat' dir='ltr'>perceptione</span> <span class='ocrx_word' id='word_1_35' title='bbox 1195 312 1251 335; x_wconf 89' lang='lat' dir='ltr'>se-</span> 
     </span>
     <span class='ocr_line' id='line_1_6' title="bbox 140 348 1253 401; baseline 0.001 -15"><span class='ocrx_word' id='word_1_36' title='bbox 140 351 273 401; x_wconf 86' lang='lat' dir='ltr'>quitur</span> <span class='ocrx_word' id='word_1_37' title='bbox 299 348 433 398; x_wconf 90' lang='lat' dir='ltr'>dolor,</span> <span class='ocrx_word' id='word_1_38' title='bbox 478 351 619 389; x_wconf 82' lang='lat' dir='ltr'>Anima</span> <span class='ocrx_word' id='word_1_39' title='bbox 648 351 761 389; x_wconf 84' lang='lat' dir='ltr'>etiam</span> <span class='ocrx_word' id='word_1_40' title='bbox 792 352 998 390; x_wconf 84' lang='lat' dir='ltr'>secundum</span> <span class='ocrx_word' id='word_1_41' title='bbox 1036 352 1132 389; x_wconf 89' lang='lat' dir='ltr'>vires</span> <span class='ocrx_word' id='word_1_42' title='bbox 1161 352 1253 391; x_wconf 81' lang='lat' dir='ltr'>inte-</span> 
     </span>
     <span class='ocr_line' id='line_1_7' title="bbox 138 401 1251 456; baseline 0 -16"><span class='ocrx_word' id='word_1_43' title='bbox 138 403 255 440; x_wconf 80' lang='lat' dir='ltr'>riores</span> <span class='ocrx_word' id='word_1_44' title='bbox 283 401 546 441; x_wconf 82' lang='lat' dir='ltr'>efficacissime</span> <span class='ocrx_word' id='word_1_45' title='bbox 575 402 826 456; x_wconf 82' lang='lat' dir='ltr'>apprehendit</span> <span class='ocrx_word' id='word_1_46' title='bbox 867 418 996 442; x_wconf 90' lang='lat' dir='ltr'>omues</span> <span class='ocrx_word' id='word_1_47' title='bbox 1025 417 1155 442; x_wconf 77' lang='lat' dir='ltr'>causas</span> <span class='ocrx_word' id='word_1_48' title='bbox 1185 404 1251 440; x_wconf 91' lang='lat' dir='ltr'>tri-</span> 
     </span>
     <span class='ocr_line' id='line_1_8' title="bbox 135 454 1252 509; baseline 0 -17"><span class='ocrx_word' id='word_1_49' title='bbox 135 455 278 501; x_wconf 72' lang='lat' dir='ltr'>stitiae3</span> <span class='ocrx_word' id='word_1_50' title='bbox 316 454 474 505; x_wconf 83' lang='lat' dir='ltr'>Tertio,</span> <span class='ocrx_word' id='word_1_51' title='bbox 502 458 596 509; x_wconf 89' lang='lat' dir='ltr'>quia</span> <span class='ocrx_word' id='word_1_52' title='bbox 624 456 792 495; x_wconf 82' lang='lat' dir='ltr'>Christus</span> <span class='ocrx_word' id='word_1_53' title='bbox 823 460 862 496; x_wconf 92' lang='lat' dir='ltr'>in</span> <span class='ocrx_word' id='word_1_54' title='bbox 892 471 958 495; x_wconf 86' lang='lat' dir='ltr'>sua</span> <span class='ocrx_word' id='word_1_55' title='bbox 986 458 1158 507; x_wconf 76' lang='lat' dir='ltr'>passione</span> <span class='ocrx_word' id='word_1_56' title='bbox 1187 468 1252 492; x_wconf 82' lang='lat' dir='ltr'>ex-</span> 
     </span>
     <span class='ocr_line' id='line_1_9' title="bbox 136 507 1251 562; baseline 0 -17"><span class='ocrx_word' id='word_1_57' title='bbox 136 507 251 546; x_wconf 80' lang='lat' dir='ltr'>chtsit</span> <span class='ocrx_word' id='word_1_58' title='bbox 279 523 565 562; x_wconf 72' lang='lat' dir='ltr'>quamcumque</span> <span class='ocrx_word' id='word_1_59' title='bbox 585 509 905 557; x_wconf 78' lang='lat' dir='ltr'>consolationem,</span> <span class='ocrx_word' id='word_1_60' title='bbox 935 523 1023 560; x_wconf 78' lang='lat' dir='ltr'>quae</span> <span class='ocrx_word' id='word_1_61' title='bbox 1055 511 1093 547; x_wconf 92' lang='lat' dir='ltr'>in</span> <span class='ocrx_word' id='word_1_62' title='bbox 1123 510 1251 559; x_wconf 86' lang='lat' dir='ltr'>ipsum</span> 
     </span>
     <span class='ocr_line' id='line_1_10' title="bbox 133 561 1251 615; baseline -0.001 -16"><span class='ocrx_word' id='word_1_63' title='bbox 133 561 303 600; x_wconf 82' lang='lat' dir='ltr'>derivari</span> <span class='ocrx_word' id='word_1_64' title='bbox 334 571 476 615; x_wconf 90' lang='lat' dir='ltr'>poterat</span> <span class='ocrx_word' id='word_1_65' title='bbox 504 577 526 600; x_wconf 83' lang='lat' dir='ltr'>a</span> <span class='ocrx_word' id='word_1_66' title='bbox 556 562 703 601; x_wconf 87' lang='lat' dir='ltr'>viribus</span> <span class='ocrx_word' id='word_1_67' title='bbox 731 561 990 615; x_wconf 90' lang='lat' dir='ltr'>superioribus</span> <span class='ocrx_word' id='word_1_68' title='bbox 1018 562 1065 599; x_wconf 81' lang='lat' dir='ltr'>ad</span> <span class='ocrx_word' id='word_1_69' title='bbox 1095 562 1251 599; x_wconf 86' lang='lat' dir='ltr'>inferio-</span> 
     </span>
     <span class='ocr_line' id='line_1_11' title="bbox 137 614 1252 667; baseline 0 -15"><span class='ocrx_word' id='word_1_70' title='bbox 137 626 225 662; x_wconf 86' lang='lat' dir='ltr'>res,</span> <span class='ocrx_word' id='word_1_71' title='bbox 256 623 295 653; x_wconf 93' lang='lat' dir='ltr'>ut</span> <span class='ocrx_word' id='word_1_72' title='bbox 323 616 443 667; x_wconf 87' lang='lat' dir='ltr'>ipsius</span> <span class='ocrx_word' id='word_1_73' title='bbox 470 614 604 664; x_wconf 82' lang='lat' dir='ltr'>dolor,</span> <span class='ocrx_word' id='word_1_74' title='bbox 634 625 698 654; x_wconf 89' lang='lat' dir='ltr'>aut</span> <span class='ocrx_word' id='word_1_75' title='bbox 718 617 864 654; x_wconf 76' lang='lat' dir='ltr'>tristitia</span> <span class='ocrx_word' id='word_1_76' title='bbox 883 615 1140 652; x_wconf 88' lang='lat' dir='ltr'>minueretur.</span> <span class='ocrx_word' id='word_1_77' title='bbox 1170 614 1252 652; x_wconf 79' lang='lat' dir='ltr'>De·</span> 
     </span>
     <span class='ocr_line' id='line_1_12' title="bbox 137 667 1250 720; baseline 0.001 -16"><span class='ocrx_word' id='word_1_78' title='bbox 137 680 251 705; x_wconf 86' lang='lat' dir='ltr'>mum</span> <span class='ocrx_word' id='word_1_79' title='bbox 279 669 370 720; x_wconf 85' lang='lat' dir='ltr'>quia</span> <span class='ocrx_word' id='word_1_80' title='bbox 385 667 557 706; x_wconf 90' lang='lat' dir='ltr'>Christus</span> <span class='ocrx_word' id='word_1_81' title='bbox 586 668 802 708; x_wconf 84' lang='lat' dir='ltr'>voluntarie</span> <span class='ocrx_word' id='word_1_82' title='bbox 830 680 1021 706; x_wconf 85' lang='lat' dir='ltr'>assumens</span> <span class='ocrx_word' id='word_1_83' title='bbox 1043 667 1149 705; x_wconf 85' lang='lat' dir='ltr'>illam</span> <span class='ocrx_word' id='word_1_84' title='bbox 1168 681 1250 719; x_wconf 83' lang='lat' dir='ltr'>pas-</span> 
     </span>
     <span class='ocr_line' id='line_1_13' title="bbox 137 719 1250 774; baseline 0 -16"><span class='ocrx_word' id='word_1_85' title='bbox 137 722 305 769; x_wconf 79' lang='lat' dir='ltr'>sionem,</span> <span class='ocrx_word' id='word_1_86' title='bbox 334 730 488 774; x_wconf 89' lang='lat' dir='ltr'>propter</span> <span class='ocrx_word' id='word_1_87' title='bbox 519 721 638 760; x_wconf 87' lang='lat' dir='ltr'>finem</span> <span class='ocrx_word' id='word_1_88' title='bbox 653 721 885 760; x_wconf 78' lang='lat' dir='ltr'>liberationis</span> <span class='ocrx_word' id='word_1_89' title='bbox 906 719 1107 758; x_wconf 85' lang='lat' dir='ltr'>hominum</span> <span class='ocrx_word' id='word_1_90' title='bbox 1127 735 1148 758; x_wconf 86' lang='lat' dir='ltr'>a</span> <span class='ocrx_word' id='word_1_91' title='bbox 1164 734 1250 772; x_wconf 90' lang='lat' dir='ltr'>pec-</span> 
     </span>
     <span class='ocr_line' id='line_1_14' title="bbox 139 773 1249 827; baseline 0.001 -17"><span class='ocrx_word' id='word_1_92' title='bbox 139 781 248 822; x_wconf 81' lang='lat' dir='ltr'>cato,</span> <span class='ocrx_word' id='word_1_93' title='bbox 279 782 420 814; x_wconf 82' lang='lat' dir='ltr'>tantam</span> <span class='ocrx_word' id='word_1_94' title='bbox 451 777 702 827; x_wconf 77' lang='lat' dir='ltr'>quantitatem</span> <span class='ocrx_word' id='word_1_95' title='bbox 729 773 870 811; x_wconf 90' lang='lat' dir='ltr'>doloris</span> <span class='ocrx_word' id='word_1_96' title='bbox 898 776 1127 826; x_wconf 79' lang='lat' dir='ltr'>assumpsit,</span> <span class='ocrx_word' id='word_1_97' title='bbox 1160 787 1249 825; x_wconf 79' lang='lat' dir='ltr'>quae</span> 
     </span>
     <span class='ocr_line' id='line_1_15' title="bbox 138 826 1250 880; baseline 0.002 -17"><span class='ocrx_word' id='word_1_98' title='bbox 138 835 232 865; x_wconf 87' lang='lat' dir='ltr'>esset</span> <span class='ocrx_word' id='word_1_99' title='bbox 261 828 544 880; x_wconf 76' lang='lat' dir='ltr'>proportionata</span> <span class='ocrx_word' id='word_1_100' title='bbox 572 826 823 879; x_wconf 81' lang='lat' dir='ltr'>magnitudini</span> <span class='ocrx_word' id='word_1_101' title='bbox 853 826 1023 875; x_wconf 88' lang='lat' dir='ltr'>fructus,</span> <span class='ocrx_word' id='word_1_102' title='bbox 1065 829 1132 879; x_wconf 90' lang='lat' dir='ltr'>qui</span> <span class='ocrx_word' id='word_1_103' title='bbox 1161 827 1250 865; x_wconf 87' lang='lat' dir='ltr'>inde</span> 
     </span>
     <span class='ocr_line' id='line_1_16' title="bbox 139 880 740 932; baseline 0 -15"><span class='ocrx_word' id='word_1_104' title='bbox 139 880 398 932; x_wconf 71' lang='lat' dir='ltr'>sequebatur.</span> <span class='ocrx_word' id='word_1_105' title='bbox 426 882 480 920; x_wconf 89' lang='lat' dir='ltr'>Ita</span> <span class='ocrx_word' id='word_1_106' title='bbox 508 880 740 932; x_wconf 83' lang='lat' dir='ltr'>Angelicus.</span> 
     </span>
    </p>

    <p class='ocr_par' dir='ltr' id='par_1_3' title="bbox 124 932 1249 1615">
     <span class='ocr_line' id='line_1_17' title="bbox 198 932 1249 984; baseline 0 -13"><span class='ocrx_word' id='word_1_107' title='bbox 198 934 286 972; x_wconf 81' lang='lat'>125.</span> <span class='ocrx_word' id='word_1_108' title='bbox 316 933 504 973; x_wconf 83' lang='lat' dir='ltr'>Postremo</span> <span class='ocrx_word' id='word_1_109' title='bbox 529 933 578 972; x_wconf 83' lang='lat' dir='ltr'>ad</span> <span class='ocrx_word' id='word_1_110' title='bbox 607 932 722 984; x_wconf 84' lang='lat' dir='ltr'>hujus</span> <span class='ocrx_word' id='word_1_111' title='bbox 749 940 889 970; x_wconf 83' lang='lat' dir='ltr'>nostrae</span> <span class='ocrx_word' id='word_1_112' title='bbox 928 935 1122 972; x_wconf 61' lang='lat' dir='ltr'>sententia</span> <span class='ocrx_word' id='word_1_113' title='bbox 1159 946 1249 973; x_wconf 90' lang='lat' dir='ltr'>con-</span> 
     </span>
     <span class='ocr_line' id='line_1_18' title="bbox 124 984 1247 1026; baseline -0.001 -1"><span class='ocrx_word' id='word_1_114' title='bbox 124 984 393 1026; x_wconf 80' lang='lat' dir='ltr'>-firmatiouem</span> <span class='ocrx_word' id='word_1_115' title='bbox 423 985 588 1024; x_wconf 87' lang='lat' dir='ltr'>mirifice</span> <span class='ocrx_word' id='word_1_116' title='bbox 617 986 762 1024; x_wconf 87' lang='lat' dir='ltr'>faciunt</span> <span class='ocrx_word' id='word_1_117' title='bbox 792 986 908 1024; x_wconf 86' lang='lat' dir='ltr'>verba</span> <span class='ocrx_word' id='word_1_118' title='bbox 931 985 1092 1025; x_wconf 78' lang='lat' dir='ltr'>Romani</span> <span class='ocrx_word' id='word_1_119' title='bbox 1121 986 1247 1025; x_wconf 87' lang='lat' dir='ltr'>Ponti-</span> 
     </span>
     <span class='ocr_line' id='line_1_19' title="bbox 138 1038 1249 1091; baseline 0 -15"><span class='ocrx_word' id='word_1_120' title='bbox 138 1039 223 1077; x_wconf 85' lang='lat' dir='ltr'>ficis</span> <span class='ocrx_word' id='word_1_121' title='bbox 249 1038 456 1077; x_wconf 83' lang='lat' dir='ltr'>Clementis</span> <span class='ocrx_word' id='word_1_122' title='bbox 484 1039 554 1077; x_wconf 85' lang='lat' dir='ltr'>VI.</span> <span class='ocrx_word' id='word_1_123' title='bbox 597 1039 636 1076; x_wconf 92' lang='lat' dir='ltr'>in</span> <span class='ocrx_word' id='word_1_124' title='bbox 664 1039 931 1090; x_wconf 80' lang='lat' dir='ltr'>Extravagauti</span> <span class='ocrx_word' id='word_1_125' title='bbox 950 1069 960 1086; x_wconf 89' lang='lat'>,</span> <span class='ocrx_word' id='word_1_126' title='bbox 1007 1041 1074 1091; x_wconf 88' lang='lat' dir='ltr'>qui</span> <span class='ocrx_word' id='word_1_127' title='bbox 1111 1041 1249 1091; x_wconf 85' lang='lat' dir='ltr'>incipit</span> 
     </span>
     <span class='ocr_line' id='line_1_20' title="bbox 141 1089 1247 1144; baseline 0.002 -16"><span class='ocrx_word' id='word_1_128' title='bbox 141 1089 377 1144; x_wconf 81' lang='lat' dir='ltr'>Unigenirus</span> <span class='ocrx_word' id='word_1_129' title='bbox 405 1091 483 1129; x_wconf 69' lang='lat' dir='ltr'>Dei·</span> <span class='ocrx_word' id='word_1_130' title='bbox 512 1089 633 1129; x_wconf 82' lang='lat' dir='ltr'>Filius</span> <span class='ocrx_word' id='word_1_131' title='bbox 662 1092 750 1129; x_wconf 87' lang='lat' dir='ltr'>Lib.</span> <span class='ocrx_word' id='word_1_132' title='bbox 782 1092 850 1129; x_wconf 86' lang='lat' dir='ltr'>lv.</span> <span class='ocrx_word' id='word_1_133' title='bbox 893 1091 1170 1130; x_wconf 78' lang='lat' dir='ltr'>Decretalium</span> <span class='ocrx_word' id='word_1_134' title='bbox 1201 1094 1247 1130; x_wconf 91' lang='lat' dir='ltr'>ti·</span> 
     </span>
     <span class='ocr_line' id='line_1_21' title="bbox 136 1142 1248 1198; baseline 0 -16"><span class='ocrx_word' id='word_1_135' title='bbox 136 1142 219 1182; x_wconf 89' lang='lat' dir='ltr'>tulo</span> <span class='ocrx_word' id='word_1_136' title='bbox 244 1143 294 1184; x_wconf 87' lang='lat' dir='ltr'>de</span> <span class='ocrx_word' id='word_1_137' title='bbox 312 1147 552 1195; x_wconf 79' lang='lat' dir='ltr'>paenitentiis</span> <span class='ocrx_word' id='word_1_138' title='bbox 569 1175 580 1193; x_wconf 90' lang='lat'>‚</span> <span class='ocrx_word' id='word_1_139' title='bbox 608 1145 658 1185; x_wconf 71' lang='lat'>(9¹</span> <span class='ocrx_word' id='word_1_140' title='bbox 678 1144 972 1183; x_wconf 73' lang='lat' dir='ltr'>remissionibus</span> <span class='ocrx_word' id='word_1_141' title='bbox 988 1161 1003 1190; x_wconf 84' lang='grc'>,-</span> <span class='ocrx_word' id='word_1_142' title='bbox 1034 1145 1099 1183; x_wconf 90' lang='lat' dir='ltr'>ubi</span> <span class='ocrx_word' id='word_1_143' title='bbox 1122 1147 1248 1198; x_wconf 89' lang='lat' dir='ltr'>primo</span> 
     </span>
     <span class='ocr_line' id='line_1_22' title="bbox 133 1196 1247 1250; baseline 0.001 -15"><span class='ocrx_word' id='word_1_144' title='bbox 133 1196 300 1246; x_wconf 83' lang='lat' dir='ltr'>dicitur,</span> <span class='ocrx_word' id='word_1_145' title='bbox 347 1197 448 1249; x_wconf 89' lang='lat' dir='ltr'>quod</span> <span class='ocrx_word' id='word_1_146' title='bbox 484 1206 599 1250; x_wconf 79' lang='lat' dir='ltr'>gutta</span> <span class='ocrx_word' id='word_1_147' title='bbox 628 1197 845 1250; x_wconf 68' lang='lat' dir='ltr'>Sanguinis</span> <span class='ocrx_word' id='word_1_148' title='bbox 878 1198 1019 1236; x_wconf 70' lang='lat' dir='ltr'>Christi</span> <span class='ocrx_word' id='word_1_149' title='bbox 1061 1198 1247 1246; x_wconf 73' lang='lat' dir='ltr'>modica,</span> 
     </span>
     <span class='ocr_line' id='line_1_23' title="bbox 134 1249 1248 1302; baseline 0.004 -16"><span class='ocrx_word' id='word_1_150' title='bbox 134 1259 290 1301; x_wconf 83' lang='lat' dir='ltr'>propter</span> <span class='ocrx_word' id='word_1_151' title='bbox 318 1254 506 1289; x_wconf 78' lang='lat' dir='ltr'>unionem</span> <span class='ocrx_word' id='word_1_152' title='bbox 533 1251 590 1289; x_wconf 83' lang='lat' dir='ltr'>ad</span> <span class='ocrx_word' id='word_1_153' title='bbox 621 1249 818 1300; x_wconf 82' lang='lat' dir='ltr'>Verbum,</span> <span class='ocrx_word' id='word_1_154' title='bbox 866 1265 936 1302; x_wconf 88' lang='lat' dir='ltr'>pro</span> <span class='ocrx_word' id='word_1_155' title='bbox 978 1251 1248 1301; x_wconf 70' lang='lat' dir='ltr'>redemptione</span> 
     </span>
     <span class='ocr_line' id='line_1_24' title="bbox 135 1302 1246 1357; baseline 0.002 -17"><span class='ocrx_word' id='word_1_156' title='bbox 135 1306 251 1341; x_wconf 75' lang='lat' dir='ltr'>totius</span> <span class='ocrx_word' id='word_1_157' title='bbox 269 1302 449 1348; x_wconf 71' lang='lat' dir='ltr'>,humani</span> <span class='ocrx_word' id='word_1_158' title='bbox 475 1307 634 1357; x_wconf 82' lang='lat' dir='ltr'>generis</span> <span class='ocrx_word' id='word_1_159' title='bbox 653 1303 835 1352; x_wconf 84' lang='lat' dir='ltr'>sufficere</span> <span class='ocrx_word' id='word_1_160' title='bbox 849 1308 1036 1355; x_wconf 77' lang='lat' dir='ltr'>potuisset</span> <span class='ocrx_word' id='word_1_161' title='bbox 1053 1331 1063 1342; x_wconf 91' lang='lat'>.</span> <span class='ocrx_word' id='word_1_162' title='bbox 1094 1305 1246 1343; x_wconf 84' lang='lat' dir='ltr'>Deinde</span> 
     </span>
     <span class='ocr_line' id='line_1_25' title="bbox 136 1355 1247 1411; baseline 0.002 -18"><span class='ocrx_word' id='word_1_163' title='bbox 136 1355 316 1405; x_wconf 81' lang='lat' dir='ltr'>additur,</span> <span class='ocrx_word' id='word_1_164' title='bbox 345 1356 539 1396; x_wconf 86' lang='lat' dir='ltr'>Christum</span> <span class='ocrx_word' id='word_1_165' title='bbox 568 1371 635 1396; x_wconf 89' lang='lat' dir='ltr'>sua</span> <span class='ocrx_word' id='word_1_166' title='bbox 665 1359 833 1409; x_wconf 80' lang='lat' dir='ltr'>passione</span> <span class='ocrx_word' id='word_1_167' title='bbox 853 1357 1086 1396; x_wconf 71' lang='lat' dir='ltr'>thesaurum</span> <span class='ocrx_word' id='word_1_168' title='bbox 1112 1359 1247 1411; x_wconf 80' lang='lat' dir='ltr'>infini-</span> 
     </span>
     <span class='ocr_line' id='line_1_26' title="bbox 135 1408 1247 1461; baseline 0.005 -17"><span class='ocrx_word' id='word_1_169' title='bbox 135 1417 222 1446; x_wconf 83' lang='lat' dir='ltr'>tum</span> <span class='ocrx_word' id='word_1_170' title='bbox 250 1408 448 1448; x_wconf 81' lang='lat' dir='ltr'>Ecclesioe</span> <span class='ocrx_word' id='word_1_171' title='bbox 477 1411 664 1449; x_wconf 73' lang='lat' dir='ltr'>militanti</span> <span class='ocrx_word' id='word_1_172' title='bbox 684 1415 956 1461; x_wconf 63' lang='lat' dir='ltr'>acquisivisse.</span> <span class='ocrx_word' id='word_1_173' title='bbox 986 1411 1086 1458; x_wconf 78' lang='lat' dir='ltr'>Quae</span> <span class='ocrx_word' id='word_1_174' title='bbox 1115 1413 1247 1450; x_wconf 75' lang='lat' dir='ltr'>omnia</span> 
     </span>
     <span class='ocr_line' id='line_1_27' title="bbox 136 1461 1246 1514; baseline 0.005 -16"><span class='ocrx_word' id='word_1_175' title='bbox 136 1461 325 1514; x_wconf 85' lang='lat' dir='ltr'>probant,</span> <span class='ocrx_word' id='word_1_176' title='bbox 353 1464 642 1503; x_wconf 78' lang='lat' dir='ltr'>satisfactionem</span> <span class='ocrx_word' id='word_1_177' title='bbox 672 1463 831 1503; x_wconf 86' lang='lat' dir='ltr'>Domini</span> <span class='ocrx_word' id='word_1_178' title='bbox 861 1466 974 1503; x_wconf 86' lang='lat' dir='ltr'>nostri</span> <span class='ocrx_word' id='word_1_179' title='bbox 1002 1464 1090 1502; x_wconf 90' lang='lat' dir='ltr'>Jesu</span> <span class='ocrx_word' id='word_1_180' title='bbox 1105 1464 1246 1503; x_wconf 86' lang='lat' dir='ltr'>Christi</span> 
     </span>
     <span class='ocr_line' id='line_1_28' title="bbox 134 1514 1247 1569; baseline 0.004 -17"><span class='ocrx_word' id='word_1_181' title='bbox 134 1527 212 1552; x_wconf 83' lang='lat' dir='ltr'>non</span> <span class='ocrx_word' id='word_1_182' title='bbox 240 1514 364 1554; x_wconf 84' lang='lat' dir='ltr'>solum</span> <span class='ocrx_word' id='word_1_183' title='bbox 392 1516 643 1555; x_wconf 85' lang='lat' dir='ltr'>sufficientem</span> <span class='ocrx_word' id='word_1_184' title='bbox 687 1517 826 1565; x_wconf 86' lang='lat' dir='ltr'>fuisse,</span> <span class='ocrx_word' id='word_1_185' title='bbox 870 1517 903 1554; x_wconf 84' lang='lat'>&amp;</span> <span class='ocrx_word' id='word_1_186' title='bbox 932 1518 1247 1569; x_wconf 79' lang='lat' dir='ltr'>superabundan-</span> 
     </span>
     <span class='ocr_line' id='line_1_29' title="bbox 134 1568 846 1615; baseline 0.006 -11"><span class='ocrx_word' id='word_1_187' title='bbox 134 1574 238 1615; x_wconf 86' lang='lat' dir='ltr'>tem,</span> <span class='ocrx_word' id='word_1_188' title='bbox 268 1568 334 1606; x_wconf 90' lang='lat' dir='ltr'>sed</span> <span class='ocrx_word' id='word_1_189' title='bbox 362 1571 478 1607; x_wconf 83' lang='lat' dir='ltr'>etiam</span> <span class='ocrx_word' id='word_1_190' title='bbox 509 1570 647 1608; x_wconf 89' lang='lat' dir='ltr'>valoris</span> <span class='ocrx_word' id='word_1_191' title='bbox 678 1570 846 1608; x_wconf 86' lang='lat' dir='ltr'>infiniti.</span> 
     </span>
    </p>

    <p class='ocr_par' dir='ltr' id='par_1_4' title="bbox 133 1620 1246 1885">
     <span class='ocr_line' id='line_1_30' title="bbox 195 1620 1244 1674; baseline 0.003 -15"><span class='ocrx_word' id='word_1_192' title='bbox 195 1620 282 1660; x_wconf 82' lang='lat'>126.</span> <span class='ocrx_word' id='word_1_193' title='bbox 312 1621 387 1660; x_wconf 92' lang='lat' dir='ltr'>Ob.</span> <span class='ocrx_word' id='word_1_194' title='bbox 430 1623 556 1674; x_wconf 89' lang='lat' dir='ltr'>primo</span> <span class='ocrx_word' id='word_1_195' title='bbox 583 1623 624 1661; x_wconf 84' lang='lat' dir='ltr'>S.</span> <span class='ocrx_word' id='word_1_196' title='bbox 655 1622 793 1662; x_wconf 87' lang='lat' dir='ltr'>Paulus</span> <span class='ocrx_word' id='word_1_197' title='bbox 835 1624 882 1662; x_wconf 83' lang='lat' dir='ltr'>ad</span> <span class='ocrx_word' id='word_1_198' title='bbox 918 1622 1058 1663; x_wconf 87' lang='lat' dir='ltr'>Coloss.</span> <span class='ocrx_word' id='word_1_199' title='bbox 1103 1623 1146 1662; x_wconf 89' lang='lat' dir='ltr'>L.</span> <span class='ocrx_word' id='word_1_200' title='bbox 1180 1625 1244 1670; x_wconf 71' lang='lat'>24.</span> 
     </span>
     <span class='ocr_line' id='line_1_31' title="bbox 138 1672 1246 1728; baseline 0.005 -19"><span class='ocrx_word' id='word_1_201' title='bbox 138 1672 370 1724; x_wconf 83' lang='lat' dir='ltr'>Adimpleo‚</span> <span class='ocrx_word' id='word_1_202' title='bbox 412 1676 565 1728; x_wconf 87' lang='lat' dir='ltr'>inquit,</span> <span class='ocrx_word' id='word_1_203' title='bbox 607 1690 695 1727; x_wconf 80' lang='lat' dir='ltr'>quae</span> <span class='ocrx_word' id='word_1_204' title='bbox 725 1676 864 1714; x_wconf 72' lang='lat' dir='ltr'>desunt</span> <span class='ocrx_word' id='word_1_205' title='bbox 894 1681 1070 1727; x_wconf 66' lang='lat' dir='ltr'>passioni</span> <span class='ocrx_word' id='word_1_206' title='bbox 1103 1676 1246 1715; x_wconf 69' lang='lat' dir='ltr'>Christi</span> 
     </span>
     <span class='ocr_line' id='line_1_32' title="bbox 136 1729 1243 1781; baseline 0.005 -18"><span class='ocrx_word' id='word_1_207' title='bbox 136 1729 178 1763; x_wconf 80' lang='lat' dir='ltr'>in</span> <span class='ocrx_word' id='word_1_208' title='bbox 208 1738 332 1764; x_wconf 86' lang='lat' dir='ltr'>carne</span> <span class='ocrx_word' id='word_1_209' title='bbox 361 1739 454 1764; x_wconf 79' lang='lat' dir='ltr'>mea</span> <span class='ocrx_word' id='word_1_210' title='bbox 483 1742 553 1779; x_wconf 86' lang='lat' dir='ltr'>pro</span> <span class='ocrx_word' id='word_1_211' title='bbox 595 1741 755 1779; x_wconf 82' lang='lat' dir='ltr'>corpore</span> <span class='ocrx_word' id='word_1_212' title='bbox 784 1731 870 1781; x_wconf 80' lang='lat' dir='ltr'>ejus</span> <span class='ocrx_word' id='word_1_213' title='bbox 891 1760 902 1777; x_wconf 84' lang='lat'>,</span> <span class='ocrx_word' id='word_1_214' title='bbox 945 1730 1048 1780; x_wconf 66' lang='lat' dir='ltr'>quoti</span> <span class='ocrx_word' id='word_1_215' title='bbox 1076 1740 1133 1768; x_wconf 82' lang='lat' dir='ltr'>est</span> <span class='ocrx_word' id='word_1_216' title='bbox 1162 1729 1243 1768; x_wconf 85' lang='lat' dir='ltr'>Ec-</span> 
     </span>
     <span class='ocr_line' id='line_1_33' title="bbox 133 1779 1244 1834; baseline 0.005 -18"><span class='ocrx_word' id='word_1_217' title='bbox 133 1779 288 1817; x_wconf 82' lang='lat' dir='ltr'>clesia:</span> <span class='ocrx_word' id='word_1_218' title='bbox 317 1793 388 1818; x_wconf 89' lang='lat' dir='ltr'>non</span> <span class='ocrx_word' id='word_1_219' title='bbox 417 1794 504 1832; x_wconf 90' lang='lat' dir='ltr'>ergo</span> <span class='ocrx_word' id='word_1_220' title='bbox 533 1782 724 1833; x_wconf 89' lang='lat' dir='ltr'>perfecta,</span> <span class='ocrx_word' id='word_1_221' title='bbox 758 1781 791 1818; x_wconf 74' lang='lat' dir='ltr'>St</span> <span class='ocrx_word' id='word_1_222' title='bbox 821 1782 1010 1834; x_wconf 84' lang='lat' dir='ltr'>completa</span> <span class='ocrx_word' id='word_1_223' title='bbox 1038 1783 1110 1822; x_wconf 85' lang='lat' dir='ltr'>fuit</span> <span class='ocrx_word' id='word_1_224' title='bbox 1137 1786 1244 1822; x_wconf 80' lang='lat' dir='ltr'>satis·</span> 
     </span>
     <span class='ocr_line' id='line_1_34' title="bbox 135 1832 999 1885; baseline 0.003 -15"><span class='ocrx_word' id='word_1_225' title='bbox 135 1832 251 1871; x_wconf 80' lang='lat' dir='ltr'>factio</span> <span class='ocrx_word' id='word_1_226' title='bbox 278 1847 301 1872; x_wconf 80' lang='lat' dir='ltr'>a</span> <span class='ocrx_word' id='word_1_227' title='bbox 326 1832 474 1872; x_wconf 91' lang='lat' dir='ltr'>Christo</span> <span class='ocrx_word' id='word_1_228' title='bbox 503 1847 572 1885; x_wconf 91' lang='lat' dir='ltr'>pro</span> <span class='ocrx_word' id='word_1_229' title='bbox 600 1834 775 1873; x_wconf 89' lang='lat' dir='ltr'>Ecclesia</span> <span class='ocrx_word' id='word_1_230' title='bbox 803 1835 999 1874; x_wconf 82' lang='lat' dir='ltr'>exhibita.</span> 
     </span>
    </p>

    <p class='ocr_par' dir='ltr' id='par_1_5' title="bbox 131 1885 1244 2678">
     <span class='ocr_line' id='line_1_35' title="bbox 140 1885 1244 1938; baseline 0.003 -15"><span class='ocrx_word' id='word_1_231' title='bbox 140 1931 143 1933; x_wconf 16' lang='grc' dir='ltr'><strong>Α</strong></span> <span class='ocrx_word' id='word_1_232' title='bbox 194 1899 280 1938; x_wconf 83' lang='lat'>¹²7·</span> <span class='ocrx_word' id='word_1_233' title='bbox 312 1885 424 1938; x_wconf 86' lang='lat' dir='ltr'>Resp.</span> <span class='ocrx_word' id='word_1_234' title='bbox 454 1900 544 1925; x_wconf 88' lang='lat' dir='ltr'>cum</span> <span class='ocrx_word' id='word_1_235' title='bbox 571 1887 613 1926; x_wconf 91' lang='lat' dir='ltr'>S.</span> <span class='ocrx_word' id='word_1_236' title='bbox 644 1887 793 1926; x_wconf 81' lang='lat' dir='ltr'>Thotna</span> <span class='ocrx_word' id='word_1_237' title='bbox 823 1889 928 1926; x_wconf 85' lang='lat' dir='ltr'>Lect.</span> <span class='ocrx_word' id='word_1_238' title='bbox 958 1888 1026 1926; x_wconf 86' lang='lat' dir='ltr'>VI.</span> <span class='ocrx_word' id='word_1_239' title='bbox 1070 1889 1110 1926; x_wconf 91' lang='lat' dir='ltr'>in</span> <span class='ocrx_word' id='word_1_240' title='bbox 1141 1888 1244 1927; x_wconf 88' lang='lat' dir='ltr'>hunc</span> 
     </span>
     <span class='ocr_line' id='line_1_36' title="bbox 132 1936 1244 1992; baseline 0.002 -16"><span class='ocrx_word' id='word_1_241' title='bbox 132 1936 262 1977; x_wconf 90' lang='lat' dir='ltr'>locum</span> <span class='ocrx_word' id='word_1_242' title='bbox 279 1968 290 1988; x_wconf 90' lang='lat'>‚</span> <span class='ocrx_word' id='word_1_243' title='bbox 338 1969 366 1989; x_wconf 88' lang='lat'><strong>„</strong></span> <span class='ocrx_word' id='word_1_244' title='bbox 395 1940 478 1978; x_wconf 83' lang='lat' dir='ltr'>haec</span> <span class='ocrx_word' id='word_1_245' title='bbox 506 1940 623 1979; x_wconf 81' lang='lat' dir='ltr'>verba</span> <span class='ocrx_word' id='word_1_246' title='bbox 649 1942 858 1979; x_wconf 87' lang='lat' dir='ltr'>secuudum</span> <span class='ocrx_word' id='word_1_247' title='bbox 887 1941 1132 1992; x_wconf 87' lang='lat' dir='ltr'>superficiem</span> <span class='ocrx_word' id='word_1_248' title='bbox 1163 1955 1244 1978; x_wconf 86' lang='lat' dir='ltr'>ma-</span> 
     </span>
     <span class='ocr_line' id='line_1_37' title="bbox 134 1991 1244 2045; baseline 0.003 -16"><span class='ocrx_word' id='word_1_249' title='bbox 134 2021 161 2041; x_wconf 86' lang='lat'>„</span> <span class='ocrx_word' id='word_1_250' title='bbox 190 1991 272 2030; x_wconf 90' lang='lat' dir='ltr'>lum</span> <span class='ocrx_word' id='word_1_251' title='bbox 293 2006 398 2045; x_wconf 88' lang='lat' dir='ltr'>posse</span> <span class='ocrx_word' id='word_1_252' title='bbox 417 1993 557 2031; x_wconf 89' lang='lat' dir='ltr'>habere</span> <span class='ocrx_word' id='word_1_253' title='bbox 575 1993 828 2042; x_wconf 82' lang='lat' dir='ltr'>intellectum,</span> <span class='ocrx_word' id='word_1_254' title='bbox 858 1993 1003 2031; x_wconf 88' lang='lat' dir='ltr'>scilicet</span> <span class='ocrx_word' id='word_1_255' title='bbox 1017 1993 1118 2045; x_wconf 90' lang='lat' dir='ltr'>quod</span> <span class='ocrx_word' id='word_1_256' title='bbox 1131 1993 1244 2032; x_wconf 86' lang='lat' dir='ltr'>Chri-</span> 
     </span>
     <span class='ocr_line' id='line_1_38' title="bbox 132 2045 1242 2098; baseline 0 -15"><span class='ocrx_word' id='word_1_257' title='bbox 132 2072 161 2093; x_wconf 83' lang='lat'>„</span> <span class='ocrx_word' id='word_1_258' title='bbox 190 2047 234 2083; x_wconf 87' lang='lat' dir='ltr'>sti</span> <span class='ocrx_word' id='word_1_259' title='bbox 264 2047 387 2098; x_wconf 88' lang='lat' dir='ltr'>passio</span> <span class='ocrx_word' id='word_1_260' title='bbox 415 2059 487 2083; x_wconf 89' lang='lat' dir='ltr'>non</span> <span class='ocrx_word' id='word_1_261' title='bbox 515 2054 609 2083; x_wconf 87' lang='lat' dir='ltr'>esset</span> <span class='ocrx_word' id='word_1_262' title='bbox 637 2045 826 2083; x_wconf 81' lang='lat' dir='ltr'>sufficiens</span> <span class='ocrx_word' id='word_1_263' title='bbox 847 2045 894 2083; x_wconf 89' lang='lat' dir='ltr'>ad</span> <span class='ocrx_word' id='word_1_264' title='bbox 917 2047 1242 2098; x_wconf 82' lang='lat' dir='ltr'>redemptionem,</span> 
     </span>
     <span class='ocr_line' id='line_1_39' title="bbox 132 2098 1241 2150; baseline -0.001 -15"><span class='ocrx_word' id='word_1_265' title='bbox 132 2126 161 2146; x_wconf 86' lang='lat'><strong>„</strong></span> <span class='ocrx_word' id='word_1_266' title='bbox 190 2098 254 2135; x_wconf 80' lang='lat' dir='ltr'>sed</span> <span class='ocrx_word' id='word_1_267' title='bbox 281 2099 369 2136; x_wconf 80' lang='lat' dir='ltr'>addi</span> <span class='ocrx_word' id='word_1_268' title='bbox 397 2098 535 2135; x_wconf 85' lang='lat' dir='ltr'>debere</span> <span class='ocrx_word' id='word_1_269' title='bbox 548 2098 596 2136; x_wconf 89' lang='lat' dir='ltr'>ad</span> <span class='ocrx_word' id='word_1_270' title='bbox 610 2098 936 2150; x_wconf 86' lang='lat' dir='ltr'>complementum</span> <span class='ocrx_word' id='word_1_271' title='bbox 953 2101 1135 2149; x_wconf 85' lang='lat' dir='ltr'>passionis</span> <span class='ocrx_word' id='word_1_272' title='bbox 1149 2099 1241 2135; x_wconf 87' lang='lat' dir='ltr'>San-</span> 
     </span>
     <span class='ocr_line' id='line_1_40' title="bbox 133 2149 1242 2200; baseline 0 -13"><span class='ocrx_word' id='word_1_273' title='bbox 133 2178 160 2199; x_wconf 84' lang='lat'><strong>„</strong></span> <span class='ocrx_word' id='word_1_274' title='bbox 191 2158 337 2188; x_wconf 87' lang='lat' dir='ltr'>ctorum</span> <span class='ocrx_word' id='word_1_275' title='bbox 355 2177 366 2188; x_wconf 94' lang='lat'>.</span> <span class='ocrx_word' id='word_1_276' title='bbox 395 2149 475 2188; x_wconf 84' lang='lat' dir='ltr'>Sed</span> <span class='ocrx_word' id='word_1_277' title='bbox 502 2149 573 2188; x_wconf 78' lang='lat' dir='ltr'>hoc</span> <span class='ocrx_word' id='word_1_278' title='bbox 602 2160 659 2187; x_wconf 78' lang='lat' dir='ltr'>est</span> <span class='ocrx_word' id='word_1_279' title='bbox 680 2151 937 2195; x_wconf 82' lang='lat' dir='ltr'>hoereticum,</span> <span class='ocrx_word' id='word_1_280' title='bbox 966 2151 1059 2200; x_wconf 86' lang='lat' dir='ltr'>quia</span> <span class='ocrx_word' id='word_1_281' title='bbox 1079 2149 1242 2199; x_wconf 81' lang='lat' dir='ltr'>Sanguis</span> 
     </span>
     <span class='ocr_line' id='line_1_41' title="bbox 131 2201 1242 2252; baseline 0.002 -14"><span class='ocrx_word' id='word_1_282' title='bbox 131 2229 160 2250; x_wconf 61' lang='lat'>2,</span> <span class='ocrx_word' id='word_1_283' title='bbox 188 2201 329 2239; x_wconf 85' lang='lat' dir='ltr'>Christi</span> <span class='ocrx_word' id='word_1_284' title='bbox 373 2210 426 2238; x_wconf 87' lang='lat' dir='ltr'>est</span> <span class='ocrx_word' id='word_1_285' title='bbox 466 2201 659 2238; x_wconf 85' lang='lat' dir='ltr'>sufficiens</span> <span class='ocrx_word' id='word_1_286' title='bbox 699 2201 746 2238; x_wconf 80' lang='lat' dir='ltr'>ad</span> <span class='ocrx_word' id='word_1_287' title='bbox 782 2201 1084 2252; x_wconf 87' lang='lat' dir='ltr'>redemptionem</span> <span class='ocrx_word' id='word_1_288' title='bbox 1126 2205 1242 2240; x_wconf 85' lang='lat' dir='ltr'>etiam</span> 
     </span>
     <span class='ocr_line' id='line_1_42' title="bbox 131 2252 1241 2305; baseline 0.001 -15"><span class='ocrx_word' id='word_1_289' title='bbox 131 2282 159 2302; x_wconf 86' lang='lat'>‚‚</span> <span class='ocrx_word' id='word_1_290' title='bbox 189 2252 398 2291; x_wconf 85' lang='lat' dir='ltr'>multorum</span> <span class='ocrx_word' id='word_1_291' title='bbox 439 2254 699 2291; x_wconf 83' lang='lat' dir='ltr'>mundorum.</span> <span class='ocrx_word' id='word_1_292' title='bbox 729 2256 755 2274; x_wconf 89' lang='lat'><strong>“</strong></span> <span class='ocrx_word' id='word_1_293' title='bbox 803 2252 971 2305; x_wconf 86' lang='lat' dir='ltr'>Exploso</span> <span class='ocrx_word' id='word_1_294' title='bbox 1013 2255 1128 2305; x_wconf 83' lang='lat' dir='ltr'>igitur</span> <span class='ocrx_word' id='word_1_295' title='bbox 1168 2254 1241 2292; x_wconf 90' lang='lat' dir='ltr'>hoc</span> 
     </span>
     <span class='ocr_line' id='line_1_43' title="bbox 131 2305 1242 2359; baseline 0.004 -17"><span class='ocrx_word' id='word_1_296' title='bbox 131 2317 309 2358; x_wconf 86' lang='lat' dir='ltr'>perverso</span> <span class='ocrx_word' id='word_1_297' title='bbox 336 2319 445 2344; x_wconf 86' lang='lat' dir='ltr'>sensu</span> <span class='ocrx_word' id='word_1_298' title='bbox 474 2307 536 2355; x_wconf 16' lang='lat' dir='ltr'>ita*</span> <span class='ocrx_word' id='word_1_299' title='bbox 555 2305 758 2344; x_wconf 82' lang='lat' dir='ltr'>Paulinum</span> <span class='ocrx_word' id='word_1_300' title='bbox 796 2315 938 2344; x_wconf 80' lang='lat' dir='ltr'>textum</span> <span class='ocrx_word' id='word_1_301' title='bbox 968 2307 1134 2359; x_wconf 87' lang='lat' dir='ltr'>explicat</span> <span class='ocrx_word' id='word_1_302' title='bbox 1162 2307 1242 2347; x_wconf 87' lang='lat' dir='ltr'>An-</span> 
     </span>
     <span class='ocr_line' id='line_1_44' title="bbox 131 2358 1241 2412; baseline 0.003 -17"><span class='ocrx_word' id='word_1_303' title='bbox 131 2358 302 2410; x_wconf 85' lang='lat' dir='ltr'>gelicus,</span> <span class='ocrx_word' id='word_1_304' title='bbox 331 2359 432 2411; x_wconf 87' lang='lat' dir='ltr'>quod</span> <span class='ocrx_word' id='word_1_305' title='bbox 459 2358 630 2398; x_wconf 69' lang='lat' dir='ltr'>Christus</span> <span class='ocrx_word' id='word_1_306' title='bbox 647 2389 658 2407; x_wconf 91' lang='lat'>‚</span> <span class='ocrx_word' id='word_1_307' title='bbox 687 2358 722 2395; x_wconf 84' lang='lat'>&amp;</span> <span class='ocrx_word' id='word_1_308' title='bbox 741 2358 913 2398; x_wconf 83' lang='lat' dir='ltr'>Ecclesia</span> <span class='ocrx_word' id='word_1_309' title='bbox 942 2371 1025 2399; x_wconf 87' lang='lat' dir='ltr'>sunt</span> <span class='ocrx_word' id='word_1_310' title='bbox 1054 2375 1129 2398; x_wconf 88' lang='lat' dir='ltr'>una</span> <span class='ocrx_word' id='word_1_311' title='bbox 1156 2374 1241 2412; x_wconf 86' lang='lat' dir='ltr'>per-</span> 
     </span>
     <span class='ocr_line' id='line_1_45' title="bbox 132 2411 1241 2466; baseline 0 -16"><span class='ocrx_word' id='word_1_312' title='bbox 132 2424 224 2450; x_wconf 83' lang='lat' dir='ltr'>sona</span> <span class='ocrx_word' id='word_1_313' title='bbox 252 2413 412 2464; x_wconf 88' lang='lat' dir='ltr'>mystica</span> <span class='ocrx_word' id='word_1_314' title='bbox 429 2441 440 2459; x_wconf 91' lang='lat'>,</span> <span class='ocrx_word' id='word_1_315' title='bbox 469 2411 579 2463; x_wconf 85' lang='lat' dir='ltr'>cujus</span> <span class='ocrx_word' id='word_1_316' title='bbox 608 2421 721 2464; x_wconf 85' lang='lat' dir='ltr'>caput</span> <span class='ocrx_word' id='word_1_317' title='bbox 750 2422 801 2450; x_wconf 90' lang='lat' dir='ltr'>est</span> <span class='ocrx_word' id='word_1_318' title='bbox 820 2412 991 2452; x_wconf 89' lang='lat' dir='ltr'>Christus</span> <span class='ocrx_word' id='word_1_319' title='bbox 1008 2444 1018 2463; x_wconf 88' lang='lat'>,</span> <span class='ocrx_word' id='word_1_320' title='bbox 1047 2426 1181 2466; x_wconf 88' lang='lat' dir='ltr'>corpus</span> <span class='ocrx_word' id='word_1_321' title='bbox 1201 2426 1241 2450; x_wconf 92' lang='lat'>0-</span> 
     </span>
     <span class='ocr_line' id='line_1_46' title="bbox 133 2463 1241 2519; baseline 0.001 -16"><span class='ocrx_word' id='word_1_322' title='bbox 133 2479 240 2504; x_wconf 87' lang='lat' dir='ltr'>mues</span> <span class='ocrx_word' id='word_1_323' title='bbox 267 2463 384 2516; x_wconf 88' lang='lat' dir='ltr'>justi.</span> <span class='ocrx_word' id='word_1_324' title='bbox 429 2465 530 2503; x_wconf 82' lang='lat' dir='ltr'>Deus</span> <span class='ocrx_word' id='word_1_325' title='bbox 559 2475 684 2503; x_wconf 88' lang='lat' dir='ltr'>autem</span> <span class='ocrx_word' id='word_1_326' title='bbox 714 2466 902 2503; x_wconf 86' lang='lat' dir='ltr'>ordinavit</span> <span class='ocrx_word' id='word_1_327' title='bbox 932 2467 970 2504; x_wconf 90' lang='lat' dir='ltr'>in</span> <span class='ocrx_word' id='word_1_328' title='bbox 1001 2481 1068 2506; x_wconf 87' lang='lat' dir='ltr'>sua</span> <span class='ocrx_word' id='word_1_329' title='bbox 1097 2468 1241 2519; x_wconf 59' lang='lat' dir='ltr'>praede-</span> 
     </span>
     <span class='ocr_line' id='line_1_47' title="bbox 134 2519 1243 2571; baseline 0.001 -16"><span class='ocrx_word' id='word_1_330' title='bbox 134 2519 357 2565; x_wconf 86' lang='lat' dir='ltr'>stinatione,</span> <span class='ocrx_word' id='word_1_331' title='bbox 399 2528 583 2571; x_wconf 86' lang='lat' dir='ltr'>quantum</span> <span class='ocrx_word' id='word_1_332' title='bbox 614 2521 837 2557; x_wconf 87' lang='lat' dir='ltr'>meritorum</span> <span class='ocrx_word' id='word_1_333' title='bbox 875 2519 1035 2558; x_wconf 81' lang='lat' dir='ltr'>debebat</span> <span class='ocrx_word' id='word_1_334' title='bbox 1070 2534 1147 2558; x_wconf 83' lang='lat' dir='ltr'>esse</span> <span class='ocrx_word' id='word_1_335' title='bbox 1177 2533 1243 2571; x_wconf 83' lang='lat' dir='ltr'>per</span> 
     </span>
     <span class='ocr_line' id='line_1_48' title="bbox 132 2570 1240 2625; baseline 0.003 -17"><span class='ocrx_word' id='word_1_336' title='bbox 132 2579 248 2609; x_wconf 84' lang='lat' dir='ltr'>totam</span> <span class='ocrx_word' id='word_1_337' title='bbox 278 2570 518 2621; x_wconf 85' lang='lat' dir='ltr'>Ecclesiam,</span> <span class='ocrx_word' id='word_1_338' title='bbox 563 2580 639 2610; x_wconf 84' lang='lat' dir='ltr'>tam</span> <span class='ocrx_word' id='word_1_339' title='bbox 670 2574 708 2610; x_wconf 88' lang='lat' dir='ltr'>in</span> <span class='ocrx_word' id='word_1_340' title='bbox 737 2574 861 2624; x_wconf 84' lang='lat' dir='ltr'>capite</span> <span class='ocrx_word' id='word_1_341' title='bbox 902 2587 1019 2625; x_wconf 82' lang='lat' dir='ltr'>quain</span> <span class='ocrx_word' id='word_1_342' title='bbox 1051 2575 1089 2612; x_wconf 90' lang='lat' dir='ltr'>in</span> <span class='ocrx_word' id='word_1_343' title='bbox 1120 2587 1240 2611; x_wconf 83' lang='grc'><strong>1110111-</strong></span> 
     </span>
     <span class='ocr_line' id='line_1_49' title="bbox 131 2623 1242 2678; baseline 0 -14"><span class='ocrx_word' id='word_1_344' title='bbox 131 2623 239 2665; x_wconf 84' lang='lat' dir='ltr'>bris.</span> <span class='ocrx_word' id='word_1_345' title='bbox 285 2624 425 2666; x_wconf 85' lang='lat' dir='ltr'>Christi</span> <span class='ocrx_word' id='word_1_346' title='bbox 455 2626 590 2665; x_wconf 87' lang='lat' dir='ltr'>merita</span> <span class='ocrx_word' id='word_1_347' title='bbox 630 2635 714 2665; x_wconf 87' lang='lat' dir='ltr'>sunt</span> <span class='ocrx_word' id='word_1_348' title='bbox 743 2625 917 2673; x_wconf 82' lang='lat' dir='ltr'>infinita3</span> <span class='ocrx_word' id='word_1_349' title='bbox 964 2626 1126 2678; x_wconf 86' lang='lat' dir='ltr'>quilibet</span> <span class='ocrx_word' id='word_1_350' title='bbox 1155 2639 1242 2666; x_wconf 87' lang='lat' dir='ltr'>vero</span> 
     </span>
    </p>
   </div>
   <div class='ocr_carea' id='block_1_3' title="bbox 128 2815 1244 3325">
    <p class='ocr_par' dir='ltr' id='par_1_6' title="bbox 132 2815 1244 3096">
     <span class='ocr_line' id='line_1_50' title="bbox 135 2815 1244 2864; baseline 0.005 -16"><span class='ocrx_word' id='word_1_351' title='bbox 135 2836 164 2857; x_wconf 87' lang='lat'>„</span> <span class='ocrx_word' id='word_1_352' title='bbox 188 2822 244 2849; x_wconf 80' lang='lat' dir='ltr'>tur</span> <span class='ocrx_word' id='word_1_353' title='bbox 260 2838 270 2857; x_wconf 85' lang='lat'>‚</span> <span class='ocrx_word' id='word_1_354' title='bbox 295 2818 394 2852; x_wconf 86' lang='lat' dir='ltr'>sicuti</span> <span class='ocrx_word' id='word_1_355' title='bbox 420 2816 481 2858; x_wconf 90' lang='lat' dir='ltr'>hi,</span> <span class='ocrx_word' id='word_1_356' title='bbox 506 2819 565 2863; x_wconf 84' lang='lat' dir='ltr'>qui</span> <span class='ocrx_word' id='word_1_357' title='bbox 593 2815 707 2864; x_wconf 70' lang='lat' dir='ltr'>gladio</span> <span class='ocrx_word' id='word_1_358' title='bbox 733 2818 1006 2854; x_wconf 84' lang='lat' dir='ltr'>interficiuntur.</span> <span class='ocrx_word' id='word_1_359' title='bbox 1032 2824 1057 2843; x_wconf 86' lang='lat'><strong>“</strong></span> <span class='ocrx_word' id='word_1_360' title='bbox 1083 2821 1172 2854; x_wconf 81' lang='lat' dir='ltr'>Cum</span> <span class='ocrx_word' id='word_1_361' title='bbox 1193 2831 1244 2854; x_wconf 84' lang='lat' dir='ltr'>ve-</span> 
     </span>
     <span class='ocr_line' id='line_1_51' title="bbox 135 2862 1242 2911; baseline 0.005 -17"><span class='ocrx_word' id='word_1_362' title='bbox 135 2873 176 2895; x_wconf 86' lang='lat' dir='ltr'>ro</span> <span class='ocrx_word' id='word_1_363' title='bbox 200 2862 265 2895; x_wconf 81' lang='lat' dir='ltr'>sibi</span> <span class='ocrx_word' id='word_1_364' title='bbox 290 2864 501 2908; x_wconf 78' lang='lat' dir='ltr'>objecisset,</span> <span class='ocrx_word' id='word_1_365' title='bbox 538 2865 705 2909; x_wconf 73' lang='lat' dir='ltr'>quosdam</span> <span class='ocrx_word' id='word_1_366' title='bbox 733 2869 908 2911; x_wconf 78' lang='lat' dir='ltr'>Martyres</span> <span class='ocrx_word' id='word_1_367' title='bbox 935 2867 1138 2900; x_wconf 71' lang='lat' dir='ltr'>sustinuisse</span> <span class='ocrx_word' id='word_1_368' title='bbox 1165 2879 1242 2911; x_wconf 78' lang='lat' dir='ltr'>gra-</span> 
     </span>
     <span class='ocr_line' id='line_1_52' title="bbox 135 2908 1243 2958; baseline 0.006 -19"><span class='ocrx_word' id='word_1_369' title='bbox 135 2909 276 2948; x_wconf 82' lang='lat' dir='ltr'>viores,</span> <span class='ocrx_word' id='word_1_370' title='bbox 301 2912 332 2941; x_wconf 72' lang='lat'>3&lt;</span> <span class='ocrx_word' id='word_1_371' title='bbox 357 2908 591 2946; x_wconf 83' lang='lat' dir='ltr'>diuturniores</span> <span class='ocrx_word' id='word_1_372' title='bbox 618 2915 815 2957; x_wconf 67' lang='lat' dir='ltr'>passiones,</span> <span class='ocrx_word' id='word_1_373' title='bbox 843 2912 1022 2958; x_wconf 78' lang='lat' dir='ltr'>respondet</span> <span class='ocrx_word' id='word_1_374' title='bbox 1049 2913 1089 2946; x_wconf 86' lang='lat' dir='ltr'>ad</span> <span class='ocrx_word' id='word_1_375' title='bbox 1115 2925 1141 2946; x_wconf 92' lang='grc'>1.</span> <span class='ocrx_word' id='word_1_376' title='bbox 1169 2927 1243 2946; x_wconf 70' lang='lat' dir='ltr'>eos-</span> 
     </span>
     <span class='ocr_line' id='line_1_53' title="bbox 134 2953 1242 3004; baseline 0.006 -19"><span class='ocrx_word' id='word_1_377' title='bbox 134 2953 216 2986; x_wconf 75' lang='lat' dir='ltr'>dem</span> <span class='ocrx_word' id='word_1_378' title='bbox 241 2955 455 2988; x_wconf 82' lang='lat' dir='ltr'>solummodo</span> <span class='ocrx_word' id='word_1_379' title='bbox 479 2958 658 2992; x_wconf 78' lang='lat' dir='ltr'>sensibiles</span> <span class='ocrx_word' id='word_1_380' title='bbox 683 2958 816 2993; x_wconf 84' lang='lat' dir='ltr'>dolores</span> <span class='ocrx_word' id='word_1_381' title='bbox 854 2960 1036 3003; x_wconf 65' lang='lat' dir='ltr'>pertulisse</span> <span class='ocrx_word' id='word_1_382' title='bbox 1061 2973 1101 2992; x_wconf 82' lang='lat' dir='ltr'>ex</span> <span class='ocrx_word' id='word_1_383' title='bbox 1130 2973 1242 3004; x_wconf 79' lang='lat' dir='ltr'>corpo-</span> 
     </span>
     <span class='ocr_line' id='line_1_54' title="bbox 132 3000 1242 3049; baseline 0.005 -16"><span class='ocrx_word' id='word_1_384' title='bbox 132 3000 200 3034; x_wconf 73' lang='lat' dir='ltr'>rali</span> <span class='ocrx_word' id='word_1_385' title='bbox 228 3000 365 3034; x_wconf 74' lang='lat' dir='ltr'>loesione</span> <span class='ocrx_word' id='word_1_386' title='bbox 381 3023 390 3040; x_wconf 88' lang='lat'>‚</span> <span class='ocrx_word' id='word_1_387' title='bbox 416 3002 499 3035; x_wconf 82' lang='lat' dir='ltr'>Jesn</span> <span class='ocrx_word' id='word_1_388' title='bbox 524 3005 655 3039; x_wconf 78' lang='lat' dir='ltr'>Christi</span> <span class='ocrx_word' id='word_1_389' title='bbox 683 3016 798 3039; x_wconf 86' lang='lat' dir='ltr'>autem</span> <span class='ocrx_word' id='word_1_390' title='bbox 825 3006 1018 3049; x_wconf 67' lang='lat' dir='ltr'>passionem</span> <span class='ocrx_word' id='word_1_391' title='bbox 1043 3007 1146 3039; x_wconf 83' lang='lat' dir='ltr'>fuisse</span> <span class='ocrx_word' id='word_1_392' title='bbox 1167 3019 1242 3039; x_wconf 74' lang='lat' dir='ltr'>tna-</span> 
     </span>
     <span class='ocr_line' id='line_1_55' title="bbox 133 3048 975 3096; baseline 0.005 -16"><span class='ocrx_word' id='word_1_393' title='bbox 133 3058 247 3094; x_wconf 74' lang='lat' dir='ltr'>Jorern</span> <span class='ocrx_word' id='word_1_394' title='bbox 273 3058 313 3080; x_wconf 78' lang='lat' dir='ltr'>ex</span> <span class='ocrx_word' id='word_1_395' title='bbox 341 3048 418 3080; x_wconf 79' lang='lat' dir='ltr'>aliis</span> <span class='ocrx_word' id='word_1_396' title='bbox 444 3051 580 3090; x_wconf 83' lang='lat' dir='ltr'>causis,</span> <span class='ocrx_word' id='word_1_397' title='bbox 605 3063 690 3096; x_wconf 69' lang='lat' dir='ltr'>(pias</span> <span class='ocrx_word' id='word_1_398' title='bbox 718 3053 975 3086; x_wconf 71' lang='lat' dir='ltr'>recensuimus.</span> 
     </span>
    </p>

    <p class='ocr_par' dir='ltr' id='par_1_7' title="bbox 128 3093 1240 3325">
     <span class='ocr_line' id='line_1_56' title="bbox 182 3093 1239 3143; baseline 0.005 -16"><span class='ocrx_word' id='word_1_399' title='bbox 182 3093 344 3127; x_wconf 78' lang='lat' dir='ltr'>Declarat</span> <span class='ocrx_word' id='word_1_400' title='bbox 369 3094 452 3126; x_wconf 76' lang='lat' dir='ltr'>item</span> <span class='ocrx_word' id='word_1_401' title='bbox 478 3096 664 3138; x_wconf 79' lang='lat' dir='ltr'>Angelicus</span> <span class='ocrx_word' id='word_1_402' title='bbox 702 3098 743 3131; x_wconf 86' lang='lat' dir='ltr'>ad</span> <span class='ocrx_word' id='word_1_403' title='bbox 771 3101 803 3132; x_wconf 84' lang='lat'>3.</span> <span class='ocrx_word' id='word_1_404' title='bbox 824 3120 834 3139; x_wconf 89' lang='lat'>‚</span> <span class='ocrx_word' id='word_1_405' title='bbox 875 3110 909 3131; x_wconf 84' lang='lat' dir='ltr'>se</span> <span class='ocrx_word' id='word_1_406' title='bbox 935 3111 1002 3131; x_wconf 88' lang='lat' dir='ltr'>non</span> <span class='ocrx_word' id='word_1_407' title='bbox 1041 3110 1239 3143; x_wconf 72' lang='lat' dir='ltr'>comparare</span> 
     </span>
     <span class='ocr_line' id='line_1_57' title="bbox 130 3138 1240 3189; baseline 0.002 -15"><span class='ocrx_word' id='word_1_408' title='bbox 130 3140 266 3174; x_wconf 84' lang='lat' dir='ltr'>dolores</span> <span class='ocrx_word' id='word_1_409' title='bbox 290 3138 422 3173; x_wconf 82' lang='lat' dir='ltr'>Christi</span> <span class='ocrx_word' id='word_1_410' title='bbox 449 3138 624 3174; x_wconf 87' lang='lat' dir='ltr'>doloribus</span> <span class='ocrx_word' id='word_1_411' title='bbox 651 3143 918 3179; x_wconf 77' lang='lat' dir='ltr'>damnatorum:</span> <span class='ocrx_word' id='word_1_412' title='bbox 957 3146 1038 3189; x_wconf 73' lang='lat' dir='ltr'>quia</span> <span class='ocrx_word' id='word_1_413' title='bbox 1064 3143 1240 3178; x_wconf 60' lang='lat' dir='ltr'>‹lainimtio</span> 
     </span>
     <span class='ocr_line' id='line_1_58' title="bbox 129 3185 1238 3235; baseline 0.003 -15"><span class='ocrx_word' id='word_1_414' title='bbox 129 3185 267 3220; x_wconf 81' lang='lat' dir='ltr'>excedit</span> <span class='ocrx_word' id='word_1_415' title='bbox 294 3197 395 3219; x_wconf 81' lang='lat' dir='ltr'>omne</span> <span class='ocrx_word' id='word_1_416' title='bbox 420 3186 553 3220; x_wconf 65' lang='lat' dir='ltr'>malum</span> <span class='ocrx_word' id='word_1_417' title='bbox 577 3187 681 3231; x_wconf 87' lang='lat' dir='ltr'>hujus</span> <span class='ocrx_word' id='word_1_418' title='bbox 704 3193 806 3233; x_wconf 67' lang='lat' dir='ltr'>vitae,</span> <span class='ocrx_word' id='word_1_419' title='bbox 831 3193 921 3225; x_wconf 85' lang='lat' dir='ltr'>sicut</span> <span class='ocrx_word' id='word_1_420' title='bbox 939 3193 1144 3225; x_wconf 73' lang='lat' dir='ltr'>Sanctorum</span> <span class='ocrx_word' id='word_1_421' title='bbox 1165 3193 1238 3235; x_wconf 78' lang='lat' dir='ltr'>glo-</span> 
     </span>
     <span class='ocr_line' id='line_1_59' title="bbox 128 3232 1237 3281; baseline 0.003 -15"><span class='ocrx_word' id='word_1_422' title='bbox 128 3234 182 3267; x_wconf 78' lang='lat' dir='ltr'>ria</span> <span class='ocrx_word' id='word_1_423' title='bbox 207 3232 341 3266; x_wconf 83' lang='lat' dir='ltr'>excedit</span> <span class='ocrx_word' id='word_1_424' title='bbox 367 3244 468 3266; x_wconf 84' lang='lat' dir='ltr'>omne</span> <span class='ocrx_word' id='word_1_425' title='bbox 496 3233 625 3267; x_wconf 84' lang='lat' dir='ltr'>bonum</span> <span class='ocrx_word' id='word_1_426' title='bbox 653 3239 829 3279; x_wconf 71' lang='lat' dir='ltr'>praesentis</span> <span class='ocrx_word' id='word_1_427' title='bbox 848 3239 949 3270; x_wconf 74' lang='lat' dir='ltr'>vitae.</span> <span class='ocrx_word' id='word_1_428' title='bbox 975 3238 1052 3281; x_wconf 75' lang='lat' dir='ltr'>Qua</span> <span class='ocrx_word' id='word_1_429' title='bbox 1078 3238 1237 3270; x_wconf 76' lang='lat' dir='ltr'>doctrina</span> 
     </span>
     <span class='ocr_line' id='line_1_60' title="bbox 129 3280 1238 3325; baseline 0.001 -9"><span class='ocrx_word' id='word_1_430' title='bbox 129 3288 298 3325; x_wconf 66' lang='lat' dir='ltr'>apparet,</span> <span class='ocrx_word' id='word_1_431' title='bbox 339 3291 445 3325; x_wconf 77' lang='lat' dir='ltr'>quarn</span> <span class='ocrx_word' id='word_1_432' title='bbox 470 3280 570 3324; x_wconf 81' lang='lat' dir='ltr'>longe</span> <span class='ocrx_word' id='word_1_433' title='bbox 606 3282 714 3316; x_wconf 86' lang='lat' dir='ltr'>fuerit</span> <span class='ocrx_word' id='word_1_434' title='bbox 740 3283 783 3316; x_wconf 76' lang='lat' dir='ltr'>ab</span> <span class='ocrx_word' id='word_1_435' title='bbox 808 3284 870 3318; x_wconf 86' lang='lat' dir='ltr'>illa</span> <span class='ocrx_word' id='word_1_436' title='bbox 910 3283 1074 3319; x_wconf 86' lang='lat' dir='ltr'>horribili</span> <span class='ocrx_word' id='word_1_437' title='bbox 1100 3284 1238 3319; x_wconf 67' lang='lat' dir='ltr'>calvini</span> 
     </span>
    </p>
   </div>
   <div class='ocr_carea' id='block_1_4' title="bbox 2285 85 2363 111">
    <p class='ocr_par' dir='ltr' id='par_1_8' title="bbox 2285 85 2363 111">
     <span class='ocr_line' id='line_1_61' title="bbox 2285 85 2363 111; baseline 0 0"><span class='ocrx_word' id='word_1_438' title='bbox 2285 85 2363 111; x_wconf 73' lang='lat'>:²21</span> 
     </span>
    </p>
   </div>
   <div class='ocr_carea' id='block_1_5' title="bbox 1309 142 2430 2731">
    <p class='ocr_par' dir='ltr' id='par_1_9' title="bbox 1316 142 2430 763">
     <span class='ocr_line' id='line_1_62' title="bbox 1321 142 2429 194; baseline 0.006 -14"><span class='ocrx_word' id='word_1_439' title='bbox 1321 153 1468 180; x_wconf 77' lang='lat' dir='ltr'>sauctus</span> <span class='ocrx_word' id='word_1_440' title='bbox 1497 142 1648 180; x_wconf 74' lang='lat' dir='ltr'>exhibet</span> <span class='ocrx_word' id='word_1_441' title='bbox 1677 142 1807 194; x_wconf 81' lang='lat' dir='ltr'>aliqua</span> <span class='ocrx_word' id='word_1_442' title='bbox 1836 144 1969 182; x_wconf 89' lang='lat' dir='ltr'>merita</span> <span class='ocrx_word' id='word_1_443' title='bbox 1985 146 2192 185; x_wconf 84' lang='lat' dir='ltr'>secundum</span> <span class='ocrx_word' id='word_1_444' title='bbox 2208 159 2429 186; x_wconf 86' lang='lat' dir='ltr'>mensuram</span> 
     </span>
     <span class='ocr_line' id='line_1_63' title="bbox 1319 195 2429 252; baseline 0.007 -21"><span class='ocrx_word' id='word_1_445' title='bbox 1319 209 1454 240; x_wconf 80' lang='lat' dir='ltr'>sua1n3</span> <span class='ocrx_word' id='word_1_446' title='bbox 1485 196 1518 231; x_wconf 76' lang='lat'>8&lt;</span> <span class='ocrx_word' id='word_1_447' title='bbox 1549 196 1631 248; x_wconf 77' lang='lat' dir='ltr'>ideo</span> <span class='ocrx_word' id='word_1_448' title='bbox 1651 195 1740 232; x_wconf 88' lang='lat' dir='ltr'>dicit</span> <span class='ocrx_word' id='word_1_449' title='bbox 1758 198 1974 247; x_wconf 74' lang='lat' dir='ltr'>Apostolus:</span> <span class='ocrx_word' id='word_1_450' title='bbox 2005 198 2210 248; x_wconf 76' lang='lat' dir='ltr'>A.limpleo</span> <span class='ocrx_word' id='word_1_451' title='bbox 2239 214 2313 248; x_wconf 83' lang='lat' dir='ltr'>ea,</span> <span class='ocrx_word' id='word_1_452' title='bbox 2339 214 2429 252; x_wconf 82' lang='lat' dir='ltr'>quae</span> 
     </span>
     <span class='ocr_line' id='line_1_64' title="bbox 1321 247 2430 301; baseline 0.008 -17"><span class='ocrx_word' id='word_1_453' title='bbox 1321 247 1461 285; x_wconf 79' lang='lat' dir='ltr'>desunt</span> <span class='ocrx_word' id='word_1_454' title='bbox 1490 251 1665 297; x_wconf 70' lang='lat' dir='ltr'>passioni</span> <span class='ocrx_word' id='word_1_455' title='bbox 1689 247 1856 286; x_wconf 72' lang='lat' dir='ltr'>Christi:</span> <span class='ocrx_word' id='word_1_456' title='bbox 1884 251 1979 289; x_wconf 88' lang='lat' dir='ltr'>idest</span> <span class='ocrx_word' id='word_1_457' title='bbox 1999 254 2108 290; x_wconf 87' lang='lat' dir='ltr'>totius</span> <span class='ocrx_word' id='word_1_458' title='bbox 2125 253 2332 301; x_wconf 63' lang='lat' dir='ltr'>Ecclesia,</span> <span class='ocrx_word' id='word_1_459' title='bbox 2362 267 2430 292; x_wconf 78' lang='grc'><strong>011-</strong></span> 
     </span>
     <span class='ocr_line' id='line_1_65' title="bbox 1320 299 2428 350; baseline 0.008 -14"><span class='ocrx_word' id='word_1_460' title='bbox 1320 299 1381 350; x_wconf 78' lang='lat' dir='ltr'>jus</span> <span class='ocrx_word' id='word_1_461' title='bbox 1411 309 1462 336; x_wconf 89' lang='lat' dir='ltr'>est</span> <span class='ocrx_word' id='word_1_462' title='bbox 1490 310 1604 350; x_wconf 83' lang='lat' dir='ltr'>caput</span> <span class='ocrx_word' id='word_1_463' title='bbox 1631 299 1822 348; x_wconf 88' lang='lat' dir='ltr'>Christus,</span> <span class='ocrx_word' id='word_1_464' title='bbox 1852 303 2023 342; x_wconf 86' lang='lat' dir='ltr'>addendo</span> <span class='ocrx_word' id='word_1_465' title='bbox 2042 320 2262 344; x_wconf 80' lang='lat' dir='ltr'>mensurant</span> <span class='ocrx_word' id='word_1_466' title='bbox 2280 320 2428 346; x_wconf 78' lang='lat' dir='ltr'>ineam.</span> 
     </span>
     <span class='ocr_line' id='line_1_66' title="bbox 1321 352 2427 408; baseline 0.007 -18"><span class='ocrx_word' id='word_1_467' title='bbox 1321 353 1454 404; x_wconf 70' lang='lat' dir='ltr'>Neque</span> <span class='ocrx_word' id='word_1_468' title='bbox 1483 354 1588 389; x_wconf 87' lang='lat' dir='ltr'>enim</span> <span class='ocrx_word' id='word_1_469' title='bbox 1619 354 1670 389; x_wconf 82' lang='lat' dir='ltr'>ita</span> <span class='ocrx_word' id='word_1_470' title='bbox 1697 352 1865 392; x_wconf 77' lang='lat' dir='ltr'>Christus</span> <span class='ocrx_word' id='word_1_471' title='bbox 1888 356 2074 395; x_wconf 88' lang='lat' dir='ltr'>Dominus</span> <span class='ocrx_word' id='word_1_472' title='bbox 2091 358 2190 397; x_wconf 84' lang='lat' dir='ltr'>Patri</span> <span class='ocrx_word' id='word_1_473' title='bbox 2220 361 2427 408; x_wconf 79' lang='lat' dir='ltr'>satisfecit,</span> 
     </span>
     <span class='ocr_line' id='line_1_67' title="bbox 1320 406 2429 464; baseline 0.008 -22"><span class='ocrx_word' id='word_1_474' title='bbox 1320 414 1361 442; x_wconf 89' lang='lat' dir='ltr'>ut</span> <span class='ocrx_word' id='word_1_475' title='bbox 1387 418 1503 456; x_wconf 83' lang='lat' dir='ltr'>opera</span> <span class='ocrx_word' id='word_1_476' title='bbox 1532 413 1656 442; x_wconf 82' lang='lat' dir='ltr'>nostra</span> <span class='ocrx_word' id='word_1_477' title='bbox 1685 406 1929 446; x_wconf 77' lang='lat' dir='ltr'>satisfactoria</span> <span class='ocrx_word' id='word_1_478' title='bbox 1951 409 2152 458; x_wconf 78' lang='lat' dir='ltr'>excludat,</span> <span class='ocrx_word' id='word_1_479' title='bbox 2181 413 2243 449; x_wconf 81' lang='lat' dir='ltr'>sed</span> <span class='ocrx_word' id='word_1_480' title='bbox 2262 427 2329 450; x_wconf 82' lang='lat' dir='ltr'>sua</span> <span class='ocrx_word' id='word_1_481' title='bbox 2346 426 2429 464; x_wconf 80' lang='lat' dir='ltr'>pas-</span> 
     </span>
     <span class='ocr_line' id='line_1_68' title="bbox 1319 456 2428 514; baseline 0.006 -18"><span class='ocrx_word' id='word_1_482' title='bbox 1319 459 1422 496; x_wconf 77' lang='lat' dir='ltr'>sione</span> <span class='ocrx_word' id='word_1_483' title='bbox 1439 487 1449 505; x_wconf 88' lang='lat'>‚</span> <span class='ocrx_word' id='word_1_484' title='bbox 1479 456 1513 493; x_wconf 67' lang='grc'>81</span> <span class='ocrx_word' id='word_1_485' title='bbox 1545 467 1662 494; x_wconf 89' lang='lat' dir='ltr'>morte</span> <span class='ocrx_word' id='word_1_486' title='bbox 1690 461 1822 496; x_wconf 89' lang='lat' dir='ltr'>nostris</span> <span class='ocrx_word' id='word_1_487' title='bbox 1851 460 1957 500; x_wconf 85' lang='lat' dir='ltr'>bonis</span> <span class='ocrx_word' id='word_1_488' title='bbox 1976 464 2156 514; x_wconf 82' lang='lat' dir='ltr'>operibus</span> <span class='ocrx_word' id='word_1_489' title='bbox 2177 466 2255 503; x_wconf 87' lang='lat' dir='ltr'>vim</span> <span class='ocrx_word' id='word_1_490' title='bbox 2283 467 2428 503; x_wconf 83' lang='lat' dir='ltr'>satisfa-</span> 
     </span>
     <span class='ocr_line' id='line_1_69' title="bbox 1320 510 2428 569; baseline 0.008 -22"><span class='ocrx_word' id='word_1_491' title='bbox 1320 511 1446 548; x_wconf 89' lang='lat' dir='ltr'>ciendi</span> <span class='ocrx_word' id='word_1_492' title='bbox 1476 525 1498 548; x_wconf 88' lang='lat' dir='ltr'>a</span> <span class='ocrx_word' id='word_1_493' title='bbox 1527 510 1608 548; x_wconf 92' lang='lat' dir='ltr'>Deo</span> <span class='ocrx_word' id='word_1_494' title='bbox 1638 512 1879 562; x_wconf 80' lang='lat' dir='ltr'>impetravit.</span> <span class='ocrx_word' id='word_1_495' title='bbox 1919 516 2084 565; x_wconf 75' lang='lat' dir='ltr'>Apostoli</span> <span class='ocrx_word' id='word_1_496' title='bbox 2113 529 2201 569; x_wconf 86' lang='lat' dir='ltr'>ergo</span> <span class='ocrx_word' id='word_1_497' title='bbox 2228 517 2345 556; x_wconf 86' lang='lat' dir='ltr'>verba</span> <span class='ocrx_word' id='word_1_498' title='bbox 2374 519 2428 556; x_wconf 88' lang='lat' dir='ltr'>sic</span> 
     </span>
     <span class='ocr_line' id='line_1_70' title="bbox 1319 563 2428 622; baseline 0.005 -21"><span class='ocrx_word' id='word_1_499' title='bbox 1319 563 1510 601; x_wconf 87' lang='lat' dir='ltr'>intellecta</span> <span class='ocrx_word' id='word_1_500' title='bbox 1539 576 1614 602; x_wconf 93' lang='lat' dir='ltr'>non</span> <span class='ocrx_word' id='word_1_501' title='bbox 1643 564 1765 602; x_wconf 89' lang='lat' dir='ltr'>solum</span> <span class='ocrx_word' id='word_1_502' title='bbox 1795 564 1891 603; x_wconf 87' lang='lat' dir='ltr'>nihil</span> <span class='ocrx_word' id='word_1_503' title='bbox 1922 567 2153 608; x_wconf 88' lang='lat' dir='ltr'>imminuunt</span> <span class='ocrx_word' id='word_1_504' title='bbox 2169 570 2213 607; x_wconf 89' lang='lat' dir='ltr'>de</span> <span class='ocrx_word' id='word_1_505' title='bbox 2228 571 2428 622; x_wconf 86' lang='lat' dir='ltr'>perfectio-</span> 
     </span>
     <span class='ocr_line' id='line_1_71' title="bbox 1320 616 2427 672; baseline 0.006 -18"><span class='ocrx_word' id='word_1_506' title='bbox 1320 631 1365 655; x_wconf 91' lang='lat' dir='ltr'>ne</span> <span class='ocrx_word' id='word_1_507' title='bbox 1395 617 1659 657; x_wconf 83' lang='lat' dir='ltr'>satisfactionis</span> <span class='ocrx_word' id='word_1_508' title='bbox 1687 616 1856 666; x_wconf 88' lang='lat' dir='ltr'>Christi,</span> <span class='ocrx_word' id='word_1_509' title='bbox 1898 620 1960 656; x_wconf 89' lang='lat' dir='ltr'>sed</span> <span class='ocrx_word' id='word_1_510' title='bbox 1990 623 2111 670; x_wconf 88' lang='lat' dir='ltr'>potius</span> <span class='ocrx_word' id='word_1_511' title='bbox 2147 622 2317 672; x_wconf 86' lang='lat' dir='ltr'>ejusdem</span> <span class='ocrx_word' id='word_1_512' title='bbox 2346 622 2427 661; x_wconf 84' lang='lat' dir='ltr'>effi-</span> 
     </span>
     <span class='ocr_line' id='line_1_72' title="bbox 1320 671 2426 729; baseline 0.006 -21"><span class='ocrx_word' id='word_1_513' title='bbox 1320 671 1468 708; x_wconf 82' lang='lat' dir='ltr'>caciam</span> <span class='ocrx_word' id='word_1_514' title='bbox 1497 671 1722 718; x_wconf 86' lang='lat' dir='ltr'>ostendunt,</span> <span class='ocrx_word' id='word_1_515' title='bbox 1765 683 1810 708; x_wconf 83' lang='lat' dir='ltr'>ex</span> <span class='ocrx_word' id='word_1_516' title='bbox 1838 685 1917 723; x_wconf 87' lang='lat' dir='ltr'>qua</span> <span class='ocrx_word' id='word_1_517' title='bbox 1945 674 2058 712; x_wconf 83' lang='lat' dir='ltr'>etiam</span> <span class='ocrx_word' id='word_1_518' title='bbox 2088 675 2129 713; x_wconf 87' lang='lat' dir='ltr'>in</span> <span class='ocrx_word' id='word_1_519' title='bbox 2170 685 2314 715; x_wconf 85' lang='lat' dir='ltr'>nostras</span> <span class='ocrx_word' id='word_1_520' title='bbox 2341 689 2426 729; x_wconf 77' lang='lat' dir='ltr'>pas—</span> 
     </span>
     <span class='ocr_line' id='line_1_73' title="bbox 1316 724 1891 763; baseline 0.005 -3"><span class='ocrx_word' id='word_1_521' title='bbox 1316 725 1439 762; x_wconf 83' lang='lat' dir='ltr'>siones</span> <span class='ocrx_word' id='word_1_522' title='bbox 1467 725 1648 761; x_wconf 85' lang='lat' dir='ltr'>meritum</span> <span class='ocrx_word' id='word_1_523' title='bbox 1679 724 1891 763; x_wconf 78' lang='lat' dir='ltr'>redundat.</span> 
     </span>
    </p>

    <p class='ocr_par' dir='ltr' id='par_1_10' title="bbox 1317 776 2428 1080">
     <span class='ocr_line' id='line_1_74' title="bbox 1379 776 2426 830; baseline 0.007 -16"><span class='ocrx_word' id='word_1_524' title='bbox 1379 776 1467 815; x_wconf 79' lang='lat'>128.</span> <span class='ocrx_word' id='word_1_525' title='bbox 1497 776 1611 814; x_wconf 92' lang='lat' dir='ltr'>Dices</span> <span class='ocrx_word' id='word_1_526' title='bbox 1640 778 1793 827; x_wconf 80' lang='lat' dir='ltr'>primo-</span> <span class='ocrx_word' id='word_1_527' title='bbox 1822 777 1863 816; x_wconf 92' lang='lat' dir='ltr'>Si</span> <span class='ocrx_word' id='word_1_528' title='bbox 1883 777 2051 818; x_wconf 89' lang='lat' dir='ltr'>Christus</span> <span class='ocrx_word' id='word_1_529' title='bbox 2071 780 2324 830; x_wconf 84' lang='lat' dir='ltr'>sufficienter,</span> <span class='ocrx_word' id='word_1_530' title='bbox 2353 784 2426 821; x_wconf 88' lang='lat' dir='ltr'>im-</span> 
     </span>
     <span class='ocr_line' id='line_1_75' title="bbox 1319 829 2427 885; baseline 0.005 -18"><span class='ocrx_word' id='word_1_531' title='bbox 1319 842 1382 867; x_wconf 89' lang='lat' dir='ltr'>mo</span> <span class='ocrx_word' id='word_1_532' title='bbox 1411 829 1759 880; x_wconf 82' lang='lat' dir='ltr'>superabundanter</span> <span class='ocrx_word' id='word_1_533' title='bbox 1786 831 2021 871; x_wconf 84' lang='lat' dir='ltr'>satisfecisset</span> <span class='ocrx_word' id='word_1_534' title='bbox 2049 846 2119 885; x_wconf 89' lang='lat' dir='ltr'>pro</span> <span class='ocrx_word' id='word_1_535' title='bbox 2154 835 2334 872; x_wconf 82' lang='lat' dir='ltr'>omnibus</span> <span class='ocrx_word' id='word_1_536' title='bbox 2362 849 2427 873; x_wconf 87' lang='lat' dir='ltr'>no·-</span> 
     </span>
     <span class='ocr_line' id='line_1_76' title="bbox 1317 883 2428 939; baseline 0.005 -20"><span class='ocrx_word' id='word_1_537' title='bbox 1317 883 1400 920; x_wconf 84' lang='lat' dir='ltr'>stris</span> <span class='ocrx_word' id='word_1_538' title='bbox 1430 884 1594 934; x_wconf 80' lang='lat' dir='ltr'>peccatis</span> <span class='ocrx_word' id='word_1_539' title='bbox 1613 912 1623 930; x_wconf 90' lang='lat'>,</span> <span class='ocrx_word' id='word_1_540' title='bbox 1666 895 1739 920; x_wconf 91' lang='lat' dir='ltr'>non</span> <span class='ocrx_word' id='word_1_541' title='bbox 1769 893 1889 922; x_wconf 90' lang='lat' dir='ltr'>essent</span> <span class='ocrx_word' id='word_1_542' title='bbox 1917 888 2139 924; x_wconf 71' lang='lat' dir='ltr'>necessariae</span> <span class='ocrx_word' id='word_1_543' title='bbox 2177 897 2312 925; x_wconf 81' lang='lat' dir='ltr'>nostrae</span> <span class='ocrx_word' id='word_1_544' title='bbox 2342 902 2428 939; x_wconf 82' lang='lat' dir='ltr'>pas-</span> 
     </span>
     <span class='ocr_line' id='line_1_77' title="bbox 1317 935 2428 988; baseline 0.005 -15"><span class='ocrx_word' id='word_1_545' title='bbox 1317 936 1439 973; x_wconf 76' lang='lat' dir='ltr'>siones</span> <span class='ocrx_word' id='word_1_546' title='bbox 1467 935 1516 972; x_wconf 90' lang='lat' dir='ltr'>ad</span> <span class='ocrx_word' id='word_1_547' title='bbox 1545 935 1851 974; x_wconf 84' lang='lat' dir='ltr'>satisfaciendum</span> <span class='ocrx_word' id='word_1_548' title='bbox 1881 950 1950 988; x_wconf 92' lang='lat' dir='ltr'>pro</span> <span class='ocrx_word' id='word_1_549' title='bbox 1977 939 2134 976; x_wconf 86' lang='lat' dir='ltr'>iisdem:</span> <span class='ocrx_word' id='word_1_550' title='bbox 2164 954 2231 978; x_wconf 89' lang='lat' dir='ltr'>nec</span> <span class='ocrx_word' id='word_1_551' title='bbox 2251 939 2330 978; x_wconf 70' lang='lat' dir='ltr'>ulla</span> <span class='ocrx_word' id='word_1_552' title='bbox 2349 939 2428 978; x_wconf 87' lang='lat' dir='ltr'>alia</span> 
     </span>
     <span class='ocr_line' id='line_1_78' title="bbox 1317 988 2426 1046; baseline 0.006 -21"><span class='ocrx_word' id='word_1_553' title='bbox 1317 988 1486 1026; x_wconf 83' lang='lat' dir='ltr'>remedia</span> <span class='ocrx_word' id='word_1_554' title='bbox 1515 990 1802 1042; x_wconf 88' lang='lat' dir='ltr'>requirerentur</span> <span class='ocrx_word' id='word_1_555' title='bbox 1829 989 1877 1027; x_wconf 84' lang='lat' dir='ltr'>ad</span> <span class='ocrx_word' id='word_1_556' title='bbox 1906 1004 1950 1030; x_wconf 84' lang='lat' dir='ltr'>ea</span> <span class='ocrx_word' id='word_1_557' title='bbox 1969 990 2151 1031; x_wconf 79' lang='lat' dir='ltr'>delenda:</span> <span class='ocrx_word' id='word_1_558' title='bbox 2179 993 2281 1046; x_wconf 90' lang='lat' dir='ltr'>quod</span> <span class='ocrx_word' id='word_1_559' title='bbox 2301 1002 2426 1032; x_wconf 85' lang='lat' dir='ltr'>tamen</span> 
     </span>
     <span class='ocr_line' id='line_1_79' title="bbox 1317 1041 1568 1080; baseline 0.004 -2"><span class='ocrx_word' id='word_1_560' title='bbox 1317 1050 1370 1079; x_wconf 85' lang='lat' dir='ltr'>est</span> <span class='ocrx_word' id='word_1_561' title='bbox 1400 1041 1540 1079; x_wconf 82' lang='lat' dir='ltr'>falsum</span> <span class='ocrx_word' id='word_1_562' title='bbox 1559 1067 1568 1080; x_wconf 92' lang='lat'>.</span> 
     </span>
    </p>

    <p class='ocr_par' dir='ltr' id='par_1_11' title="bbox 1311 1094 2428 2095">
     <span class='ocr_line' id='line_1_80' title="bbox 1378 1094 2425 1147; baseline 0.007 -15"><span class='ocrx_word' id='word_1_563' title='bbox 1378 1107 1463 1147; x_wconf 77' lang='lat'><strong>¹²9·</strong></span> <span class='ocrx_word' id='word_1_564' title='bbox 1494 1094 1682 1146; x_wconf 79' lang='lat' dir='ltr'>Respond.</span> <span class='ocrx_word' id='word_1_565' title='bbox 1712 1108 1802 1133; x_wconf 85' lang='lat' dir='ltr'>curn</span> <span class='ocrx_word' id='word_1_566' title='bbox 1831 1095 1872 1135; x_wconf 92' lang='lat' dir='ltr'>S.</span> <span class='ocrx_word' id='word_1_567' title='bbox 1897 1096 2048 1136; x_wconf 81' lang='lat' dir='ltr'>&#39;I&#39;horna</span> <span class='ocrx_word' id='word_1_568' title='bbox 2077 1098 2166 1137; x_wconf 90' lang='lat' dir='ltr'>Lib.</span> <span class='ocrx_word' id='word_1_569' title='bbox 2189 1099 2258 1139; x_wconf 90' lang='lat' dir='ltr'>1V.</span> <span class='ocrx_word' id='word_1_570' title='bbox 2289 1099 2425 1139; x_wconf 81' lang='lat' dir='ltr'>Contr.</span> 
     </span>
     <span class='ocr_line' id='line_1_81' title="bbox 1319 1147 2425 1200; baseline 0.005 -15"><span class='ocrx_word' id='word_1_571' title='bbox 1319 1147 1468 1186; x_wconf 84' lang='lat' dir='ltr'>Gentes</span> <span class='ocrx_word' id='word_1_572' title='bbox 1497 1162 1582 1200; x_wconf 87' lang='lat' dir='ltr'>cap.</span> <span class='ocrx_word' id='word_1_573' title='bbox 1606 1149 1670 1186; x_wconf 78' lang='lat'>55.</span> <span class='ocrx_word' id='word_1_574' title='bbox 1701 1148 1741 1185; x_wconf 89' lang='lat' dir='ltr'>in</span> <span class='ocrx_word' id='word_1_575' title='bbox 1772 1148 1870 1186; x_wconf 89' lang='lat' dir='ltr'>fine:</span> <span class='ocrx_word' id='word_1_576' title='bbox 1901 1179 1928 1197; x_wconf 91' lang='lat'><strong>„</strong></span> <span class='ocrx_word' id='word_1_577' title='bbox 1958 1151 2143 1198; x_wconf 77' lang='lat' dir='ltr'>Quemvis</span> <span class='ocrx_word' id='word_1_578' title='bbox 2158 1153 2328 1191; x_wconf 80' lang='lat' dir='ltr'>Christus</span> <span class='ocrx_word' id='word_1_579' title='bbox 2350 1156 2425 1191; x_wconf 80' lang='lat' dir='ltr'>suf—</span> 
     </span>
     <span class='ocr_line' id='line_1_82' title="bbox 1317 1200 2428 1255; baseline 0.004 -17"><span class='ocrx_word' id='word_1_580' title='bbox 1317 1230 1343 1249; x_wconf 82' lang='lat'><strong>„</strong></span> <span class='ocrx_word' id='word_1_581' title='bbox 1373 1201 1546 1239; x_wconf 89' lang='lat' dir='ltr'>ficienter</span> <span class='ocrx_word' id='word_1_582' title='bbox 1576 1214 1644 1252; x_wconf 88' lang='lat' dir='ltr'>pro</span> <span class='ocrx_word' id='word_1_583' title='bbox 1675 1203 1836 1252; x_wconf 87' lang='lat' dir='ltr'>peccatis</span> <span class='ocrx_word' id='word_1_584' title='bbox 1864 1200 2025 1240; x_wconf 86' lang='lat' dir='ltr'>humani</span> <span class='ocrx_word' id='word_1_585' title='bbox 2054 1206 2202 1255; x_wconf 86' lang='lat' dir='ltr'>generis</span> <span class='ocrx_word' id='word_1_586' title='bbox 2230 1220 2297 1244; x_wconf 85' lang='lat' dir='ltr'>sua</span> <span class='ocrx_word' id='word_1_587' title='bbox 2328 1219 2428 1243; x_wconf 81' lang='lat' dir='ltr'>mor-</span> 
     </span>
     <span class='ocr_line' id='line_1_83' title="bbox 1317 1254 2427 1308; baseline 0.003 -17"><span class='ocrx_word' id='word_1_588' title='bbox 1317 1283 1343 1302; x_wconf 85' lang='lat'><strong>„</strong></span> <span class='ocrx_word' id='word_1_589' title='bbox 1374 1263 1406 1291; x_wconf 90' lang='lat' dir='ltr'>te</span> <span class='ocrx_word' id='word_1_590' title='bbox 1436 1254 1683 1301; x_wconf 81' lang='lat' dir='ltr'>satisfecerit,</span> <span class='ocrx_word' id='word_1_591' title='bbox 1732 1263 1818 1292; x_wconf 90' lang='lat' dir='ltr'>sunt</span> <span class='ocrx_word' id='word_1_592' title='bbox 1848 1263 1975 1294; x_wconf 83' lang='lat' dir='ltr'>tamen</span> <span class='ocrx_word' id='word_1_593' title='bbox 2021 1257 2229 1308; x_wconf 82' lang='lat' dir='ltr'>unicuique</span> <span class='ocrx_word' id='word_1_594' title='bbox 2259 1259 2427 1295; x_wconf 83' lang='lat' dir='ltr'>remedia</span> 
     </span>
     <span class='ocr_line' id='line_1_84' title="bbox 1316 1306 2427 1359; baseline 0.001 -14"><span class='ocrx_word' id='word_1_595' title='bbox 1316 1336 1343 1355; x_wconf 90' lang='lat'>„</span> <span class='ocrx_word' id='word_1_596' title='bbox 1372 1309 1540 1359; x_wconf 79' lang='lat' dir='ltr'>propriae</span> <span class='ocrx_word' id='word_1_597' title='bbox 1585 1306 1715 1348; x_wconf 61' lang='lat' dir='ltr'>sadutis</span> <span class='ocrx_word' id='word_1_598' title='bbox 1743 1309 1976 1358; x_wconf 80' lang='lat' dir='ltr'>quaereuda.</span> <span class='ocrx_word' id='word_1_599' title='bbox 2021 1308 2127 1347; x_wconf 86' lang='lat' dir='ltr'>Mors</span> <span class='ocrx_word' id='word_1_600' title='bbox 2155 1312 2259 1348; x_wconf 86' lang='lat' dir='ltr'>enim</span> <span class='ocrx_word' id='word_1_601' title='bbox 2288 1312 2427 1348; x_wconf 79' lang='lat' dir='ltr'>Christi</span> 
     </span>
     <span class='ocr_line' id='line_1_85' title="bbox 1316 1360 2426 1412; baseline 0.001 -15"><span class='ocrx_word' id='word_1_602' title='bbox 1316 1389 1341 1407; x_wconf 90' lang='lat'>„</span> <span class='ocrx_word' id='word_1_603' title='bbox 1371 1370 1423 1397; x_wconf 90' lang='lat' dir='ltr'>est</span> <span class='ocrx_word' id='word_1_604' title='bbox 1453 1361 1563 1412; x_wconf 81' lang='lat' dir='ltr'>quasi</span> <span class='ocrx_word' id='word_1_605' title='bbox 1592 1360 1773 1412; x_wconf 82' lang='lat' dir='ltr'>quaedam</span> <span class='ocrx_word' id='word_1_606' title='bbox 1795 1361 2017 1399; x_wconf 88' lang='lat' dir='ltr'>universalis</span> <span class='ocrx_word' id='word_1_607' title='bbox 2037 1375 2150 1400; x_wconf 85' lang='lat' dir='ltr'>causa</span> <span class='ocrx_word' id='word_1_608' title='bbox 2171 1362 2325 1411; x_wconf 76' lang='lat' dir='ltr'>salutis,</span> <span class='ocrx_word' id='word_1_609' title='bbox 2355 1366 2426 1400; x_wconf 72' lang='lat' dir='ltr'>sic-</span> 
     </span>
     <span class='ocr_line' id='line_1_86' title="bbox 1316 1413 2425 1467; baseline 0.001 -17"><span class='ocrx_word' id='word_1_610' title='bbox 1316 1442 1342 1461; x_wconf 88' lang='lat'>„</span> <span class='ocrx_word' id='word_1_611' title='bbox 1373 1415 1427 1450; x_wconf 86' lang='lat' dir='ltr'>uti</span> <span class='ocrx_word' id='word_1_612' title='bbox 1458 1422 1655 1464; x_wconf 84' lang='lat' dir='ltr'>peccatum</span> <span class='ocrx_word' id='word_1_613' title='bbox 1687 1414 1802 1465; x_wconf 83' lang='lat' dir='ltr'>primi</span> <span class='ocrx_word' id='word_1_614' title='bbox 1833 1413 1997 1451; x_wconf 83' lang='lat' dir='ltr'>hominis</span> <span class='ocrx_word' id='word_1_615' title='bbox 2027 1414 2099 1452; x_wconf 86' lang='lat' dir='ltr'>suit</span> <span class='ocrx_word' id='word_1_616' title='bbox 2135 1419 2244 1467; x_wconf 84' lang='lat' dir='ltr'>quasi</span> <span class='ocrx_word' id='word_1_617' title='bbox 2275 1418 2425 1454; x_wconf 81' lang='lat' dir='ltr'>nniver-</span> 
     </span>
     <span class='ocr_line' id='line_1_87' title="bbox 1316 1466 2425 1520; baseline 0.001 -17"><span class='ocrx_word' id='word_1_618' title='bbox 1316 1495 1342 1514; x_wconf 86' lang='lat'>‚‚</span> <span class='ocrx_word' id='word_1_619' title='bbox 1372 1466 1461 1504; x_wconf 79' lang='lat' dir='ltr'>salis</span> <span class='ocrx_word' id='word_1_620' title='bbox 1488 1480 1603 1504; x_wconf 80' lang='lat' dir='ltr'>causa</span> <span class='ocrx_word' id='word_1_621' title='bbox 1631 1466 1902 1505; x_wconf 78' lang='lat' dir='ltr'>damnationis.</span> <span class='ocrx_word' id='word_1_622' title='bbox 1951 1467 2106 1520; x_wconf 83' lang='lat' dir='ltr'>Oportet</span> <span class='ocrx_word' id='word_1_623' title='bbox 2145 1477 2270 1506; x_wconf 87' lang='lat' dir='ltr'>autem</span> <span class='ocrx_word' id='word_1_624' title='bbox 2289 1499 2300 1516; x_wconf 87' lang='lat'>,</span> <span class='ocrx_word' id='word_1_625' title='bbox 2344 1469 2425 1506; x_wconf 85' lang='lat' dir='ltr'>uui—</span> 
     </span>
     <span class='ocr_line' id='line_1_88' title="bbox 1315 1518 2426 1573; baseline 0 -16"><span class='ocrx_word' id='word_1_626' title='bbox 1315 1548 1340 1567; x_wconf 89' lang='lat'><strong>„</strong></span> <span class='ocrx_word' id='word_1_627' title='bbox 1371 1518 1556 1557; x_wconf 78' lang='lat' dir='ltr'>versaleui</span> <span class='ocrx_word' id='word_1_628' title='bbox 1599 1533 1756 1557; x_wconf 87' lang='lat' dir='ltr'>causam</span> <span class='ocrx_word' id='word_1_629' title='bbox 1797 1520 1987 1571; x_wconf 72' lang='lat' dir='ltr'>applicari</span> <span class='ocrx_word' id='word_1_630' title='bbox 2029 1522 2076 1559; x_wconf 86' lang='lat' dir='ltr'>ad</span> <span class='ocrx_word' id='word_1_631' title='bbox 2126 1523 2426 1573; x_wconf 72' lang='lat' dir='ltr'>unumquodque</span> 
     </span>
     <span class='ocr_line' id='line_1_89' title="bbox 1315 1571 2426 1625; baseline 0.001 -15"><span class='ocrx_word' id='word_1_632' title='bbox 1315 1602 1341 1621; x_wconf 85' lang='lat'><strong>„</strong></span> <span class='ocrx_word' id='word_1_633' title='bbox 1371 1572 1614 1624; x_wconf 84' lang='lat' dir='ltr'>specialiter,</span> <span class='ocrx_word' id='word_1_634' title='bbox 1655 1581 1696 1609; x_wconf 87' lang='lat' dir='ltr'>ut</span> <span class='ocrx_word' id='word_1_635' title='bbox 1724 1571 1900 1610; x_wconf 82' lang='lat' dir='ltr'>effectum</span> <span class='ocrx_word' id='word_1_636' title='bbox 1931 1573 2155 1612; x_wconf 83' lang='lat' dir='ltr'>universalis</span> <span class='ocrx_word' id='word_1_637' title='bbox 2184 1587 2308 1612; x_wconf 79' lang='lat' dir='ltr'>causoe</span> <span class='ocrx_word' id='word_1_638' title='bbox 2340 1588 2426 1625; x_wconf 84' lang='lat' dir='ltr'>par-</span> 
     </span>
     <span class='ocr_line' id='line_1_90' title="bbox 1315 1625 2427 1678; baseline -0.001 -14"><span class='ocrx_word' id='word_1_639' title='bbox 1315 1655 1340 1673; x_wconf 84' lang='lat'><strong>„</strong></span> <span class='ocrx_word' id='word_1_640' title='bbox 1370 1627 1529 1678; x_wconf 84' lang='lat' dir='ltr'>ticipet.</span> <span class='ocrx_word' id='word_1_641' title='bbox 1577 1625 1745 1663; x_wconf 79' lang='lat' dir='ltr'>Effectus</span> <span class='ocrx_word' id='word_1_642' title='bbox 1775 1627 1890 1677; x_wconf 85' lang='lat' dir='ltr'>igitur</span> <span class='ocrx_word' id='word_1_643' title='bbox 1927 1628 2073 1677; x_wconf 79' lang='lat' dir='ltr'>peccati</span> <span class='ocrx_word' id='word_1_644' title='bbox 2117 1629 2233 1678; x_wconf 87' lang='lat' dir='ltr'>primi</span> <span class='ocrx_word' id='word_1_645' title='bbox 2265 1629 2427 1678; x_wconf 73' lang='lat' dir='ltr'>parentis</span> 
     </span>
     <span class='ocr_line' id='line_1_91' title="bbox 1314 1679 2423 1730; baseline -0.003 -14"><span class='ocrx_word' id='word_1_646' title='bbox 1314 1707 1340 1726; x_wconf 84' lang='lat'><strong>„</strong></span> <span class='ocrx_word' id='word_1_647' title='bbox 1372 1680 1541 1730; x_wconf 84' lang='lat' dir='ltr'>pervenit</span> <span class='ocrx_word' id='word_1_648' title='bbox 1569 1679 1617 1715; x_wconf 89' lang='lat' dir='ltr'>ad</span> <span class='ocrx_word' id='word_1_649' title='bbox 1648 1692 1963 1730; x_wconf 88' lang='lat' dir='ltr'>unumquemque</span> <span class='ocrx_word' id='word_1_650' title='bbox 1986 1694 2051 1729; x_wconf 88' lang='lat' dir='ltr'>per</span> <span class='ocrx_word' id='word_1_651' title='bbox 2072 1681 2195 1715; x_wconf 86' lang='lat' dir='ltr'>carnis</span> <span class='ocrx_word' id='word_1_652' title='bbox 2215 1682 2423 1728; x_wconf 74' lang='lat' dir='ltr'>originem:</span> 
     </span>
     <span class='ocr_line' id='line_1_92' title="bbox 1367 1730 2425 1783; baseline -0.001 -15"><span class='ocrx_word' id='word_1_653' title='bbox 1367 1731 1521 1771; x_wconf 78' lang='lat' dir='ltr'>effectus</span> <span class='ocrx_word' id='word_1_654' title='bbox 1550 1733 1665 1769; x_wconf 84' lang='lat' dir='ltr'>etiam</span> <span class='ocrx_word' id='word_1_655' title='bbox 1696 1733 1828 1768; x_wconf 88' lang='lat' dir='ltr'>mortis</span> <span class='ocrx_word' id='word_1_656' title='bbox 1842 1730 1984 1767; x_wconf 88' lang='lat' dir='ltr'>Christi</span> <span class='ocrx_word' id='word_1_657' title='bbox 2015 1731 2191 1783; x_wconf 83' lang='lat' dir='ltr'>pertingit</span> <span class='ocrx_word' id='word_1_658' title='bbox 2220 1731 2266 1766; x_wconf 81' lang='lat' dir='ltr'>ad</span> <span class='ocrx_word' id='word_1_659' title='bbox 2290 1744 2425 1767; x_wconf 70' lang='lat' dir='ltr'>unuin-</span> 
     </span>
     <span class='ocr_line' id='line_1_93' title="bbox 1311 1781 2426 1837; baseline -0.002 -15"><span class='ocrx_word' id='word_1_660' title='bbox 1311 1814 1338 1833; x_wconf 86' lang='lat'><strong>„</strong></span> <span class='ocrx_word' id='word_1_661' title='bbox 1370 1798 1564 1837; x_wconf 85' lang='lat' dir='ltr'>quemque</span> <span class='ocrx_word' id='word_1_662' title='bbox 1593 1795 1662 1833; x_wconf 87' lang='lat' dir='ltr'>per</span> <span class='ocrx_word' id='word_1_663' title='bbox 1689 1781 1930 1837; x_wconf 54' lang='lat' dir='ltr'>spiriwalem</span> <span class='ocrx_word' id='word_1_664' title='bbox 1961 1783 2282 1832; x_wconf 83' lang='lat' dir='ltr'>regenerationem</span> <span class='ocrx_word' id='word_1_665' title='bbox 2301 1814 2310 1831; x_wconf 72' lang='lat'>,</span> <span class='ocrx_word' id='word_1_666' title='bbox 2361 1797 2426 1834; x_wconf 57' lang='lat' dir='ltr'>pes</span> 
     </span>
     <span class='ocr_line' id='line_1_94' title="bbox 1311 1833 2424 1887; baseline -0.001 -14"><span class='ocrx_word' id='word_1_667' title='bbox 1311 1865 1338 1884; x_wconf 86' lang='lat'>„</span> <span class='ocrx_word' id='word_1_668' title='bbox 1397 1850 1484 1873; x_wconf 89' lang='lat' dir='ltr'>uam</span> <span class='ocrx_word' id='word_1_669' title='bbox 1515 1835 1628 1872; x_wconf 88' lang='lat' dir='ltr'>homo</span> <span class='ocrx_word' id='word_1_670' title='bbox 1655 1833 1804 1872; x_wconf 86' lang='lat' dir='ltr'>Christo</span> <span class='ocrx_word' id='word_1_671' title='bbox 1831 1834 2111 1885; x_wconf 82' lang='lat' dir='ltr'>quodammodo</span> <span class='ocrx_word' id='word_1_672' title='bbox 2153 1835 2389 1887; x_wconf 70' lang='lat' dir='ltr'>conjungitur</span> <span class='ocrx_word' id='word_1_673' title='bbox 2411 1865 2424 1883; x_wconf 85' lang='lat'>,</span> 
     </span>
     <span class='ocr_line' id='line_1_95' title="bbox 1311 1851 2425 1939; baseline 0.001 -15"><span class='ocrx_word' id='word_1_674' title='bbox 1311 1917 1338 1936; x_wconf 87' lang='lat'>,‚</span> <span class='ocrx_word' id='word_1_675' title='bbox 1367 1851 1402 1924; x_wconf 56' lang='lat' dir='ltr'>cele</span> <span class='ocrx_word' id='word_1_676' title='bbox 1431 1889 1717 1939; x_wconf 88' lang='lat' dir='ltr'>incorporatur:</span> <span class='ocrx_word' id='word_1_677' title='bbox 1746 1885 1885 1924; x_wconf 83' lang='lat' dir='ltr'>&amp;ideo</span> <span class='ocrx_word' id='word_1_678' title='bbox 1904 1896 2069 1937; x_wconf 81' lang='lat' dir='ltr'>oportet,</span> <span class='ocrx_word' id='word_1_679' title='bbox 2098 1887 2199 1938; x_wconf 89' lang='lat' dir='ltr'>quod</span> <span class='ocrx_word' id='word_1_680' title='bbox 2222 1890 2425 1939; x_wconf 61' lang='lat' dir='ltr'>[unisquis-</span> 
     </span>
     <span class='ocr_line' id='line_1_96' title="bbox 1312 1938 2421 1992; baseline -0.001 -14"><span class='ocrx_word' id='word_1_681' title='bbox 1312 1969 1338 1988; x_wconf 88' lang='lat'><strong>„</strong></span> <span class='ocrx_word' id='word_1_682' title='bbox 1367 1954 1442 1992; x_wconf 90' lang='lat' dir='ltr'>que</span> <span class='ocrx_word' id='word_1_683' title='bbox 1469 1949 1619 1992; x_wconf 71' lang='lat' dir='ltr'>quaerat</span> <span class='ocrx_word' id='word_1_684' title='bbox 1660 1941 1870 1990; x_wconf 74' lang='lat' dir='ltr'>regenerari</span> <span class='ocrx_word' id='word_1_685' title='bbox 1914 1953 1981 1989; x_wconf 84' lang='lat' dir='ltr'>per</span> <span class='ocrx_word' id='word_1_686' title='bbox 2009 1938 2231 1986; x_wconf 88' lang='lat' dir='ltr'>Christum,</span> <span class='ocrx_word' id='word_1_687' title='bbox 2279 1939 2312 1976; x_wconf 77' lang='lat' dir='ltr'>St</span> <span class='ocrx_word' id='word_1_688' title='bbox 2343 1940 2421 1980; x_wconf 84' lang='lat' dir='ltr'>alia</span> 
     </span>
     <span class='ocr_line' id='line_1_97' title="bbox 1312 1990 2422 2044; baseline 0.001 -13"><span class='ocrx_word' id='word_1_689' title='bbox 1312 2022 1338 2041; x_wconf 80' lang='grc'>,,</span> <span class='ocrx_word' id='word_1_690' title='bbox 1369 1995 1561 2043; x_wconf 89' lang='lat' dir='ltr'>suscipere</span> <span class='ocrx_word' id='word_1_691' title='bbox 1604 1994 1642 2030; x_wconf 93' lang='grc'>111</span> <span class='ocrx_word' id='word_1_692' title='bbox 1670 1991 1814 2042; x_wconf 87' lang='lat' dir='ltr'>quibus</span> <span class='ocrx_word' id='word_1_693' title='bbox 1856 2003 1955 2029; x_wconf 83' lang='lat' dir='ltr'>mors</span> <span class='ocrx_word' id='word_1_694' title='bbox 1982 1990 2122 2030; x_wconf 79' lang='lat' dir='ltr'>Christi</span> <span class='ocrx_word' id='word_1_695' title='bbox 2163 2002 2365 2044; x_wconf 87' lang='lat' dir='ltr'>operetur.</span> <span class='ocrx_word' id='word_1_696' title='bbox 2395 1997 2422 2015; x_wconf 80' lang='grc'>“</span> 
     </span>
     <span class='ocr_line' id='line_1_98' title="bbox 1311 2042 2194 2095; baseline 0.001 -13"><span class='ocrx_word' id='word_1_697' title='bbox 1311 2045 1402 2082; x_wconf 83' lang='lat' dir='ltr'>Vid.</span> <span class='ocrx_word' id='word_1_698' title='bbox 1433 2047 1547 2082; x_wconf 86' lang='lat' dir='ltr'>etiam</span> <span class='ocrx_word' id='word_1_699' title='bbox 1579 2044 1616 2081; x_wconf 82' lang='lat'>5.</span> <span class='ocrx_word' id='word_1_700' title='bbox 1648 2042 1687 2081; x_wconf 80' lang='lat' dir='ltr'>P.</span> <span class='ocrx_word' id='word_1_701' title='bbox 1717 2058 1784 2094; x_wconf 88' lang='lat' dir='ltr'>qu.</span> <span class='ocrx_word' id='word_1_702' title='bbox 1816 2043 1880 2095; x_wconf 75' lang='grc'>49.</span> <span class='ocrx_word' id='word_1_703' title='bbox 1911 2053 1980 2081; x_wconf 81' lang='lat' dir='ltr'>art.</span> <span class='ocrx_word' id='word_1_704' title='bbox 2017 2057 2050 2081; x_wconf 93' lang='lat'>1.</span> <span class='ocrx_word' id='word_1_705' title='bbox 2080 2045 2126 2082; x_wconf 92' lang='lat' dir='ltr'>ad</span> <span class='ocrx_word' id='word_1_706' title='bbox 2157 2046 2194 2090; x_wconf 76' lang='grc'>4.</span> 
     </span>
    </p>

    <p class='ocr_par' dir='ltr' id='par_1_12' title="bbox 1309 2095 2422 2361">
     <span class='ocr_line' id='line_1_99' title="bbox 1370 2095 2422 2148; baseline 0.002 -13"><span class='ocrx_word' id='word_1_707' title='bbox 1370 2097 1457 2135; x_wconf 78' lang='grc'><strong>150.</strong></span> <span class='ocrx_word' id='word_1_708' title='bbox 1487 2097 1535 2135; x_wconf 88' lang='lat' dir='ltr'>Et</span> <span class='ocrx_word' id='word_1_709' title='bbox 1562 2097 1616 2133; x_wconf 87' lang='lat' dir='ltr'>sic</span> <span class='ocrx_word' id='word_1_710' title='bbox 1646 2098 1785 2148; x_wconf 86' lang='lat' dir='ltr'>pariter</span> <span class='ocrx_word' id='word_1_711' title='bbox 1815 2097 1916 2133; x_wconf 81' lang='grc'><strong>1110111</strong></span> <span class='ocrx_word' id='word_1_712' title='bbox 1942 2095 2148 2148; x_wconf 82' lang='lat' dir='ltr'>Angelicus</span> <span class='ocrx_word' id='word_1_713' title='bbox 2177 2099 2308 2136; x_wconf 85' lang='lat' dir='ltr'>eodem</span> <span class='ocrx_word' id='word_1_714' title='bbox 2339 2099 2422 2137; x_wconf 81' lang='lat' dir='ltr'>loco</span> 
     </span>
     <span class='ocr_line' id='line_1_100' title="bbox 1309 2148 2422 2203; baseline 0.004 -18"><span class='ocrx_word' id='word_1_715' title='bbox 1309 2148 1428 2186; x_wconf 86' lang='lat' dir='ltr'>aliam</span> <span class='ocrx_word' id='word_1_716' title='bbox 1457 2148 1624 2187; x_wconf 86' lang='lat' dir='ltr'>similem</span> <span class='ocrx_word' id='word_1_717' title='bbox 1652 2149 1765 2187; x_wconf 87' lang='lat' dir='ltr'>diluit</span> <span class='ocrx_word' id='word_1_718' title='bbox 1792 2148 2076 2199; x_wconf 74' lang='lat' dir='ltr'>objectionem,</span> <span class='ocrx_word' id='word_1_719' title='bbox 2105 2151 2422 2203; x_wconf 59' lang='lat' dir='ltr'>scilicetinjwstas</span> 
     </span>
     <span class='ocr_line' id='line_1_101' title="bbox 1310 2201 2421 2257; baseline 0.003 -18"><span class='ocrx_word' id='word_1_720' title='bbox 1310 2202 1431 2239; x_wconf 91' lang='lat' dir='ltr'>videri</span> <span class='ocrx_word' id='word_1_721' title='bbox 1462 2201 1546 2240; x_wconf 89' lang='lat' dir='ltr'>illas</span> <span class='ocrx_word' id='word_1_722' title='bbox 1578 2201 1840 2253; x_wconf 83' lang='lat' dir='ltr'>poenalitates,</span> <span class='ocrx_word' id='word_1_723' title='bbox 1884 2203 2027 2254; x_wconf 88' lang='lat' dir='ltr'>quibus</span> <span class='ocrx_word' id='word_1_724' title='bbox 2056 2203 2227 2243; x_wconf 87' lang='lat' dir='ltr'>homiues</span> <span class='ocrx_word' id='word_1_725' title='bbox 2271 2215 2421 2257; x_wconf 54' lang='lat' dir='ltr'>propter</span> 
     </span>
     <span class='ocr_line' id='line_1_102' title="bbox 1310 2255 2421 2311; baseline 0.002 -18"><span class='ocrx_word' id='word_1_726' title='bbox 1310 2263 1509 2306; x_wconf 85' lang='lat' dir='ltr'>peccatum</span> <span class='ocrx_word' id='word_1_727' title='bbox 1537 2255 1725 2307; x_wconf 82' lang='lat' dir='ltr'>originale</span> <span class='ocrx_word' id='word_1_728' title='bbox 1753 2255 1910 2294; x_wconf 81' lang='lat' dir='ltr'>obnoxii</span> <span class='ocrx_word' id='word_1_729' title='bbox 1940 2266 2051 2305; x_wconf 87' lang='lat' dir='ltr'>sunt,</span> <span class='ocrx_word' id='word_1_730' title='bbox 2096 2258 2127 2295; x_wconf 89' lang='lat' dir='ltr'>si</span> <span class='ocrx_word' id='word_1_731' title='bbox 2155 2257 2325 2296; x_wconf 88' lang='lat' dir='ltr'>Christus</span> <span class='ocrx_word' id='word_1_732' title='bbox 2354 2273 2421 2311; x_wconf 81' lang='lat' dir='ltr'>pro</span> 
     </span>
     <span class='ocr_line' id='line_1_103' title="bbox 1309 2307 2217 2361; baseline 0.004 -16"><span class='ocrx_word' id='word_1_733' title='bbox 1309 2307 1418 2346; x_wconf 84' lang='lat' dir='ltr'>nobis</span> <span class='ocrx_word' id='word_1_734' title='bbox 1445 2308 1585 2361; x_wconf 90' lang='lat' dir='ltr'>plene,</span> <span class='ocrx_word' id='word_1_735' title='bbox 1615 2308 1649 2345; x_wconf 66' lang='lat'>8³</span> <span class='ocrx_word' id='word_1_736' title='bbox 1679 2310 1822 2360; x_wconf 84' lang='lat' dir='ltr'>integre</span> <span class='ocrx_word' id='word_1_737' title='bbox 1851 2310 2059 2348; x_wconf 81' lang='lat' dir='ltr'>satisfecit.</span> <span class='ocrx_word' id='word_1_738' title='bbox 2207 2344 2217 2353; x_wconf 81' lang='grc'>,</span> 
     </span>
    </p>

    <p class='ocr_par' dir='ltr' id='par_1_13' title="bbox 1310 2361 2421 2681">
     <span class='ocr_line' id='line_1_104' title="bbox 1369 2361 2421 2416; baseline 0 -16"><span class='ocrx_word' id='word_1_739' title='bbox 1369 2361 1457 2400; x_wconf 81' lang='grc'><strong>151.</strong></span> <span class='ocrx_word' id='word_1_740' title='bbox 1487 2391 1514 2411; x_wconf 84' lang='lat'>‚,</span> <span class='ocrx_word' id='word_1_741' title='bbox 1543 2362 1732 2410; x_wconf 87' lang='lat' dir='ltr'>Quamvis</span> <span class='ocrx_word' id='word_1_742' title='bbox 1759 2365 1863 2401; x_wconf 88' lang='lat' dir='ltr'>euim</span> <span class='ocrx_word' id='word_1_743' title='bbox 1882 2392 1893 2411; x_wconf 88' lang='lat'>‚</span> <span class='ocrx_word' id='word_1_744' title='bbox 1941 2364 2095 2416; x_wconf 90' lang='lat' dir='ltr'>inquit,</span> <span class='ocrx_word' id='word_1_745' title='bbox 2142 2362 2310 2402; x_wconf 89' lang='lat' dir='ltr'>Christus</span> <span class='ocrx_word' id='word_1_746' title='bbox 2353 2376 2421 2415; x_wconf 88' lang='lat' dir='ltr'>pro</span> 
     </span>
     <span class='ocr_line' id='line_1_105' title="bbox 1310 2410 2421 2467; baseline 0.003 -16"><span class='ocrx_word' id='word_1_747' title='bbox 1310 2445 1336 2464; x_wconf 81' lang='lat'>‚,</span> <span class='ocrx_word' id='word_1_748' title='bbox 1365 2425 1519 2467; x_wconf 88' lang='lat' dir='ltr'>peccato</span> <span class='ocrx_word' id='word_1_749' title='bbox 1545 2415 1725 2467; x_wconf 82' lang='lat' dir='ltr'>originali</span> <span class='ocrx_word' id='word_1_750' title='bbox 1754 2430 1820 2454; x_wconf 88' lang='lat' dir='ltr'>sua</span> <span class='ocrx_word' id='word_1_751' title='bbox 1850 2426 1969 2454; x_wconf 88' lang='lat' dir='ltr'>morte</span> <span class='ocrx_word' id='word_1_752' title='bbox 2005 2415 2236 2455; x_wconf 84' lang='lat' dir='ltr'>sufficienter</span> <span class='ocrx_word' id='word_1_753' title='bbox 2264 2410 2421 2454; x_wconf 70' lang='lat' dir='ltr'>‘satisfe-</span> 
     </span>
     <span class='ocr_line' id='line_1_106' title="bbox 1311 2469 2418 2521; baseline 0.003 -17"><span class='ocrx_word' id='word_1_754' title='bbox 1311 2497 1337 2516; x_wconf 88' lang='lat'>„</span> <span class='ocrx_word' id='word_1_755' title='bbox 1366 2469 1486 2516; x_wconf 87' lang='lat' dir='ltr'>cerit,</span> <span class='ocrx_word' id='word_1_756' title='bbox 1515 2482 1588 2507; x_wconf 91' lang='lat' dir='ltr'>non</span> <span class='ocrx_word' id='word_1_757' title='bbox 1618 2478 1669 2506; x_wconf 90' lang='lat' dir='ltr'>est</span> <span class='ocrx_word' id='word_1_758' title='bbox 1698 2478 1821 2507; x_wconf 88' lang='lat' dir='ltr'>tamen</span> <span class='ocrx_word' id='word_1_759' title='bbox 1843 2470 2129 2518; x_wconf 87' lang='lat' dir='ltr'>inconveniens,</span> <span class='ocrx_word' id='word_1_760' title='bbox 2158 2470 2260 2520; x_wconf 90' lang='lat' dir='ltr'>quod</span> <span class='ocrx_word' id='word_1_761' title='bbox 2289 2483 2418 2521; x_wconf 70' lang='lat' dir='ltr'>paena-</span> 
     </span>
     <span class='ocr_line' id='line_1_107' title="bbox 1311 2519 2418 2574; baseline 0.004 -18"><span class='ocrx_word' id='word_1_762' title='bbox 1311 2550 1336 2568; x_wconf 86' lang='lat'>„</span> <span class='ocrx_word' id='word_1_763' title='bbox 1370 2519 1490 2559; x_wconf 84' lang='lat' dir='ltr'>litates</span> <span class='ocrx_word' id='word_1_764' title='bbox 1518 2534 1562 2558; x_wconf 86' lang='lat' dir='ltr'>ex</span> <span class='ocrx_word' id='word_1_765' title='bbox 1594 2531 1747 2572; x_wconf 85' lang='lat' dir='ltr'>peccato</span> <span class='ocrx_word' id='word_1_766' title='bbox 1776 2522 2265 2574; x_wconf 83' lang='lat' dir='ltr'>originaliconsequentes,</span> <span class='ocrx_word' id='word_1_767' title='bbox 2296 2536 2418 2560; x_wconf 84' lang='lat' dir='ltr'>rema-</span> 
     </span>
     <span class='ocr_line' id='line_1_108' title="bbox 1313 2573 2417 2627; baseline 0.003 -18"><span class='ocrx_word' id='word_1_768' title='bbox 1313 2603 1338 2622; x_wconf 78' lang='lat'><strong>„</strong></span> <span class='ocrx_word' id='word_1_769' title='bbox 1368 2583 1480 2611; x_wconf 84' lang='lat' dir='ltr'>neant</span> <span class='ocrx_word' id='word_1_770' title='bbox 1508 2573 1632 2612; x_wconf 81' lang='lat' dir='ltr'>adhue</span> <span class='ocrx_word' id='word_1_771' title='bbox 1655 2576 1693 2612; x_wconf 87' lang='grc'>111</span> <span class='ocrx_word' id='word_1_772' title='bbox 1707 2574 1915 2623; x_wconf 87' lang='lat' dir='ltr'>omnibus,</span> <span class='ocrx_word' id='word_1_773' title='bbox 1951 2576 2019 2627; x_wconf 87' lang='lat' dir='ltr'>qui</span> <span class='ocrx_word' id='word_1_774' title='bbox 2048 2577 2161 2612; x_wconf 84' lang='lat' dir='ltr'>etiam</span> <span class='ocrx_word' id='word_1_775' title='bbox 2191 2576 2417 2626; x_wconf 83' lang='lat' dir='ltr'>redemptio-</span> 
     </span>
     <span class='ocr_line' id='line_1_109' title="bbox 1313 2625 2416 2681; baseline 0.002 -16"><span class='ocrx_word' id='word_1_776' title='bbox 1313 2656 1339 2676; x_wconf 86' lang='lat'>„</span> <span class='ocrx_word' id='word_1_777' title='bbox 1368 2628 1424 2666; x_wconf 89' lang='lat' dir='ltr'>uis</span> <span class='ocrx_word' id='word_1_778' title='bbox 1443 2625 1583 2666; x_wconf 86' lang='lat' dir='ltr'>Christi</span> <span class='ocrx_word' id='word_1_779' title='bbox 1611 2628 1818 2681; x_wconf 82' lang='lat' dir='ltr'>participes</span> <span class='ocrx_word' id='word_1_780' title='bbox 1834 2627 1959 2667; x_wconf 87' lang='lat' dir='ltr'>fiunt.</span> <span class='ocrx_word' id='word_1_781' title='bbox 1991 2628 2072 2667; x_wconf 90' lang='lat' dir='ltr'>Hoc</span> <span class='ocrx_word' id='word_1_782' title='bbox 2088 2629 2191 2667; x_wconf 77' lang='lat' dir='ltr'>enim</span> <span class='ocrx_word' id='word_1_783' title='bbox 2211 2641 2416 2681; x_wconf 86' lang='lat' dir='ltr'>congruen-</span> 
     </span>
    </p>

    <p class='ocr_par' dir='ltr' id='par_1_14' title="bbox 2259 2691 2368 2731">
     <span class='ocr_line' id='line_1_110' title="bbox 2259 2691 2368 2731; baseline 0.018 -12"><span class='ocrx_word' id='word_1_784' title='bbox 2259 2711 2285 2731; x_wconf 87' lang='lat'>,‚</span> <span class='ocrx_word' id='word_1_785' title='bbox 2313 2691 2368 2721; x_wconf 83' lang='lat' dir='ltr'>ter</span> 
     </span>
    </p>
   </div>
   <div class='ocr_carea' id='block_1_6' title="bbox 1312 1760 1337 1779">
    <p class='ocr_par' dir='ltr' id='par_1_15' title="bbox 1312 1760 1337 1779">
     <span class='ocr_line' id='line_1_111' title="bbox 1312 1760 1337 1779; baseline 0 0"><span class='ocrx_word' id='word_1_786' title='bbox 1312 1760 1337 1779; x_wconf 65' lang='grc' dir='ltr'>θ’</span> 
     </span>
    </p>
   </div>
   <div class='ocr_carea' id='block_1_7' title="bbox 1304 2816 2416 3282">
    <p class='ocr_par' dir='ltr' id='par_1_16' title="bbox 1304 2816 2416 3282">
     <span class='ocr_line' id='line_1_112' title="bbox 1313 2816 2416 2864; baseline -0.003 -11"><span class='ocrx_word' id='word_1_787' title='bbox 1313 2819 1527 2864; x_wconf 75' lang='lat' dir='ltr'>blasphemia</span> <span class='ocrx_word' id='word_1_788' title='bbox 1543 2840 1553 2858; x_wconf 91' lang='lat'>,</span> <span class='ocrx_word' id='word_1_789' title='bbox 1578 2818 1637 2863; x_wconf 84' lang='lat' dir='ltr'>qui</span> <span class='ocrx_word' id='word_1_790' title='bbox 1668 2818 1742 2852; x_wconf 85' lang='lat' dir='ltr'>Lib.</span> <span class='ocrx_word' id='word_1_791' title='bbox 1761 2820 1801 2852; x_wconf 89' lang='grc'>11.</span> <span class='ocrx_word' id='word_1_792' title='bbox 1830 2816 1983 2853; x_wconf 78' lang='lat' dir='ltr'>Institut.</span> <span class='ocrx_word' id='word_1_793' title='bbox 2010 2819 2146 2852; x_wconf 77' lang='lat' dir='ltr'>Christi</span> <span class='ocrx_word' id='word_1_794' title='bbox 2173 2818 2288 2862; x_wconf 78' lang='lat' dir='ltr'>Relig.</span> <span class='ocrx_word' id='word_1_795' title='bbox 2307 2829 2337 2851; x_wconf 91' lang='lat' dir='ltr'>c.</span> <span class='ocrx_word' id='word_1_796' title='bbox 2361 2818 2416 2852; x_wconf 82' lang='lat'>16.</span> 
     </span>
     <span class='ocr_line' id='line_1_113' title="bbox 1312 2865 2415 2909; baseline -0.003 -10"><span class='ocrx_word' id='word_1_797' title='bbox 1312 2880 1346 2899; x_wconf 89' lang='lat' dir='ltr'>n.</span> <span class='ocrx_word' id='word_1_798' title='bbox 1380 2878 1427 2899; x_wconf 85' lang='lat' dir='ltr'>to.</span> <span class='ocrx_word' id='word_1_799' title='bbox 1456 2869 1486 2898; x_wconf 68' lang='grc' dir='ltr'>ἃ</span> <span class='ocrx_word' id='word_1_800' title='bbox 1512 2878 1582 2909; x_wconf 70' lang='lat' dir='ltr'>seq.</span> <span class='ocrx_word' id='word_1_801' title='bbox 1608 2865 1697 2899; x_wconf 67' lang='lat' dir='ltr'>nihil</span> <span class='ocrx_word' id='word_1_802' title='bbox 1722 2867 1966 2908; x_wconf 39' lang='lat' dir='ltr'>‹totuin-fuisse</span> <span class='ocrx_word' id='word_1_803' title='bbox 1991 2865 2101 2906; x_wconf 74' lang='lat' dir='ltr'>dicit,</span> <span class='ocrx_word' id='word_1_804' title='bbox 2129 2870 2158 2899; x_wconf 79' lang='lat' dir='ltr'>si</span> <span class='ocrx_word' id='word_1_805' title='bbox 2185 2876 2324 2907; x_wconf 82' lang='lat' dir='ltr'>corpore</span> <span class='ocrx_word' id='word_1_806' title='bbox 2342 2873 2415 2897; x_wconf 80' lang='lat' dir='ltr'>tan-</span> 
     </span>
     <span class='ocr_line' id='line_1_114' title="bbox 1313 2909 2415 2955; baseline -0.004 -9"><span class='ocrx_word' id='word_1_807' title='bbox 1313 2921 1378 2946; x_wconf 78' lang='lat' dir='ltr'>tum</span> <span class='ocrx_word' id='word_1_808' title='bbox 1405 2921 1507 2945; x_wconf 69' lang='lat' dir='ltr'>morte</span> <span class='ocrx_word' id='word_1_809' title='bbox 1531 2912 1711 2954; x_wconf 59' lang='lat' dir='ltr'>defunctus</span> <span class='ocrx_word' id='word_1_810' title='bbox 1728 2913 1864 2955; x_wconf 53' lang='lat' dir='ltr'>juia-set</span> <span class='ocrx_word' id='word_1_811' title='bbox 1889 2913 2068 2945; x_wconf 70' lang='lat' dir='ltr'>Clu-istus:</span> <span class='ocrx_word' id='word_1_812' title='bbox 2096 2909 2186 2945; x_wconf 86' lang='lat' dir='ltr'>unde</span> <span class='ocrx_word' id='word_1_813' title='bbox 2211 2923 2290 2943; x_wconf 85' lang='lat' dir='ltr'>eum</span> <span class='ocrx_word' id='word_1_814' title='bbox 2315 2922 2415 2955; x_wconf 77' lang='lat' dir='ltr'>opor-</span> 
     </span>
     <span class='ocr_line' id='line_1_115' title="bbox 1313 2957 2413 3003; baseline -0.001 -12"><span class='ocrx_word' id='word_1_815' title='bbox 1313 2960 1418 2991; x_wconf 75' lang='lat' dir='ltr'>tuisse</span> <span class='ocrx_word' id='word_1_816' title='bbox 1444 2972 1514 2991; x_wconf 80' lang='lat' dir='ltr'>cum</span> <span class='ocrx_word' id='word_1_817' title='bbox 1541 2960 1725 3000; x_wconf 70' lang='lat' dir='ltr'>insertarum</span> <span class='ocrx_word' id='word_1_818' title='bbox 1750 2963 1861 3002; x_wconf 78' lang='lat' dir='ltr'>copiis</span> <span class='ocrx_word' id='word_1_819' title='bbox 1897 2967 2083 3003; x_wconf 63' lang='lat' dir='ltr'>eterit-eque</span> <span class='ocrx_word' id='word_1_820' title='bbox 2108 2962 2226 2991; x_wconf 77' lang='lat' dir='ltr'>mortis</span> <span class='ocrx_word' id='word_1_821' title='bbox 2253 2957 2413 2995; x_wconf 58' lang='lat' dir='ltr'>horrore,</span> 
     </span>
     <span class='ocr_line' id='line_1_116' title="bbox 1311 3006 2412 3049; baseline -0.001 -12"><span class='ocrx_word' id='word_1_822' title='bbox 1311 3009 1405 3049; x_wconf 70' lang='lat' dir='ltr'>quasi</span> <span class='ocrx_word' id='word_1_823' title='bbox 1432 3014 1601 3037; x_wconf 76' lang='lat' dir='ltr'>consertis</span> <span class='ocrx_word' id='word_1_824' title='bbox 1639 3007 1789 3038; x_wconf 69' lang='lat' dir='ltr'>titanibus</span> <span class='ocrx_word' id='word_1_825' title='bbox 1815 3008 1939 3038; x_wconf 72' lang='lat' dir='ltr'>luctari</span> <span class='ocrx_word' id='word_1_826' title='bbox 2044 3010 2085 3038; x_wconf 70' lang='grc' dir='ltr'>Φ·</span> <span class='ocrx_word' id='word_1_827' title='bbox 2108 3006 2206 3038; x_wconf 76' lang='lat' dir='ltr'>diros</span> <span class='ocrx_word' id='word_1_828' title='bbox 2231 3007 2265 3036; x_wconf 81' lang='lat' dir='ltr'>in</span> <span class='ocrx_word' id='word_1_829' title='bbox 2303 3016 2412 3036; x_wconf 72' lang='lat' dir='ltr'>(muna</span> 
     </span>
     <span class='ocr_line' id='line_1_117' title="bbox 1310 3051 2411 3095; baseline -0.004 -11"><span class='ocrx_word' id='word_1_830' title='bbox 1310 3057 1482 3084; x_wconf 72' lang='lat' dir='ltr'>cruciatus</span> <span class='ocrx_word' id='word_1_831' title='bbox 1507 3053 1679 3090; x_wconf 61' lang='grc' dir='ltr'>ιίιιιηηαιί,</span> <span class='ocrx_word' id='word_1_832' title='bbox 1722 3064 1762 3084; x_wconf 79' lang='lat' dir='ltr'>(tc</span> <span class='ocrx_word' id='word_1_833' title='bbox 1786 3054 1914 3094; x_wconf 76' lang='lat' dir='ltr'>perditi</span> <span class='ocrx_word' id='word_1_834' title='bbox 1943 3051 2089 3086; x_wconf 77' lang='lat' dir='ltr'>hominis</span> <span class='ocrx_word' id='word_1_835' title='bbox 2113 3052 2321 3095; x_wconf 63' lang='lat' dir='ltr'>pertulisse.</span> <span class='ocrx_word' id='word_1_836' title='bbox 2363 3051 2411 3081; x_wconf 81' lang='lat' dir='ltr'>Ac</span> 
     </span>
     <span class='ocr_line' id='line_1_118' title="bbox 1307 3096 2412 3142; baseline -0.004 -13"><span class='ocrx_word' id='word_1_837' title='bbox 1307 3097 1447 3130; x_wconf 80' lang='lat' dir='ltr'>deinum</span> <span class='ocrx_word' id='word_1_838' title='bbox 1473 3096 1666 3130; x_wconf 82' lang='lat' dir='ltr'>concludit:</span> <span class='ocrx_word' id='word_1_839' title='bbox 1697 3097 1746 3131; x_wconf 80' lang='lat' dir='ltr'>Ita</span> <span class='ocrx_word' id='word_1_840' title='bbox 1772 3110 1842 3131; x_wconf 75' lang='lat' dir='ltr'>cum</span> <span class='ocrx_word' id='word_1_841' title='bbox 1866 3099 1996 3132; x_wconf 70' lang='lat' dir='ltr'>diaboli</span> <span class='ocrx_word' id='word_1_842' title='bbox 2014 3106 2206 3142; x_wconf 72' lang='lat' dir='ltr'>potestate,</span> <span class='ocrx_word' id='word_1_843' title='bbox 2232 3109 2302 3128; x_wconf 80' lang='lat' dir='ltr'>cum</span> <span class='ocrx_word' id='word_1_844' title='bbox 2327 3106 2412 3124; x_wconf 81' lang='lat' dir='ltr'>mor-</span> 
     </span>
     <span class='ocr_line' id='line_1_119' title="bbox 1309 3141 2411 3187; baseline -0.002 -10"><span class='ocrx_word' id='word_1_845' title='bbox 1309 3149 1355 3177; x_wconf 79' lang='lat' dir='ltr'>tis</span> <span class='ocrx_word' id='word_1_846' title='bbox 1381 3145 1542 3183; x_wconf 79' lang='lat' dir='ltr'>horrore,</span> <span class='ocrx_word' id='word_1_847' title='bbox 1574 3156 1646 3177; x_wconf 83' lang='lat' dir='ltr'>cum</span> <span class='ocrx_word' id='word_1_848' title='bbox 1671 3145 1856 3187; x_wconf 55' lang='lat' dir='ltr'>inferorum</span> <span class='ocrx_word' id='word_1_849' title='bbox 1880 3145 2056 3178; x_wconf 74' lang='lat' dir='ltr'>doloribus</span> <span class='ocrx_word' id='word_1_850' title='bbox 2083 3157 2209 3178; x_wconf 77' lang='lat' dir='ltr'>manum</span> <span class='ocrx_word' id='word_1_851' title='bbox 2235 3141 2411 3183; x_wconf 56' lang='lat' dir='ltr'>confr-ren-</span> 
     </span>
     <span class='ocr_line' id='line_1_120' title="bbox 1307 3188 2407 3236; baseline -0.015 -6"><span class='ocrx_word' id='word_1_852' title='bbox 1307 3192 1352 3223; x_wconf 72' lang='lat'>‘10</span> <span class='ocrx_word' id='word_1_853' title='bbox 1365 3211 1375 3229; x_wconf 73' lang='grc'>1</span> <span class='ocrx_word' id='word_1_854' title='bbox 1390 3191 1524 3233; x_wconf 75' lang='lat' dir='ltr'>fuctum</span> <span class='ocrx_word' id='word_1_855' title='bbox 1551 3200 1602 3225; x_wconf 77' lang='lat' dir='ltr'>est</span> <span class='ocrx_word' id='word_1_856' title='bbox 1627 3200 1662 3226; x_wconf 82' lang='lat' dir='ltr'>ut</span> <span class='ocrx_word' id='word_1_857' title='bbox 1688 3191 1835 3236; x_wconf 80' lang='lat' dir='ltr'>referret</span> <span class='ocrx_word' id='word_1_858' title='bbox 1851 3194 1895 3227; x_wconf 81' lang='lat' dir='ltr'>de</span> <span class='ocrx_word' id='word_1_859' title='bbox 1912 3194 1990 3226; x_wconf 77' lang='lat' dir='ltr'>iliis</span> <span class='ocrx_word' id='word_1_860' title='bbox 2009 3195 2185 3228; x_wconf 68' lang='lat' dir='ltr'>viceor-mm</span> <span class='ocrx_word' id='word_1_861' title='bbox 2198 3213 2209 3231; x_wconf 89' lang='lat'>,</span> <span class='ocrx_word' id='word_1_862' title='bbox 2235 3194 2274 3220; x_wconf 56' lang='grc' dir='ltr'>(γ’</span> <span class='ocrx_word' id='word_1_863' title='bbox 2291 3188 2407 3219; x_wconf 66' lang='lat' dir='ltr'>crium·</span> 
     </span>
     <span class='ocr_line' id='line_1_121' title="bbox 1304 3237 1565 3282; baseline -0.008 -13"><span class='ocrx_word' id='word_1_864' title='bbox 1304 3237 1402 3281; x_wconf 71' lang='lat' dir='ltr'>phuni</span> <span class='ocrx_word' id='word_1_865' title='bbox 1425 3245 1542 3282; x_wconf 79' lang='lat' dir='ltr'>ageret</span> <span class='ocrx_word' id='word_1_866' title='bbox 1556 3257 1565 3267; x_wconf 87' lang='lat'>.</span> 
     </span>
    </p>
   </div>
  </div>
 </body>
</html>
