2583 3685
270 167 327 217 ts
933 145 1333 193 DISSERTATIO
1367 145 1400 188 ῑ.
1455 141 1584 184 CAP.
1618 139 1744 184 xxi.

205 245 254 283 <30
280 244 389 282 „obis
420 237 571 279 nocendi
605 232 805 286 potentiam
837 229 1000 268 insinuat
1031 230 1070 268 S.
1091 228 1228 266 Paulus
1259 227 1308 265 E-

204 299 310 351 phes.
344 297 410 333 VI.
447 306 534 337 11.,
578 288 610 322 8(
640 301 746 337 πίῃ,
792 284 858 321 ubi
899 285 1101 321 Iiaenzones
1144 280 1311 334 appellat

203 344 516 394 κοσμοκράτορας
543 344 592 380 «ΤΞ
618 339 749 380 axt'm
789 341 839 377 τῖς
864 342 982 384 mabog
1025 335 1126 377 «ια’-τα
1172 334 1310 372 muntlt‘

204 410 372 441 rectores
400 393 655 433 tenebrarum
695 389 865 428 hurum.
910 390 1076 442 Apparet
1119 390 1233 426 etiam
1263 400 1309 426 ex

203 462 345 504 septem
388 448 464 488 illis
507 446 653 485 maritis
681 444 787 482 Sarae
829 443 923 481 filice
965 442 1168 495 Hagnefis,
1216 455 1311 495 quos

200 506 367 546 Daemon
409 501 546 540 occidit
575 498 712 536 Tobiae
734 499 829 544 Vl.;
872 507 953 536 tum
991 510 1034 534 ex
1056 506 1128 534 tota
1157 496 1313 534 historia

203 561 291 599 Jobi
313 589 323 607 ,
370 557 417 594 ad
447 555 556 606 cujus
586 553 768 590 damnum
799 552 881 590 Deo
910 552 1149 604 permittente
1194 551 1314 602 potuit

204 614 316 652 Satan
345 611 505 648 latrones
534 620 690 646 evocare
712 636 722 655 ,
766 616 917 653 ventos,
949 605 982 641 8(
1011 611 1247 656 tempestates
1276 600 1314 641 iii

205 680 290 704 aere
320 665 483 703 excitare
505 692 516 710 ,
560 663 687 713 ignem
717 660 763 698 de
806 659 906 698 coelo
934 659 1126 696 demittere
1148 689 1159 706 ,
1202 665 1315 708 atque

204 722 243 759 in
281 721 362 772 ipso
392 716 473 768 ejus
503 728 659 767 corpore
688 715 838 763 varios,
868 714 1185 765 gravissimosque
1215 723 1316 747 mor-

202 773 273 812 bos
301 772 508 811 inducere.
557 769 658 807 Hinc
706 770 845 820 saepius
889 779 1091 805 monemur
1121 768 1159 803 in
1202 765 1316 802 sacris

203 827 381 874 Litteris,
426 833 464 862 ut
491 836 605 876 opem
633 822 707 860 Dei
738 831 868 860 contra
896 819 1011 872 hujus
1040 818 1221 857 terribilis
1251 817 1317 856 lio-

205 882 272 920 stis
301 888 454 919 conatus
483 877 624 929 jugiter
653 876 903 928 imploremus
921 900 930 912 .

263 933 355 980 564.
385 932 457 971 Sed
485 940 626 983 quanta
654 931 726 979 sit,
771 928 804 965 8(
833 942 1033 982 quousque
1075 941 1113 965 se
1143 927 1316 965 extendat

203 988 289 1028 baec
319 987 483 1040 potentia
499 985 732 1023 Daemonum
750 1014 760 1031 ,
791 983 893 1021 haud
925 982 1038 1020 facile
1068 991 1117 1019 est
1137 982 1318 1020 determi-

204 1056 323 1080 nare.
360 1041 401 1080 S.
433 1041 666 1092 Augustinus
694 1037 784 1076 Lib.
815 1037 881 1075 III.
912 1035 960 1074 de.
993 1034 1133 1073 Trinit.
1163 1049 1249 1087 cap.
1281 1048 1319 1085 7.

206 1097 396 1135 admirans
424 1094 615 1147 quomodo
644 1093 746 1144 magi
776 1090 982 1129 Pharaonis
1013 1091 1200 1142 potuerint
1231 1100 1320 1131 ma-

205 1154 303 1203 gicis
331 1147 482 1188 artibus
512 1149 637 1186 facere
658 1155 848 1198 serpentes
866 1175 875 1193 ,
906 1144 939 1181 8(
956 1143 1033 1183 alia
1047 1143 1217 1190 similia,
1248 1156 1320 1180 non

207 1206 394 1257 potuerint
423 1212 551 1240 autem
580 1202 706 1239 facere
726 1198 944 1252 sciniphes,
975 1199 1043 1251 qui
1072 1211 1214 1235 muscae
1236 1203 1322 1233 sunt

209 1259 479 1296 minutissimae
497 1287 507 1304 ,
538 1257 588 1294 ita
617 1254 790 1306 colligit:
837 1251 950 1291 Unde
971 1251 1141 1302 ‚intelligi
1171 1250 1290 1286 datur
1309 1278 1320 1296 ,

205 1327 255 1351 ne
286 1313 383 1364 ipsos
411 1309 568 1361 quidem
597 1317 914 1359 transgressores
944 1305 1144 1356 Angelos,
1174 1303 1223 1342 (9⁴
1253 1315 1322 1339 ‹ze-

213 1379 308 1405 reas
336 1373 550 1415 potestates
567 1393 577 1410 ,
604 1375 674 1413 per
702 1373 802 1411 quas
833 1361 1008 1410 magica-,²
1036 1366 1147 1394 artes
1162 1363 1323 1404 possunt

207 1417 390 1471 quidquid
418 1424 580 1468 possunt
601 1445 611 1462 ,
641 1415 774 1451 valere
802 1411 952 1463 aliquid
973 1441 983 1459 ,
1022 1413 1099 1448 nisi
1128 1409 1230 1447 data,
1259 1407 1325 1446 de-

206 1485 321 1523 super
348 1478 569 1520 potestate.
609 1468 657 1506 Et
687 1481 772 1519 cap.
794 1479 833 1518 9.
863 1467 909 1503 de
939 1465 1074 1502 iisdem
1104 1463 1215 1501 malis
1246 1463 1326 1501 An-

203 1526 304 1578 gelis
332 1524 489 1577 loquens
511 1554 521 1573 ,
544 1553 570 1572 „
591 1522 696 1571 Quid
726 1529 851 1559 autem
871 1550 880 1568 ,
912 1521 1057 1570 inqztitss,
1087 1519 1230 1570 possint
1259 1529 1327 1568 per

207 1610 234 1630 „
263 1588 467 1627 naturam,
516 1591 587 1616 nec
625 1576 768 1628 possint
808 1587 877 1626 per
921 1572 1248 1624 prohibitionem,
1291 1568 1325 1604 8(

208 1665 234 1683 ,‚
264 1633 359 1687 quid
389 1645 455 1684 per
484 1632 604 1685 ipsius
633 1639 892 1667 naturaesnae
935 1625 1194 1662 conditionem
1226 1623 1325 1660 face-

195 1718 233 1738 „,
262 1702 303 1726 re
332 1699 406 1725 non
435 1686 633 1730 sinantur,
664 1680 813 1718 homini
841 1677 1040 1730 explorare
1060 1676 1218 1715 difficile
1248 1685 1326 1725 est,

207 1772 234 1791 ,‚
264 1743 344 1779 imo
372 1751 463 1778 vero
510 1734 773 1788 impossibile,
816 1733 887 1770 nisi
930 1745 997 1784 per
1040 1730 1138 1769 illud
1182 1732 1327 1768 donum

211 1825 238 1844 „
270 1794 370 1839 Dei,
407 1790 510 1843 quod
539 1787 738 1841 Apostolus
766 1793 1040 1826 commemorat
1068 1785 1219 1821 dicens:
1250 1783 1330 1821 Alii

210 1878 238 1899 ,ἱ
267 1845 494 1899 dijudicatio
520 1843 724 1896 spirituum
742 1869 752 1880 .
783 1840 969 1879 Novimus
998 1839 1100 1877 enim
1131 1837 1329 1875 hominem

212 1932 239 1952 „
270 1915 375 1954 posse
405 1897 629 1944 ambulare,
680 1895 713 1931 8(
741 1908 867 1947 neque
897 1892 968 1930 hoc
1010 1905 1144 1944 posse,
1191 1892 1222 1928 si
1252 1904 1328 1928 non

198 1986 240 2006 .„
271 1955 543 2008 permittatur3
580 1949 710 1990 volare
739 1957 867 1988 autem
897 1960 973 1986 non
1004 1959 1135 1998 posse,
1180 1945 1329 1983 etiamsi

211 2040 238 2061 „
268 2008 508 2061 permittatur
524 2007 578 2043 “.

268 2062 359 2102 565.
388 2060 517 2100 Deum
563 2067 690 2097 autem
720 2071 766 2096 ex
796 2055 1048 2109 profunditate
1078 2053 1329 2094 consiliorum

213 2129 371 2156 suorum
400 2117 527 2167 reipsa
556 2112 764 2165 aliquando
794 2110 1047 2150 Daemonibus
1085 2109 1329 2161 permisisse,

212 2180 254 2210 ut
282 2171 332 2210 ab
362 2167 583 2208 hominibus
628 2167 760 2219 impiis
788 2167 925 2214 tacite,
969 2163 1030 2204 vel
1060 2177 1232 2217 expresse
1261 2175 1331 2214 per

206 2226 381 2276 -magicas
411 2232 507 2261 artes
548 2222 712 2260 invocati
759 2222 925 2272 potentia
953 2232 1021 2256 sua
1057 2217 1222 2256 naturali
1253 2225 1333 2254 ute-

214 2287 346 2316 rentur
368 2307 378 2325 ,
422 2285 463 2314 ut
492 2276 618 2328 primo
646 2281 969 2325 compertum-est
997 2284 1042 2310 ex
1070 2272 1185 2308 sacris
1214 2271 1333 2309 ‚Litte-

209 2332 298 2380 -ris,
342 2344 434 2383 quae
464 2328 737 2382 superstitiosas
767 2326 986 2378 hujusmodi
1016 2334 1113 2363 artes
1142 2324 1333 2362 severissi-

217 2398 283 2423 me
312 2384 515 2437 prohibent
537 2408 548 2421 .
592 2381 714 2420 Exodi
745 2379 873 2419 XXII.
909 2379 969 2418 18.
1000 2380 1052 2417 ita
1095 2376 1238 2430 populo
1265 2388 1334 2415 suo

218 2439 399 2492 praecipit
426 2438 554 2475 Deus:
603 2433 820 2487 Maleficos
861 2446 943 2472 non
977 2435 1140 2483 patieris
1183 2435 1333 2469 vivere.

210 2494 319 2532 'Item
349 2489 652 2532 Levitici'XI'X.
683 2489 748 2529 51.
790 2486 886 2526 Non
924 2486 1129 2525 ‚declinetis
1157 2485 1214 2523 ad
1243 2498 1334 2522 ma,-

211 2560 314 2600 gos,
343 2559 417 2585 nec
435 2544 486 2584 ab
506 2544 643 2582 ariolis
657 2541 807 2594 aliquid
826 2545 1105 2579 sciscitemini:
1136 2554 1222 2591 cap.
1240 2538 1333 2576 XX.

222 2614 287 2651 27.
320 2597 416 2647 Vir,
446 2602 526 2637 sive
554 2597 719 2643 mulier,
750 2599 792 2632 ιή
821 2594 955 2646 quihus
982 2593 1238 2646 pythonicus,
1277 2592 1334 2630 vel

219 2653 474 2692 divinationis
490 2650 622 2703 fiterit
640 2652 823 2699 spiritus,
855 2656 981 2685 morte
1011 2651 1256 2685 moriamur.
1288 2645 1335 2683 Et

223 2707 346 2745 adbuc
390 2703 788 2759 expressius‘Deuter.
819 2701 966 2739 XVIII.
991 2715 1062 2753 ¹9·
1112 2699 1200 2738 Nec
1230 2703 1336 2737 inre-

224 2764 359 2798 m'atur
374 2765 415 2798 in
430 2769 488 2810 te,
517 2762 582 2812 qui
602 2758 739 2795 lustret:
755 2755 896 2808 filium
912 2768 1025 2793 sut—tm
1042 2785 1052 2803 ,
1068 2763 1152 2793 nut
1169 2753 1334 2804 filiam,

228 2813 376 2852 ducens
404 2827 471 2864 per
500 2818 662 2866 ignem,
711 2817 781 2848 aut
810 2813 874 2861 qui
901 2809 1048 2847 ariolos
1089 2810 1335 2855 sciscitetur,

228 2868 278 2909 &
307 2867 478 2905 observet
505 2870 665 2905 somnia
683 2896 694 2915 ,
721 2872 843 2916 atque
862 2866 1058 2915 attgitrz'a,
1086 2873 1162 2898 nec
1176 2864 1225 2897 sit
1246 2872 1337 2896 ma-

229 2919 368 2959 leficus
390 2950 400 2968 ,
430 2933 503 2957 nec
531 2924 763 2958 incantator
783 2948 794 2967 ,
822 2930 898 2956 nec
928 2919 992 2968 qui
1020 2913 1214 2968 pythones
1244 2926 1337 2950 con-

231 2975 360 3022 sulat,
387 2986 463 3011 nec
494 2973 641 3010 divinos
658 3004 667 3021 ,
704 2981 775 3012 aut
803 2979 960 3024 qttoertzt
988 2983 1016 3007 a
1046 2971 1211 3006 mortuis
1241 2970 1337 3005 reri—

233 3038 360 3066 tatem
379 3055 388 3066 .
405 3027 470 3064 'Ut
494 3027 591 3079 quid
621 3040 708 3064 vero
735 3035 811 3064 tam
842 3038 1028 3078 expressae
1047 3053 1057 3071 ,
1089 3021 1122 3057 &
1151 3021 1291 3071 saepius
1311 3020 1342 3057 i-

235 3091 365 3120 teratae
398 3082 477 3119 istae
510 3078 808 3132 prohibitiones,
845 3081 877 3118 si
907 3076 1008 3116 nulli
1037 3077 1161 3129 reipsa
1190 3075 1343 3113 fuissent

236 3137 345 3183 Magi
369 3166 378 3182 ,
408 3137 488 3173 imo
517 3132 636 3171 nullae
666 3142 761 3171 artes
790 3131 976 3184 magicae?
1078 3127 1086 3133 φ

292 3190 384 3229 566.
414 3189 546 3241 Neque
562 3185 676 3238 hujus
704 3187 919 3238 gravissimi
940 3185 1155 3238 argumenti
1182 3184 1263 3222 vim
1283 3181 1347 3219 de-

221 3244 413 3292 eliuant,
460 3244 530 3296 qui
558 3239 669 3291 haee,
713 3240 746 3277 &
775 3238 918 3279 similia
958 3241 1093 3281 divina
1128 3244 1348 3292 praecepta,

1379 236 1465 277 quac
1496 221 1591 259 alibi
1622 222 1735 257 etiam
1773 218 1914 272 saepius
1943 227 2174 269 occurrunt,
2219 233 2262 258 eo
2290 231 2395 260 sensu
2426 233 2490 260 exa

1381 278 1552 331 plicant,
1581 287 1657 311 non
1677 272 1884 324 quasiliaec
1915 273 2106 312 diabolica
2135 287 2193 311 ars
2223 289 2393 328 unquam
2415 277 2490 314 rei·-

1382 345 1448 385 psa
1477 327 1663 374 extiterit,
1706 326 1772 364 sed
1801 337 1840 364 ut
1868 327 2032 380 populus
2062 328 2292 380 israeliticus
2335 330 2383 368 ab
2415 330 2487 370 hac

1378 385 1558 438 opinione
1588 393 1687 420 verce
1718 381 1854 431 magiae
1883 391 2145 427 averteretur3
2181 395 2405 436 quanquam
2453 399 2491 422 e·

1379 441 1459 477 nim
1477 468 1487 487 ,
1517 436 1730 488 inquiunt,
1768 433 1850 471 haec
1878 436 2011 485 opinio
2042 434 2136 471 falsa
2165 444 2283 484 esset,
2327 447 2406 476 erat
2436 448 2494 476 ta-

1381 506 1470 532 men
1499 490 1600 542 apud
1622 489 1761 527 Gentes
1791 485 1985 539 vulgaris,
2017 486 2306 534 &communia
2336 490 2369 525 8(
2390 505 2491 543 prae.

1381 556 1482 586 terea
1511 545 1593 583 haec
1614 556 1673 581 ars
1703 549 1785 579 utut
1805 542 2012 579 vanissima
2029 569 2039 588 ,
2067 541 2248 593 omnique
2278 542 2412 581 effectu
2433 559 2495 583 ca-

1382 614 1492 648 rens,
1536 600 1613 637 sine
1642 610 1781 649 magna
1817 604 1940 633 tamen
1983 594 2180 646 impietate
2222 598 2391 636 exerceri
2419 611 2496 638 non

1383 662 1526 708 poterat
1546 679 1556 690 .

1440 708 1531 759 567.
1562 704 1646 744 Non
1690 705 1876 757 inquam,
1920 703 1977 742 vis
2024 704 2139 742 nostri
2182 706 2395 757 argumenti
2425 705 2497 745 hoe

1385 761 1524 813 effugio
1552 759 1766 799 declinatur
1788 786 1798 797 .
1840 758 1940 796 Nam
1971 758 2097 809 primo
2126 758 2246 796 multo
2284 760 2403 811 magis
2432 773 2500 812 po-

1386 815 1501 869 pulus
1530 815 1578 852 ab
1608 813 1678 852 hac
1709 822 1788 850 arte
1817 810 2008 850 diabolica
2037 825 2189 850 aversus
2220 813 2370 861 fuisset,
2400 814 2430 851 si
2452 813 2499 851 de

1388 869 1470 921 ejus
1499 869 1661 908 vanitate
1691 867 1857 905 fuisseta
1878 866 1959 903 Deo
1988 866 2166 912 edoctus;
2195 875 2285 904 tunc
2315 868 2501 920 enimpo-

1388 923 1501 976 pulus
1531 921 1639 959 nulla
1668 936 1731 973 spe
1762 921 1887 968 lucri,
1918 921 2171 968 curiositatis,
2202 929 2266 958 aut
2294 921 2502 974 voluptatis

1388 978 1436 1014 ad
1466 990 1548 1014 eam
1581 975 1831 1013 exercendam
1870 975 1997 1012 fuisset
2027 972 2203 1012 illectus.
2252 976 2299 1013 At
2328 989 2417 1013 vero
2464 976 2504 1013 in

1388 1030 1567 1068 omnibus
1596 1028 1688 1068 locis
1717 1031 1769 1067 ita
1797 1029 1902 1067 Dens
1931 1028 1977 1065 de
2005 1029 2165 1079 magicis
2194 1027 2341 1067 artibus
2376 1028 2504 1081 loqui-

1389 1093 1476 1132 tur,
1508 1092 1546 1120 ut
1575 1084 1738 1136 quisque
1769 1082 1883 1121 facile
1913 1082 2080 1120 crederet
2099 1112 2110 1130 ,
2141 1097 2202 1120 eas
2222 1083 2348 1135 reipsa
2368 1084 2505 1121 existe-

1389 1152 1431 1176 re
1453 1167 1463 1186 ,
1492 1138 1650 1175 omnino
1679 1147 1805 1175 tamen
1836 1137 2060 1188 fugiendas,
2092 1144 2218 1188 utpote
2233 1137 2375 1187 malas,
2404 1137 2506 1176 Deo-

1389 1206 1465 1244 que
1495 1203 1663 1228 maxime
1693 1204 1858 1229 ulVlsas.

1446 1243 1538 1284 568.
1568 1243 1717 1281 Deinde
1746 1245 1786 1281 in
1818 1244 1953 1282 iisdem
1981 1246 2098 1283 saeris
2126 1245 2254 1285 Libris
2283 1246 2413 1299 aliqua
2443 1244 2508 1284 de-

1391 1298 1611 1337 scribuntnr
1640 1310 1711 1349 ope
1740 1296 1974 1335 Daemonum
2005 1298 2151 1334 artibus
2180 1302 2337 1350 magicis
2376 1301 2475 1338 facta
2497 1325 2510 1338 0

1392 1353 1578 1391 Sistamus
1606 1351 1786 1389 duntaxat
1808 1351 1848 1388 in
1867 1350 1990 1388 Exodi
2012 1350 2200 1403 capitibus
2217 1352 2303 1390 Vll.
2325 1353 2358 1388 &
2378 1354 2509 1401 V111.‚

1394 1407 1461 1444 ubi
1493 1420 1535 1443 ea
1565 1406 1665 1444 mira
1695 1405 1934 1442 continentur
1955 1433 1965 1452 ,
1995 1418 2084 1456 quae
2107 1404 2216 1456 Magi
2233 1404 2440 1444 Pharaonis
2460 1406 2508 1444 ad

1394 1459 1656 1498 aemulandam
1686 1459 1878 1498 divinam(
1890 1456 2036 1509 Moysis
2066 1458 2246 1496 virtutem
2275 1472 2404 1497 coram
2434 1468 2510 1498 toto

1396 1513 1539 1565 populo
1567 1521 1754 1563 egerunt3
1785 1511 1818 1547 8(
1848 1511 2005 1563 quidem
2037 1524 2080 1548 eo
2109 1513 2237 1559 exitii,
2269 1521 2308 1550 ut
2323 1513 2429 1550 Deus
2444 1527 2510 1551 vo-

1393 1566 1508 1603 luerit
1523 1565 1572 1603 ab
1591 1565 1773 1602 omnibus
1802 1565 1977 1615 cognosci
1995 1594 2005 1612 ,
2035 1564 2268 1603 diabolicam
2288 1575 2408 1603 artem
2431 1576 2511 1604 tan-

1393 1620 1481 1657 dem
1511 1621 1654 1657 victam
1693 1619 1833 1666 fuisse,
1877 1632 1966 1656 cum
1997 1617 2102 1656 Deus
2143 1632 2219 1656 non
2264 1620 2512 1670 permiserit,

1395 1672 1586 1725 sciniphes
1607 1687 1629 1709 a
1649 1673 1771 1723 magis
1801 1671 1982 1722 produci,
2013 1672 2339 1722 quemadmodum
2371 1673 2513 1724 permi-

1395 1737 1492 1765 serat
1522 1726 1680 1778 produci
1710 1733 1924 1776 se1·penteS,
1968 1722 2001 1758 8<
2032 1738 2167 1772 ranas,
2213 1725 2246 1761 8<
2275 1740 2392 1778 aquas
2421 1739 2512 1764 con-

1397 1781 1492 1820 verti
1523 1781 1562 1817 in
1593 1779 1845 1830 sanguinem,
1877 1778 1926 1815 ita
1958 1786 1995 1814 ut
2026 1779 2098 1829 ipsi
2130 1777 2298 1817 malefici
2318 1779 2511 1826 exclama·-

1397 1848 1438 1872 re
1466 1833 1696 1872 debuerint:
1726 1831 1886 1883 Digitus
1915 1830 1992 1869 Dei
2020 1841 2078 1868 est
2108 1831 2194 1870 hic.

1453 1887 1544 1940 569.
1574 1887 1679 1934 Quid
1709 1886 1756 1924 ad
1786 1886 1870 1924 haec
1900 1884 2143 1923 adversarii?
2180 1887 2224 1925 In
2253 1899 2364 1924 omne
2393 1900 2430 1925 se
2458 1886 2514 1926 lan

1397 1951 1454 1981 tus
1485 1949 1734 1988 convertunt,
1765 1954 1809 1978 ac
1830 1940 1967 1991 frigide
1996 1940 2145 1978 tandem
2178 1942 2428 1992 respondent,
2459 1942 2515 1979 fa-

1396 1995 1473 2034 cile
1503 1996 1617 2034 fuisse
1647 1993 1835 2033 maleficis
1865 1993 2051 2045 Egyptiis
2093 2004 2283 2045 serpentes
2325 1994 2425 2033 clam
2456 1996 2513 2033 af-

1389 2051 1519 2099 ferre,
1549 2050 1672 2102 iisque
1700 2061 1892 2088 venenum
1923 2047 2112 2095 adimere,
2143 2047 2176 2083 8(
2208 2063 2394 2086 manuum
2422 2049 2513 2087 dex-

1397 2106 1542 2144 teritate
1572 2104 1688 2155 virgis
1716 2101 1878 2141 sublatis
1899 2131 1908 2149 ,
1940 2113 2000 2139 eos
2029 2102 2068 2139 in
2099 2101 2271 2140 medium
2301 2101 2513 2156 projicere:

1399 2160 1433 2196 8(
1464 2160 1514 2197 ita
1543 2157 1719 2196 similiter
1748 2157 1794 2194 de
1824 2157 1925 2194 ranis
1944 2170 1958 2203 3·
1996 2169 2046 2193 ac
2073 2155 2120 2193 de
2139 2170 2260 2208 *aquae
2298 2158 2516 2196 conversio-

1400 2227 1448 2252 ne
1478 2214 1518 2250 in
1551 2212 1774 2263 sanguinem
1809 2211 1872 2261 (a)
1897 2237 1907 2248 .

1456 2267 1548 2318 570.
1579 2266 1627 2304 At
1656 2278 1745 2304 vero
1774 2265 1942 2316 stipites,
1991 2262 2024 2300 8(
2055 2261 2183 2302 caules
2214 2265 2327 2303 fuisse
2369 2273 2516 2318 oportet

1400 2335 1532 2360 omnes
1561 2319 1774 2372 AEgyptios,
1812 2320 1880 2370 qui
1909 2317 1983 2355 sibi
2013 2327 2089 2355 tam
2120 2332 2241 2356 crasse
2271 2318 2384 2357 illudi
2415 2328 2518 2372 parea

1401 2383 1554 2416 rentur.
1584 2373 1759 2422 Deinde,
1789 2385 1859 2409 cur
1888 2370 1959 2409 hac
1989 2372 2071 2424 ipsa
2101 2386 2285 2411 manuum
2315 2374 2518 2412 dexterita-

1401 2437 1438 2467 te
1475 2429 1529 2466 uti
1559 2439 1631 2465 non
1662 2434 1861 2479 potuerunt
1903 2425 1950 2463 ad
1993 2427 2256 2477 producendos
2297 2425 2518 2480 sciniphes?

1402 2484 1480 2521 Cur
1508 2481 1724 2520 exclamare
1752 2481 1871 2518 coacti
1901 2487 2016 2517 sunt:
2054 2479 2196 2531 digitus
2226 2480 2303 2518 Det
2332 2489 2390 2518 est
2417 2479 2478 2518 hic
2495 2479 2520 2516 ?

1403 2537 1557 2585 Quanto
1586 2533 1726 2572 melius
1754 2534 1826 2572 erit
1843 2563 1853 2582 ,
1882 2532 2087 2571 nobiscum
2108 2533 2246 2582 fateri,
2277 2532 2364 2571 illos
2392 2534 2514 2572 male·-

1404 2590 1497 2628 ficos
1525 2602 1598 2642 ope
1618 2588 1880 2634 Daemonum,
1910 2586 2053 2638 quibus
2082 2587 2195 2624 facile
2224 2595 2302 2623 erat
2317 2601 2425 2626 veros
2441 2601 2520 2625 ser-

1403 2652 1534 2696 pentes
1555 2672 1566 2691 ,
1612 2641 1645 2678 8(
1675 2654 1782 2680 veras
1811 2653 1920 2677 ranas
1949 2640 1990 2676 in
2022 2639 2194 2676 medium
2222 2638 2386 2687 afferre,
2417 2639 2450 2675 8(
2479 2655 2521 2678 a·—

1404 2711 1499 2749 quas
1529 2694 1654 2733 colore
1684 2693 1877 2744 sanguinis
1907 2690 2091 2740 inficere,
2122 2691 2183 2732 vel
2214 2693 2329 2730 etiam
2351 2692 2522 2732 ludricas

1403 2750 1544 2787 harum
1572 2760 1702 2784 rerum
1731 2746 1917 2797 imagines
1945 2743 2068 2784 oculis
2096 2747 2352 2799 spectantium
2373 2760 2519 2800 reprae-

1403 2811 1573 2849 sentare,
1602 2814 1675 2852 ope
1705 2801 1863 2852 inquam
1893 2798 2129 2838 Daemonum
2161 2802 2340 2839 virtutem
2370 2799 2522 2855 Moysis

1405 2857 1519 2895 fuisse
1549 2855 1775 2900 aemulat093
1806 2853 1918 2906 plene
1946 2861 2074 2891 autem
2103 2856 2253 2908 assequi
2281 2868 2358 2894 non
2379 2857 2521 2907 potuis-

1404 2925 1468 2958 se,
1499 2910 1581 2948 Deo
1610 2909 1651 2947 id
1682 2909 1845 2946 minime
1874 2907 2149 2960 permittente?

1460 2965 1553 3016 571.
1582 2962 1716 3001 Obiter
1757 2972 1884 3000 autem
1913 2962 2186 3011 observamus,
2228 2961 2386 3014 perinde
2416 2977 2521 3011 esse,

1409 3020 1488 3058 sive
1517 3017 1665 3056 dicatur
1681 3048 1692 3066 ,
1723 3030 1767 3055 ea
1783 3016 1987 3067 Magorum
2002 3017 2120 3068 >signa
2141 3017 2254 3054 fuisse
2282 3028 2406 3054 meras
2422 3031 2523 3069 prae·

1410 3074 1563 3123 stigias,
1612 3071 1646 3108 &
1684 3069 1906 3119 illusiones,
1949 3071 2029 3108 sive
2071 3069 2210 3109 melius
2256 3083 2347 3108 cum
2383 3070 2524 3109 Sancto

1414 3125 1566 3164 Thoma
1586 3126 1617 3163 Ι.
1647 3123 1746 3163 Part.
1775 3133 1911 3177 quaest.
1939 3123 2024 3169 ΗΛ.
2040 3132 2109 3162 art.
2126 3123 2164 3170 4.
2195 3133 2275 3176 post
2290 3123 2419 3165 Sanct.
2442 3124 2522 3163 Au-

1415 3181 1607 3232 gustinum
1636 3179 1815 3217 Lib.111.
1845 3178 1893 3217 cle
1925 3175 2065 3216 Trtnz't.
2094 3192 2181 3230 cap.
2205 3191 2242 3229 7.
2273 3178 2389 3216 fuisse
2417 3190 2526 3217 veras

1417 3247 1499 3275 res:
1541 3231 1745 3287 utrobique
1775 3233 1877 3272 enim
1894 3229 2065 3274 Diaboli
2095 3232 2215 3275 virtus
2257 3231 2431 3272 adhiberi
2460 3230 2526 3268 de·-

2354 3284 2446 3324 buit
2461 3314 2474 3334 ,

289 3410 337 3449 (a)
363 3407 418 3442 Ita
444 3404 697 3442 Constantinus
730 3403 774 3441 'de
812 3404 907 3442 Caua
939 3402 994 3438 De
1030 3404 1177 3440 cultibus
1202 3401 1350 3446 magicis
1376 3401 1406 3444 §.
1437 3398 1515 3446 173u
