2583 3685
279 143 306 180 8
787 127 867 171 DE
901 123 1370 170 INCARNATIONE
1419 121 1586 166 SECT.
1609 124 1644 166 Ι.
1679 121 1807 167 ΟΑΡ.
1829 123 1885 166 ΙΙ.

224 246 250 265 w
279 213 436 257 altaria,
479 207 667 247 sacrificia
688 236 700 254 ,
736 208 976 244 caerexnoniae
994 236 1005 253 ,
1047 206 1125 243 dies
1154 206 1265 252 festi,
1294 203 1328 240 8(

224 296 250 314 7,
279 261 462 317 quidquid
507 260 611 298 aliud
653 259 698 297 ad
744 274 827 296 eam
870 260 1090 296 servitutem
1138 259 1327 312 pertinet,

222 348 247 367 n
276 329 364 369 quae
387 315 466 353 Deo
494 312 652 351 debetur
675 343 684 361 ,
714 312 747 348 8(
767 325 890 364 graece
920 313 1070 363 proprie
1091 307 1254 364 λατρεία
1273 311 1329 348 di-

223 401 251 419 „
281 371 406 416 citur,
436 382 479 405 ea
509 365 817 419 significaverunt
836 396 846 413 ,
889 365 921 402 8(
953 366 1330 416 praenuntiaverunt,

222 454 249 473 „
277 436 365 474 quae
396 429 549 473 propter
578 430 758 457 aeternam
802 421 918 457 vitam
947 417 1121 456 fidelium
1153 418 1191 454 in
1221 415 1330 454 Chri-

223 506 249 525 „
279 485 334 513 sto
362 475 395 511 8(
425 471 584 525 impleta
611 472 802 511 credimus
820 501 831 520 ,
861 470 894 507 8(
925 471 1079 523 impleri
1108 470 1300 509 cernimus
1320 498 1332 516 ,

225 558 251 578 „
280 528 313 564 &
344 526 537 578 implenda
566 525 821 565 confidimus.

275 580 339 619 56.
371 579 451 618 Post
479 577 656 632 Moysem
694 591 810 626 vem,
852 592 896 615 ac
923 575 1044 628 legem
1076 574 1124 614 ab
1154 590 1197 614 eo
1238 576 1330 614 scri-

226 643 331 688 ptam
362 639 438 671 tam
470 632 589 671 multa
617 634 664 671 de
693 641 849 670 venturo
865 630 1005 668 Messia
1035 630 1131 667 edita
1152 636 1238 668 sunt
1266 642 1331 665 va·

218 689 379 734 ticiuia,
409 694 448 723 ut
478 687 611 737 integri
641 686 720 723 fere
749 681 1038 735 hagiographi,
1067 681 1115 721 ἔθ’
1143 679 1334 732 propheti-

222 745 258 778 ci
288 740 377 779 libri
406 736 516 777 nobis
544 739 782 777 exscribendi
804 745 945 782 essent,
975 736 1006 772 si
1035 736 1163 772 omnia
1185 733 1332 772 11110111-

220 795 320 833 ferre
350 789 561 830 vellemus.
604 792 654 831 Et
683 805 756 829 non
787 789 909 828 solum
940 786 1090 827 Messiae
1121 787 1299 825 adventus
1320 815 1332 835 ,

219 848 283 886 sed
297 860 428 884 omues
448 846 560 884 etiam
591 845 813 883 minutiores
834 841 1128 881 circumstantiae
1150 853 1333 892 praenun-

223 902 331 940 ciatae
363 900 468 937 fuere
490 924 500 936 .
544 899 599 937 Ac
627 899 754 951 primo
782 896 1090 948 praenunciatum
1123 894 1214 941 fuit,
1244 907 1333 931 eum

223 956 410 992 oriturum
456 965 500 988 ex
542 953 645 1003 regia
672 951 800 988 David
841 950 954 999 stirpe
983 947 1060 985 Jer.
1093 948 1156 986 23.
1188 948 1225 984 5.
1254 960 1333 998 seq.

223 1005 333 1045 Ecce
361 1006 443 1044 (lies
472 1008 656 1052 veniunt,
687 1003 779 1041 dicii
808 1001 1031 1048 Dominus,
1060 1000 1109 1041 ζῦ-
1138 998 1334 1038 suscitabo

224 1058 356 1098 David
383 1072 550 1111 germen
573 1055 728 1109 justum
746 1086 756 1104 ,
785 1056 835 1096 Φ
864 1051 1044 1105 regnabit
1075 1065 1149 1091 rex
1170 1079 1180 1091 .
1198 1079 1209 1090 .
1226 1079 1236 1091 .
1253 1078 1264 1091 .
1286 1051 1334 1089 Ιη

223 1112 353 1152 (liebus
383 1113 458 1150 illis
499 1108 714 1150 salvabitur
741 1106 846 1146 Juda
875 1107 945 1144 Sec.
990 1105 1127 1158 Reipsa
1154 1121 1243 1144 cum
1271 1105 1334 1143 Je-

223 1182 284 1205 sus
312 1168 571 1217 interrogasset
598 1162 832 1201 Pharisaeos:
862 1159 953 1212 quid
982 1160 1081 1198 vobis
1111 1159 1256 1197 viderur
1286 1157 1334 1196 de

226 1217 416 1258 Christo?
466 1217 586 1268 Cujus
611 1215 727 1269 filius
757 1213 854 1252 est?
896 1214 973 1252 sine
1003 1213 1237 1251 haesitatione
1275 1225 1334 1249 re-

223 1272 472 1326 sponderunt:
502 1268 646 1308 David.
678 1267 814 1306 Matth.
836 1266 965 1305 XXII.
994 1266 1060 1312 41.
1089 1265 1123 1302 8(
1153 1280 1234 1317 seq.

278 1326 343 1377 57.
373 1323 547 1362 Secundo
585 1322 875 1359 determinatam
905 1333 1056 1372 quoque
1085 1319 1157 1356 fuit
1186 1318 1334 1355 faustis-

224 1378 312 1417 simi
342 1377 455 1423 huius
485 1383 639 1414 eventus
668 1383 842 1425 tempus,
872 1374 1025 1424 quando
1053 1371 1195 1409 scilicet
1224 1369 1334 1422 (lese-

222 1436 340 1469 cisse!
367 1424 564 1480 sceptrum
594 1426 642 1466 de
669 1426 800 1474 suda,
830 1426 879 1467 (⁸)
913 1423 998 1463 dux
1026 1424 1074 1463 cle
1097 1423 1265 1476 femore
1294 1437 1334 1461 e·

214 1485 310 1538 jus,
353 1484 453 1522 Gen.
475 1481 647 1529 XLIX.,
689 1479 723 1516 8t
753 1488 834 1532 post
863 1477 1115 1517 hebdomades
1162 1487 1333 1528 septem,

224 1537 257 1573 &
285 1539 474 1588 sexaginta
502 1536 595 1573 duas
623 1549 645 1572 a
673 1533 836 1571 Daniele
878 1533 1078 1585 praedictas
1107 1545 1142 1570 c.
1173 1531 1243 1569 IX.
1256 1545 1270 1567 .·
1300 1529 1335 1564 8(

223 1601 423 1643 autequam
454 1587 638 1640 templum
654 1587 861 1626 secuudum
889 1586 1170 1630 destrueretur,
1199 1583 1333 1634 Aggaei

222 1644 299 1692 IL,
328 1643 362 1679 &
391 1642 599 1681 Malachiae
621 1641 687 1678 III.
724 1640 821 1676 Cum
851 1647 978 1675 autem
1010 1635 1222 1674 Malachias
1252 1635 1334 1671 fue-

223 1699 272 1734 rit
300 1694 574 1747 Prophetarum
605 1692 762 1729 ultimus
780 1720 790 1738 ‚
821 1689 938 1728 voluit
968 1688 1096 1735 Deus,
1128 1695 1168 1723 ut
1198 1686 1335 1724 ultima

229 1761 382 1801 quoque.
411 1756 505 1785 esset
534 1745 618 1782 haec
662 1744 810 1781 venturi
839 1742 991 1780 Messian
1036 1741 1259 1792 promissio,
1303 1739 1337 1775 8(

227 1815 317 1840 cum
361 1808 546 1853 postrema
588 1798 837 1850 promissione
866 1794 1077 1845 Prophetiae
1108 1801 1181 1830 vet.
1211 1792 1339 1830 Testa-

230 1855 347 1893 menti
377 1853 644 1890 clauderentur
665 1880 675 1898 ,
722 1858 761 1887 ut
792 1849 905 1886 etiam
935 1860 980 1883 ex
1009 1846 1078 1883 hoc
1110 1843 1338 1895 intelligere-

227 1922 339 1954 mus,
370 1905 551 1944 Messiam
582 1904 686 1941 toties
715 1902 944 1954 promissum
973 1899 1053 1950 jam
1083 1898 1278 1936 advenisse
1301 1924 1311 1936 .

280 1959 344 1999 58.
376 1958 505 1995 Tertio
532 1957 820 2008 praenuuciatus
848 1962 899 1992 est
928 1952 1057 2000 locus,
1094 1950 1239 1989 scilicet
1268 1952 1338 1989 Be-

224 2013 385 2052 theleem
403 2042 414 2060 ‚
444 2010 626 2049 Michaeae
658 2008 710 2045 V.
739 2006 794 2044 Et
823 2017 864 2044 tu
894 2004 1095 2043 Bethleem
1123 2003 1307 2054 Ephraim
1325 2035 1336 2054 ,

225 2066 408 2119 parvulus
436 2078 477 2102 es
506 2066 547 2101 in
576 2061 743 2100 millibus
770 2059 911 2107 Judae,
955 2071 1008 2096 ex
1037 2067 1074 2095 te
1103 2057 1198 2095 mihi·
1226 2070 1337 2110 egre-

224 2121 353 2159 dietur
375 2149 384 2166 ,
415 2121 478 2168 qui
507 2121 556 2155 sit
585 2115 812 2154 dominator
841 2117 883 2150 in
905 2111 1059 2150 Israel.
1090 2110 1227 2163 Reipsa
1247 2124 1337 2149 cum

227 2173 392 2212 Herodes
423 2185 486 2208 rex
528 2169 761 2222 congregatis
790 2165 1033 2218 Principibus
1062 2163 1308 2202 Sacerdotum
1326 2195 1337 2213 ,

226 2227 259 2263 δ(
289 2225 432 2264 Scribis
462 2221 594 2276 populi
626 2221 877 2260 sciscitaretur
895 2250 905 2268 ‚
937 2219 1003 2257 ubi
1019 2217 1191 2256 Christus
1211 2231 1339 2256 nasce-

226 2289 331 2318 retur
353 2308 362 2324 ,
405 2276 591 2314 dixerunt
620 2278 687 2322 ei,
730 2277 771 2311 in
801 2272 1003 2311 Bethleem
1032 2270 1168 2319 Judae,
1199 2269 1339 2310 Matth.

227 2332 315 2370 VII.
345 2331 532 2368 Praedicta
560 2338 611 2367 est
629 2330 742 2366 etiam
772 2335 929 2365 cruenta
951 2325 1019 2363 illa
1040 2326 1248 2363 infantium
1263 2337 1340 2363 cae-

227 2387 318 2434 des,
347 2397 435 2436 quae
464 2382 536 2420 hac
565 2381 759 2419 occasione
787 2395 809 2417 a
839 2378 1102 2417 crudelissimo
1133 2375 1230 2429 Rege
1260 2378 1337 2416 He-

229 2440 318 2478 rode
347 2439 447 2475 facta
475 2444 554 2474 est.
597 2434 773 2472 Jeremiae
804 2431 955 2470 XXXI.
991 2432 1050 2469 15.
1084 2429 1172 2467 Vox
1201 2435 1242 2468 z'n
1271 2443 1342 2469 ex-

230 2493 335 2531 celso
353 2489 491 2528 audita
511 2497 568 2526 est
584 2489 906 2533 lamentationis,
937 2486 1060 2522 luctus
1078 2514 1088 2531 ‚
1117 2484 1166 2524 ἶς’
1186 2483 1314 2536 fletus
1329 2515 1340 2533 ,

230 2544 382 2583 Rachel
409 2543 602 2592 plorantis
619 2540 734 2593 filios
763 2552 852 2576 suos
882 2539 945 2590 (a)
964 2564 974 2576 .
1005 2537 1108 2574 Tum
1140 2538 1229 2588 fuga
1249 2553 1341 2590 pue-

228 2600 262 2637 ri
289 2598 376 2635 Jesu
406 2597 445 2635 in
476 2595 679 2648 AEgyptum
708 2593 810 2645 apud
840 2592 979 2630 Oseam
999 2589 1069 2628 XI.
1106 2603 1138 2627 1.
1169 2590 1227 2629 his
1256 2605 1340 2630 ver-

227 2653 310 2691 bis:
341 2649 410 2687 Ex
439 2647 621 2701 AEgypto
651 2644 937 2699 vocati-filium
967 2657 1100 2681 meum
1124 2670 1133 2682 .

285 2705 351 2756 59.
380 2704 525 2752 Quarto
567 2701 873 2754 praenunciatam
919 2697 1127 2737 clarissime
1156 2697 1341 2738 habemus

281 2849 326 2882 ta)
352 2843 503 2877 Infantes
530 2843 580 2877 illi
606 2839 691 2876 dicti
719 2849 800 2875 sunt
826 2838 888 2875 filii
917 2836 1075 2881 Rachel,
1101 2838 1183 2882 quia
1197 2838 1338 2872 fuerunt

232 2900 272 2922 ex
298 2890 388 2923 tribu
414 2890 595 2934 Benjamin
621 2901 700 2922 cum
727 2887 822 2921 tribu
846 2886 937 2920 Jmla
973 2885 1172 2929 permixta,
1216 2885 1339 2928 Benja-

235 2936 307 2968 min
333 2944 445 2968 autem
469 2946 543 2969 erat
570 2937 660 2969 filius
687 2933 844 2976 Rachel,
870 2935 947 2978 quae
967 2933 1001 2964 in
1022 2930 1198 2964 Bethleem
1224 2932 1339 2975 sepul-

236 2989 270 3013 ta
294 2990 389 3012 erat·
424 2983 477 3014 De
502 2983 563 3016 illa
588 2978 808 3013 παιδικτονιά
843 2982 932 3014 caede
960 2978 1143 3021 infantium
1170 2980 1242 3020 fuse
1270 2978 1340 3021 egit

233 3027 272 3058 P.
298 3027 420 3058 Castus
447 3029 610 3063 Innocens
636 3029 780 3065 Ansaldi
813 3026 1061 3063 Dominicanns
1104 3025 1139 3056 In
1163 3022 1340 3057 Vindiciis

236 3072 428 3106 Hermliuni
454 3075 702 3118 infanticidii,
731 3078 858 3111 Brixiae
888 3072 989 3117 1746.
1016 3071 1051 3103 in
1077 3069 1110 3111 4

285 3118 330 3156 (b)
362 3116 561 3153 Clarissima
587 3133 666 3156 sunt
693 3136 732 3156 ea
757 3123 863 3157 verba
891 3115 1016 3152 l'salm.
1042 3116 1142 3150 XXI.
1170 3116 1342 3152 Foderunt

237 3176 351 3198 ”lanu-5
380 3175 468 3194 IllPaS
487 3184 498 3202 2
535 3171 572 3197 <9
601 3172 704 3210 pedes
729 3162 819 3203 yneols
838 3188 898 3201 ....-
924 3168 1117 3199 diviserunt
1145 3164 1211 3196 sibi
1239 3167 1342 3196 (testi-

235 3218 346 3244 menta
370 3221 440 3241 mm
461 3229 472 3247 ‚
514 3213 544 3241 ὅ(
571 3211 699 3247 frustra
726 3216 934 3249 recentiores
963 3210 1114 3245 Rabbini
1151 3210 1214 3244 hcc
1242 3211 1340 3243 lucu-

237 3257 472 3289 lentissimum
501 3258 704 3292 vaticinium
731 3263 828 3295 nobis
855 3262 986 3303 eripere
1007 3267 1201 3296 conantur,
1228 3266 1344 3290 muta-

239 3302 285 3336 tis
311 3312 372 3347 pro
398 3296 543 3334 arbitrio
568 3306 744 3338 vocalibus
763 3330 773 3346 ,
799 3311 829 3338 8(
855 3308 1004 3348 legentes
1030 3309 1117 3343 '1⁸2
1144 3304 1343 3336 Caurisicut

202 3378 205 3383 .
241 3351 319 3389 teo,
344 3351 397 3382 le‘o
425 3352 501 3397 ΠΣ
529 3349 821 3393 Curusoderont.
855 3351 919 3384 Sed
945 3350 1060 3394 primo
1087 3350 1198 3395 posita
1224 3360 1346 3384 eorum

1395 203 1647 256 prodigiosam
1664 201 1816 239 Messiae
1845 200 2079 241 nativitatem
2109 216 2153 242 ex
2181 200 2366 255 Virgine:
2393 198 2504 241 Isaia'.

1395 257 1482 294 VII.
1519 255 1579 300 14.
1608 253 1718 291 Ecce
1741 253 1861 306 Virgo
1888 258 2103 306 concipiet,
2132 258 2181 298 ἴθ’
2200 261 2326 308 pariet
2352 254 2507 305 filium,

1396 311 1446 351 (θ’
1475 306 1670 347 vocabitur
1699 319 1846 344 nomen
1873 308 1959 358 ejus
1986 307 2085 346 Emi
2115 311 2235 349 <muel
2255 337 2266 348 .
2322 308 2377 347 Et
2405 310 2510 347 Jere-

1399 364 1490 402 miae
1522 360 1672 400 XXXI.
1704 373 1768 398 22.
1814 358 1966 398 creavit
1995 361 2192 401 Dominus
2221 376 2363 402 novum
2390 373 2506 414 super

1401 426 1584 455 terram:
1601 411 1771 465 femina
1799 412 2057 452 circumdabit
2085 421 2208 454 virum
2225 442 2237 455 .

1457 469 1522 515 40.
1553 468 1724 507 Infinitus
1751 473 1879 503 autem
1909 480 2053 515 essem,
2082 470 2112 506 si
2141 470 2272 506 omnia
2298 482 2387 521 quae
2416 470 2456 508 in
2472 469 2507 507 I-

1397 525 1475 562 saia
1491 553 1502 571 ,
1531 521 1696 559 Jeremia
1713 550 1724 568 ,
1755 517 1954 557 Ezechiele
1970 550 1981 568 ,
2011 518 2171 572 aliisque
2194 519 2412 572 Prophetis,
2442 534 2509 574 po-

1398 578 1588 615 tissimum
1617 587 1706 612 vero
1735 572 1775 610 in
1806 570 1990 621 Psalmis,
2034 573 2079 610 de
2108 574 2198 611 Jesu
2225 572 2366 612 Christi
2407 588 2508 627 prae-

1399 631 1610 675 dicatione,
1641 626 1675 662 &
1705 624 1927 674 miraculis,
1956 626 2001 663 de
2031 624 2141 664 Judae
2172 625 2409 678 proditione,
2438 621 2512 666 Di-

1401 681 1635 735 scipulorum
1658 678 1899 717 derelictione
1919 708 1929 726 ,
1958 679 2004 716 de
2034 681 2153 731 sputis
2170 709 2181 727 ‚
2212 675 2375 728 flagellis
2391 707 2402 726 ,
2430 694 2512 718 ma-

1402 750 1524 774 nuum
1541 764 1552 784 ,
1583 735 1799 786 pedumque
1821 733 2049 784 perfossione
2065 761 2076 781 ‚
2106 733 2295 771 divisione
2310 732 2510 771 vestimen-

1399 798 1552 834 torum,
1597 787 1653 837 (b)
1684 787 1729 824 de
1758 786 2024 831 contumeliis,
2054 782 2314 831 irrisionibus,
2350 782 2514 837 aliisque

1400 842 1632 893 gravissimis
1661 840 1893 878 cruciatibus
1910 870 1920 888 ‚
1959 840 2101 892 quibus
2127 839 2300 877 Christus
2326 837 2513 884 sanctissi7

1401 908 1509 932 mum
1540 892 1958 945 redemptionisnostrae
1988 906 2082 945 opus
2110 892 2414 936 consummavit,
2444 900 2516 928 nou

1402 956 1479 984 tam
1512 947 1744 997 praedicata,
1774 960 1890 998 quam
1920 947 2107 998 descripta
2135 945 2340 997 leguntur3
2378 944 2516 995 impri«

1402 1000 1474 1038 mis
1503 1009 1631 1037 autem
1659 1000 1704 1036 de
1734 998 1816 1049 ejus
1843 1000 2042 1037 divinitate
2060 1029 2071 1047 ,
2113 999 2310 1046 doctrina,
2340 1010 2517 1049 novaque

1401 1051 1484 1103 lege
1512 1060 1586 1090 toto
1614 1051 1705 1089 orbe
1733 1052 2040 1098 disseminanda3
2070 1065 2113 1089 ac
2143 1053 2300 1091 demum
2330 1051 2375 1089 de
2406 1063 2518 1099 voca-

1401 1106 1499 1143 tione
1528 1106 1699 1156 gentium
1717 1134 1728 1152 ,
1769 1118 1812 1142 ac
1843 1106 2105 1157 reprobatione
2134 1105 2357 1143 Judaeorum
2386 1102 2517 1155 singil-

1401 1157 1512 1196 latim
1542 1170 1760 1210 percensere
1788 1154 1955 1203 vellem5
2005 1167 2043 1196 ut
2073 1172 2159 1196 vere
2188 1159 2315 1197 dicere
2353 1157 2518 1209 potuerit

1401 1212 1443 1250 S.
1474 1211 1707 1263 Augustinus
1727 1224 1793 1262 qu.
1812 1210 1875 1260 73.
1906 1211 1945 1248 in
1967 1207 2167 1248 Exodum:
2196 1210 2245 1248 Ιη
2260 1215 2377 1249 veteri
2407 1210 2515 1263 (Te-

1404 1274 1587 1304 stamento
1607 1264 1622 1312 )
1645 1276 1788 1302 novum
1806 1262 1902 1301 latet
1918 1293 1929 1311 ‚
1958 1263 2008 1303 <9⁰
2023 1267 2064 1300 in
2079 1272 2175 1313 noro
2190 1273 2295 1308 vetus
2310 1273 2418 1314 patet
2436 1265 2494 1316 (c)
2507 1289 2519 1301 .

1457 1318 1522 1364 41.
1554 1317 1769 1370 Antequam
1785 1329 1873 1355 vero
1903 1315 1972 1354 hoc
1993 1326 2108 1368 caput
2135 1316 2401 1362 absolvamus,
2429 1319 2517 1355 bre-

1403 1372 1498 1410 viter
1541 1369 1672 1409 saltem
1714 1370 2095 1408 commemorandum
2139 1378 2191 1408 est
2233 1368 2384 1407 celebre
2419 1369 2518 1417 1111111

1402 1423 1551 1477 Moysis
1582 1425 1835 1472 vaticinium,
1882 1422 1984 1475 quod
2026 1421 2163 1475 legitur
2192 1422 2348 1461 Denter.
2370 1421 2522 1460 XVIII.

1409 1478 1469 1516 15.
1499 1492 1576 1529 seq.
1595 1507 1605 1526 ,
1637 1477 1703 1515 ubi
1733 1476 1988 1515 Hebraeorum
2017 1475 2207 1527 legislator
2235 1475 2356 1513 alium
2386 1483 2466 1527 post
2482 1489 2521 1513 se

1403 1528 1630 1582 Prophetam
1671 1529 1745 1567 sibi
1774 1529 1940 1567 similem
1970 1543 2004 1566 a·
2022 1528 2103 1566 Deo
2145 1528 2403 1566 suscitandum
2442 1541 2520 1566 esse

1402 1581 1461 1619 his
1492 1583 1617 1620 verbis
1635 1583 1937 1634 praenunciavit:
1968 1579 2209 1633 Proplzetam
2226 1578 2274 1619 de
2287 1590 2406 1633 gente
2421 1590 2490 1618 tua
2507 1611 2518 1630 ,

1401 1635 1451 1674 <9'
1479 1633 1527 1671 de
1543 1632 1745 1686 fratribus
1760 1638 1862 1683 tuis,
1891 1638 1991 1672 sicut
2021 1648 2107 1682 me,
2137 1635 2339 1672 suscitabit
2354 1633 2517 1672 tibiDo-

1404 1690 1537 1724 minus
1565 1685 1677 1725 Deus
1705 1696 1822 1731 tuus;
1850 1691 1976 1738 ipsum
2005 1687 2144 1725 audies
2161 1713 2218 1725 ....
2265 1683 2320 1724 Et
2349 1691 2406 1724 ait
2436 1686 2518 1724 Do-

1407 1745 1538 1777 minus
1568 1739 1663 1777 milzi
1681 1766 1736 1778 ....
1784 1738 2021 1791 proplietam
2050 1737 2244 1778 suscitabo
2275 1744 2330 1778 cis
2361 1739 2519 1791 <leme-

1407 1791 1469 1830 (lio
1486 1792 1673 1842 fratrum
1704 1806 1864 1830 suorum
1885 1794 2056 1833 similem
2085 1798 2140 1831 tui
2158 1823 2169 1840 ,
2198 1794 2247 1833 <9⁶
2268 1807 2415 1844 ponam
2438 1805 2519 1832 ver-

1406 1844 1457 1882 ba.
1487 1859 1580 1882 mea
1608 1849 1649 1883 in
1678 1858 1745 1883 ore
1773 1848 1859 1898 ejus
1890 1845 1959 1883 διε.
2018 1845 2237 1884 pervicaces
2265 1847 2391 1883 Judaei
2433 1860 2522 1885 con-

1406 1899 1592 1947 tendunt,
1623 1911 1698 1936 non
1729 1896 1909 1937 Messian]
1928 1929 1938 1947 ‚
1968 1900 2029 1937 sed
2059 1900 2334 1937 successionem
2355 1898 2522 1952 Prophe-

1406 1960 1532 1989 tarum
1563 1951 1737 2004 aMoyse
1767 1951 1837 1990 1100
1867 1951 1950 1992 loco
1971 1953 2083 1990 fuisse
2100 1954 2323 2005 promissam
2341 1983 2353 2002 ,
2381 1952 2415 1989 8(
2435 1953 2522 2004 qui-

1406 2005 1494 2044 dam
1526 2007 1639 2043 etiam
1671 2018 1714 2042 ex
1744 2003 1971 2044 Christianis
2014 2005 2282 2058 Interpretibus
2312 2019 2384 2043 non
2414 2006 2520 2056 igno-

1410 2057 1509 2096 biles
1538 2066 1741 2109 putarunt,
1775 2071 1849 2096 non
1879 2059 2007 2096 solum
2028 2058 2240 2108 messiam,
2270 2060 2333 2098 sed
2361 2058 2454 2096 alios
2483 2073 2523 2096 e-

1405 2112 1497 2149 tiam
1528 2108 1759 2163 Prophetas,
1807 2112 1874 2163 qui
1905 2111 2033 2164 Nloysi
2064 2113 2263 2150 succedere
2300 2112 2487 2150 debebant
2509 2141 2522 2159 ,

1405 2163 1465 2203 his
1495 2164 1622 2203 verbis
1652 2165 1870 2217 designari.
1901 2165 2075 2214 Quorum
2107 2174 2230 2203 tamen
2257 2166 2436 2204 sententia
2464 2165 2521 2202 fa-

1407 2217 1480 2256 cile
1508 2217 1735 2257 convellitur
1752 2245 1761 2256 .

1462 2269 1528 2317 42.
1557 2271 1658 2309 Nam
1701 2272 1828 2323 primo
1868 2271 2028 2310 Sanctus
2057 2268 2188 2310 Petrus
2233 2272 2412 2311 Act.111.
2458 2285 2522 2309 22.

1408 2323 1506 2362 hanc
1537 2323 1776 2377 prophetiam
1806 2326 1853 2363 ad
1881 2326 2003 2363 solum
2023 2323 2216 2363 Christum
2238 2327 2426 2378 pertinere
2443 2354 2453 2372 ,
2483 2339 2523 2362 a-

1408 2387 1512 2431 perte
1540 2378 1772 2427 declaravit,
1802 2378 1893 2416 dum
1916 2393 1958 2416 ea
1988 2392 2075 2416 usus
2096 2389 2175 2428 est,
2205 2389 2246 2416 ut
2264 2379 2408 2417 Judaeis
2438 2390 2523 2429 per-

1409 2431 1579 2469 suaderet
1595 2460 1606 2478 ‚
1633 2431 1762 2470 Jesum
1792 2446 1868 2470 esse
1884 2429 2065 2471 Messiam
2097 2435 2134 2470 in
2150 2431 2248 2483 Lege
2265 2432 2492 2485 promissum
2511 2455 2522 2470 .

1409 2484 1595 2523 Similiter
1623 2485 1782 2523 Sanctus
1811 2484 2026 2537 Stephanus
2058 2486 2139 2524 Act.
2161 2486 2249 2523 Vll.
2282 2486 2346 2536 57.
2391 2484 2459 2522 hoc
2490 2485 2521 2522 i-

1408 2552 1520 2589 psum
1550 2538 1698 2591 Moysis
1745 2541 1970 2578 vaticinium
2012 2540 2134 2578 attulit
2162 2539 2209 2577 ad
2247 2537 2523 2577 convincendos

1408 2591 1588 2640 Judaeos,
1617 2592 1720 2645 quod
1750 2601 1907 2644 uterque
1937 2595 2058 2645 inepte
2088 2594 2265 2639 fecisset,
2297 2593 2329 2629 si
2358 2591 2427 2628 hoc
2458 2604 2521 2626 va-

1408 2646 1585 2683 ticinium
1628 2658 1702 2684 non
1730 2654 1821 2683 esset
1849 2645 1894 2683 de
1922 2645 2063 2685 Messia
2107 2644 2350 2697 peculiariter
2379 2640 2520 2681 intelli-

1407 2698 1572 2749 gendum
1591 2723 1600 2736 .

2398 2751 2465 2798 45.

1407 2836 1554 2873 lectione
1581 2835 1696 2871 nullus
1722 2850 1825 2872 sanus
1862 2839 2000 2884 exurgit
2026 2849 2169 2877 sensus,
2209 2837 2270 2881 qui
2298 2835 2404 2880 possit
2438 2845 2518 2867 cum

1407 2885 1630 2929 sequentibus
1658 2884 1850 2930 conjungi3
1876 2887 1923 2920 ita
1950 2887 2043 2919 enim
2069 2892 2206 2919 sonaret
2233 2881 2394 2927 periocha
2417 2894 2425 2912 z
2472 2885 2522 2918 si-⁴

1409 2940 1463 2964 cut
1489 2934 1542 2965 leo
1567 2944 1680 2964 manns
1705 2944 1804 2972 meae,
1831 2936 1871 2964 Θ
1895 2935 2000 2975 pedes
2026 2937 2090 2965 mei
2111 2953 2121 2971 5
2163 2932 2455 2964 dinmneraverant
2483 2940 2521 2959 ο-

1409 2981 1498 3010 mnicx
1524 2991 1604 3010 ossa
1630 2991 1701 3010 meu
1727 2981 1789 3010 &c.
1818 2978 1931 3012 Facile
1957 2980 2104 3012 ulterius
2131 2985 2219 3009 esset
2246 2976 2431 3008 lectionem
2459 2984 2521 3005 no-

1409 3024 1472 3057 stri
1499 3024 1631 3067 vulgati
1661 3025 1865 3067 Interpretis
1899 3036 2055 3059 veterum
2083 3027 2224 3058 l'atrnin
2252 3022 2369 3055 Sancti
2399 3021 2523 3053 Hiero-

1409 3070 1506 3115 nymi
1524 3091 1534 3109 ‚
1560 3071 1666 3102 immo
1691 3073 1723 3101 δι
1748 3070 1987 3105 Rabbinornni
2014 3071 2220 3105 auctoritate
2246 3066 2429 3101 defendere
2450 3089 2459 3097 .

1460 3122 1507 3155 (c)
1533 3116 1634 3148 Plura
1661 3116 1880 3160 cupientibus
1902 3120 2035 3153 abunde
2055 3116 2244 3153 satisfaciet
2265 3114 2521 3160 copiosissimus

1411 3164 1500 3196 Dan.
1526 3163 1673 3195 Huetius
1694 3164 1728 3194 in
1746 3174 1809 3195 suo
1835 3165 2137 3203 πνρκλλαλίσμως
2153 3172 2219 3196 vet.
2245 3159 2339 3195 Test.
2368 3172 2440 3194 cnm
2456 3169 2516 3188 ηο-

1411 3223 1447 3242 ‹10
1474 3213 1506 3241 in
1532 3212 1580 3241 iis
1599 3231 1610 3248 ‚
1652 3222 1716 3250 ‹211ae
1755 3210 1801 3241 ad
1825 3207 1991 3240 ltfessmm
2032 3213 2207 3251 pertinent
2242 3205 2432 3253 Propositio
2459 3203 2522 3235 IX·

1412 3256 1607 3288 Demonstr.
1636 3254 1767 3297 Euan-g.
1795 3253 1860 3287 Sed
1879 3254 1951 3287 haec
1966 3276 1976 3294 ‚
2002 3266 2079 3297 ‹111ae
2105 3256 2210 3289 simul
2230 3267 2298 3287 uno
2321 3251 2432 3294 capite
2451 3248 2521 3282 col-

1412 3303 1560 3346 legimus
1572 3323 1583 3342 ,
1597 3310 1713 3345 postea
1724 3302 1865 3335 uberius
1876 3297 2149 3336 declarabuntur
2159 3323 2171 3343 ‚
2183 3313 2222 3336 ac
2232 3296 2503 3334 vindicabuntur
2516 3315 2524 3333 ÷
