2583 3685
821 67 828 112 ’.
848 63 928 108 DE
963 60 1252 108 PERFECT.

156 147 250 195 142.
279 145 392 203 neap.
420 144 462 185 S.
489 142 662 182 Thomas
689 151 827 195 quaest.
848 143 914 190 48.
944 153 1014 182 art.
1038 155 1076 182 2.
1103 143 1154 181 ad
1175 156 1215 182 2.

101 230 130 252 „
158 201 263 254 quod
286 210 415 250 major
442 198 515 236 fuit
533 197 697 236 charitas
710 197 852 236 Christi
874 198 1068 249 patientis,
1095 209 1215 248 quam

100 284 127 305 ,‚
157 253 304 294 malitia
330 250 665 303 crucifigentium:
692 251 728 289 &
758 251 844 289 ideo
863 251 950 303 plus
969 248 1215 302 potuitChri-

100 337 131 358 „
157 315 233 346 stus
260 305 476 345 satisfacere
503 318 571 342 sua
600 306 799 357 passione,
826 318 946 356 qutun
961 301 1212 344 crucifixere·

98 388 127 409 ‚.,
154 358 348 399 offendere
375 358 607 404 occidend03
635 360 820 397 intantum
842 357 943 409 quod
961 356 1087 409 passio
1103 352 1215 391 Chri-

99 441 131 463 „
155 413 202 453 sti
229 404 422 452 sufficiens
450 412 551 460 fuit,
587 410 627 449 ἃ
654 411 967 463 superabundans
993 409 1043 447 ad
1070 407 1216 446 satisfa-

95 493 126 515 „
153 464 336 504 ciendum
363 477 434 518 pro
461 465 627 517 peccatis
649 465 910 504 occidentium
940 461 1080 501 illum.
1110 462 1138 481 “

157 518 244 565 145.
275 518 364 558 Inst-
392 517 562 558 Christus
591 520 631 556 in
674 520 758 570 ipsa
786 518 956 569 passione
991 514 1115 552 oravit
1144 524 1216 562 pro

98 572 177 611 suis
204 571 528 619 crucifixoribus,
552 571 683 610 dicens
712 572 829 610 Lucae
859 568 1007 608 XXIII.
1038 566 1104 612 54.
1135 564 1168 603 Ρ
1198 585 1214 595 -

96 632 185 673 τεν,
215 624 366 663 dimitte
394 625 498 672 illis,
526 629 621 675 quin.
650 628 859 670 nesciunt,
906 620 997 671 quid
1013 619 1181 672 jucium
1200 633 1215 663 ;

95 678 203 730 atqui
230 678 273 718 si·
292 677 376 727 ejus
399 677 610 717 satisfactio
625 679 754 717 fuisset
772 674 964 715 sufficiens
981 703 992 721 ,
1006 674 1188 725 *perfecta
1202 702 1214 720 ,

97 729 134 766 ἃ
161 730 502 781 superabundans,
527 745 628 784 opus
656 743 733 770 non
760 729 955 767 habuisset
982 740 1112 764 orare:
1155 739 1214 764 er-

92 795 144 834 go
168 782 244 822 &m

157 836 244 883 144.
276 835 388 895 Resp.
405 867 417 887 ,
445 838 652 877 orationem
682 835 791 874 illam
812 833 900 872 Jesu
920 833 1060 872 Christi
1081 833 1127 870 ad
1143 831 1214 870 Pa·

96 897 222 938 trem,
269 892 426 930 etiamsi·
441 904 522 930 non
552 891 680 928 {uisset
707 889 919 927 necessaria
962 888 1008 924 ad
1039 887 1213 924 divinam

98 941 283 993 justitiam
311 944 568 996 placandam,
614 943 677 980 cni
709 943 878 994 passione
919 940 1092 991 ejusdem
1121 940 1211 981 &esu

94 995 238 1035 Christi
266 997 500 1035 satisfactum
530 995 611 1046 jam
640 1004 745 1040 erat3
786 996 901 1032 fuisse
930 1004 1056 1032 tamen
1088 1006 1213 1030 neces-

92 1050 235 1088 sariam
260 1049 313 1086 ad
338 1047 559 1100 exemplum
579 1049 712 1086 orandi
733 1060 802 1100 pro
819 1046 1124 1100 persecutoribus
1145 1058 1213 1083 no-

92 1103 180 1141 stris
206 1101 318 1140 nobis
346 1101 599 1154 praebendum
616 1125 626 1138 .
657 1101 802 1139 Eadem
832 1102 947 1139 etiam
975 1100 1142 1137 oratioue
1168 1112 1212 1136 o-

92 1153 363 1202 stendebatur,
400 1154 599 1193 Christum
628 1168 706 1192 esse
734 1163 900 1193 nostrum
931 1152 1181 1191 Mediatorem
1200 1181 1211 1199 ,

93 1206 132 1247 ἃ
160 1209 446 1247 intercessorem
474 1208 575 1260 apud
618 1221 731 1246 suum
761 1207 936 1253 Patrem;
983 1219 1027 1244 ac
1055 1207 1211 1245 demum

92 1259 268 1299 Christus
295 1263 444 1310 oravit,
491 1271 533 1299 ut
561 1267 640 1300 snae
670 1262 854 1313 passionis
882 1261 1027 1299 fructus
1055 1258 1213 1298 crucifi-

91 1312 255 1352 xoribus
282 1314 542 1365 applicaretur
557 1340 570 1353 .

154 1365 244 1412 145.
270 1366 598 1418 'Objic..uItimo.
640 1367 810 1406 Christus
841 1380 916 1406 non
946 1366 1066 1420 potuit
1095 1366 1211 1418 grati-

94 1418 268 1458 tudinem
296 1422 552 1472 condignam,
581 1420 616 1457 &
644 1421 940 1473 aequivalentem
971 1420 1052 1459 Deo
1081 1420 1213 1457 redde·

94 1484 139 1511 re
167 1486 238 1525 pro
264 1473 455 1512 beneficio
483 1476 750 1513 iucarnationis
770 1483 948 1526 accepto:
975 1486 1065 1525 ergo
1093 1472 1215 1511 multo

93 1525 226 1565 minus
250 1528 377 1577 potuit
405 1526 633 1580 condignam
656 1527 736 1566 Deo
757 1529 1047 1566 satisfactionem
1077 1525 1214 1564 offerre

93 1590 167 1631 pro
194 1580 361 1631 peccatis
386 1581 521 1618 nostris
538 1607 549 1619 .
590 1581 830 1632 Consequens
858 1590 911 1619 est
940 1580 1183 1619 manifestum
1201 1609 1212 1629 ,

92 1632 190 1683 quia
209 1631 297 1684 plus
312 1642 366 1672 est
377 1645 627 1686 compensare
641 1635 814 1673 debitum
831 1648 875 1672 ex
900 1633 1065 1685 justitia,
1093 1647 1214 1685 quam

94 1692 249 1735 gratum
276 1701 316 1723 se
342 1686 526 1726 exhibere
555 1700 623 1740 pro
650 1688 928 1727 beneficentia:
962 1700 1053 1738 ergo
1082 1688 1112 1724 si
1144 1686 1215 1724 hoc

95 1749 174 1776 non
207 1740 326 1790 potuit
353 1739 552 1788 Christus,
583 1754 650 1778 nec
679 1743 801 1792 potnit
831 1740 962 1778 aliud.
994 1739 1123 1777 Prima
1151 1754 1219 1778 au-

95 1797 175 1829 tem
203 1792 426 1830 antecedens
462 1794 669 1845 propositio
704 1794 888 1845 probatur
925 1806 968 1830 ex
999 1806 1070 1840 eo,
1111 1793 1216 1846 quod

94 1843 273 1884 Christus
302 1858 372 1898 pro
397 1847 626 1897 gratitudine
654 1859 727 1884 non
755 1848 932 1900 potuisset
961 1847 1116 1884 reddere
1145 1848 1218 1883 nisi

97 1909 217 1949 opera
247 1898 378 1947 finita,
407 1898 539 1937 saitem
557 1900 594 1937 in
612 1913 746 1950 genere
776 1900 953 1952 physico:
980 1899 1217 1936 beneficium

95 1959 230 1990 autem
259 1954 530 1991 incarnationis
559 1953 630 1991 fuit
660 1956 700 1992 iu
715 1955 817 1990 omni
832 1964 968 2003 genere
998 1950 1217 1988 infinitum.

158 2004 248 2051 146.
279 2004 390 2056 Resp.
419 2009 567 2055 primo,
597 2019 684 2057 neg.
703 2018 831 2050 cons.;
863 2014 905 2053 ut
929 2005 1036 2041 enim
1063 2005 1215 2055 sapien·

97 2064 154 2096 ter
191 2058 298 2096 docet
325 2059 367 2096 S.
399 2058 567 2099 Thomas
598 2071 634 2096 2.
667 2071 704 2096 2.
743 2067 882 2110 quaest.
917 2056 1005 2095 106.
1045 2066 1116 2094 art.
1145 2056 1214 2104 6.,

96 2108 176 2149 hoc·
200 2113 349 2149 interest
377 2111 472 2148 inter
497 2111 792 2150 satisfactionem
810 2141 821 2159 ,
863 2123 951 2162 quae
980 2122 1078 2158 opus
1106 2107 1214 2157 justi-

95 2162 162 2203 tia
191 2173 270 2212 est,
299 2163 334 2200 8t
364 2165 776 2214 recompensationem,
804 2175 894 2212 quae
912 2161 954 2197 fit
984 2173 1028 2196 ex
1057 2161 1215 2210 gratitu-

95 2215 212 2259 dine;
240 2217 342 2266 quod
372 2214 468 2261 itte,
497 2217 563 2264 qui
595 2214 830 2251 beneficium
860 2214 1007 2262 accepit
1025 2241 1036 2259 ,
1065 2213 1114 2249 ad
1144 2211 1214 2250 hoc

95 2295 125 2315 ‚,
153 2266 348 2318 obligatur
376 2279 421 2304 ex
448 2266 578 2304 debito
606 2264 806 2304 honestatis
824 2296 835 2314 ‚
866 2275 905 2303 nt
934 2265 1111 2304 similiter
1140 2265 1213 2303 ali-

96 2349 125 2369 „
153 2319 247 2372 quid
274 2323 402 2371 gratis
431 2318 655 2371 impendat.
692 2319 776 2358 Nou
806 2329 932 2357 antem
963 2319 1111 2356 videtur
1141 2319 1212 2356 ati·

96 2401 125 2422 „
151 2372 248 2425 quid
273 2376 403 2426 gratis
432 2372 680 2423 impendere,
722 2374 796 2411 nisi
834 2373 988 2410 excedat
1023 2373 1212 2424 quantita·

96 2454 125 2475 9,
154 2435 231 2464 tem
259 2427 405 2478 accepti
433 2425 636 2473 beneficii3
664 2428 757 2479 quia
785 2427 970 2478 quamdiu
993 2437 1213 2478 recompen-

95 2507 124 2528 ,‚
150 2488 208 2518 sat
235 2481 390 2529 miuus,
420 2478 481 2517 vel
512 2479 661 2532 aequale
677 2510 688 2528 ,
718 2493 792 2518 non
815 2480 964 2517 videtur
985 2479 1108 2516 facere
1127 2493 1212 2530 gra-

95 2559 125 2581 „
154 2534 227 2582 tis,
255 2534 319 2571 sed
349 2532 533 2582 reddere,
567 2533 670 2585 quod
699 2534 874 2583 accepit.
917 2535 943 2554 “
974 2531 1142 2570 Ulterius
1173 2534 1213 2572 in

96 2598 197 2638 resp.
227 2586 275 2624 ad
310 2599 342 2626 1.
384 2586 482 2625 bene
509 2588 683 2626 observat
711 2586 752 2624 S.
784 2586 945 2634 Doctor,
989 2588 1030 2622 in
1061 2598 1212 2623 recom-

94 2643 374 2689 pensationem
403 2638 583 2693 beneficii
612 2644 748 2693 magis
768 2653 854 2678 esse
874 2641 983 2676 consi
998 2637 1213 2677 let-arulum

94 2689 294 2741 affectum
310 2723 321 2742 ‚
350 2707 474 2744 quam
503 2691 718 2741 effecttmz;
748 2695 843 2732 unde
861 2695 969 2745 pouit
990 2693 1213 2745 exemplum

95 2744 200 2797 filii,
229 2747 297 2800 qui
325 2745 471 2796 effectu
498 2760 576 2787 non
606 2757 723 2800 potest
752 2755 1038 2800 recompensasse
1067 2746 1212 2785 benefi-

101 2867 253 2904 homines
278 2875 314 2906 in
339 2871 577 2920 crucifigendo
607 2874 731 2910 Filium
756 2887 847 2910 sunm
872 2873 1112 2919 deliquerunt,
1139 2887 1217 2917 qna·

97 2927 136 2948 re
162 2919 199 2949 in
226 2923 520 2963 transgrediendo
543 2927 685 2964 primum
711 2923 787 2968 ejus
821 2930 1016 2965 preceptum
1041 2925 1130 2965 pomi
1157 2935 1219 2964 ga·

101 2969 186 2995 etti?
211 2962 313 3009 Quod
338 2969 371 2998 si
397 2974 523 3000 tantum
537 2969 662 3011 suerat
681 2971 768 3003 illud
790 2970 870 3002 Acta
885 2977 1055 3012 p'eccwtun
1074 2990 1084 3009 ,
1110 2977 1143 3001 nt
1159 2981 1219 3000 ex-

98 3011 190 3051 piari
219 3022 285 3044 non
308 3021 426 3054 posset
441 3033 452 3052 ‚
476 3017 547 3048 nisi
574 3025 680 3050 morte
697 3017 829 3049 Christi
845 3037 854 3055 ,
881 3027 976 3059 quam
989 3026 1219 3058 expuitionem

102 3055 242 3088 habebit
267 3060 375 3100 ipsum
404 3057 645 3102 licinii-idiunt,
688 3063 774 3107 quod
800 3066 830 3096 in
860 3062 1037 3095 Christum
1063 3065 1218 3094 commis-

103 3114 170 3134 sum
196 3110 277 3136 est!
318 3102 421 3148 Apud
448 3106 482 3137 S.
511 3106 725 3142 Bet-nardum
752 3110 786 3142 in
815 3109 936 3142 Τπ-ιω..
974 3105 1015 3140 (Ie
1041 3107 1218 3140 erroribus

99 3147 290 3182 AbaeIardi
317 3161 391 3194 cap.
417 3150 450 3184 8.
494 3151 583 3184 HuIc
609 3162 725 3188 autem
763 3155 945 3199 qua-stioni
975 3156 1008 3188 S.
1036 3155 1135 3187 Patri·
1164 3164 1218 3186 re-

100 3193 275 3239 spondet,
320 3194 412 3229 hanc
438 3196 675 3240 expiationem
711 3201 816 3234 fuisse
854 3204 962 3244 ipsum
987 3202 1216 3244 Sanguinem,

101 3253 193 3284 quem
211 3242 408 3286 fuderunt,
436 3247 477 3275 Θ·
504 3246 813 3287 interpellationem
839 3250 972 3290 ipsius,
1009 3260 1099 3291 quem
1124 3248 1217 3278 ticci-

98 3287 223 3323 derant
240 3310 276 3322 ...
303 3288 382 3323 Fuit
409 3302 485 3325 vero
501 3290 656 3336 Sanguis
672 3311 684 3332 ,
708 3294 764 3336 qui
790 3292 918 3334 effusus
943 3302 1021 3334 est,
1049 3303 1115 3329 turn
1134 3293 1218 3326 nuri·

1284 62 1638 109 SATISFACT.
2255 73 2341 113 223

1282 145 1385 182 cium
1415 142 1503 182 vide
1521 173 1532 191 ,
1567 144 1641 182 sihi
1670 144 1769 182 datae
1798 159 1821 183 a
1848 146 2096 198 parentibus:
2140 177 2170 196 „
2198 147 2240 186 Si
2269 159 2400 189 autem

1284 225 1309 244 ‚‚
1339 198 1576 235 attendamus
1604 198 1654 235 ad
1683 200 1804 248 ipsam
1836 200 2066 238 vquutatem
2095 202 2220 239 dirutis
2239 232 2248 250 ,
2278 203 2313 240 8t
2343 218 2402 243 re-

1283 278 1311 297 „
1339 250 1567 297 tribuentis,
1600 252 1654 288 sic
1683 260 1800 301 potest
1829 252 1935 290 filius
1965 253 2112 306 aliquid
2143 255 2270 306 majus
2301 260 2400 308 pati-(¹

1284 330 1310 349 „
1341 303 1549 339 retribuere
1576 308 1593 353 (
1623 312 1663 340 ut
1693 303 1831 342 Seneca
1863 307 1954 343 dicit
1987 307 2074 345 Lib.
2106 309 2173 345 III.
2206 309 2256 346 de
2284 310 2400 350 bene-

1285 383 1313 402 „
1361 358 1444 391 coiis
1472 368 1508 392 c.
1539 368 1605 405 ²9·
1635 359 1670 394 &
1699 370 1777 408 seq.
1809 360 1822 405 )
1873 358 1915 396 Si
1943 369 2084 407 tamen
2121 374 2201 398 non
2237 373 2397 414 pots-et,

1285 435 1313 454 „
1342 407 1540 455 sufficeret
1569 407 1623 444 at
1651 412 1936 459 gratituiinern
1975 416 2311 463 recompensandi
2340 431 2401 457 vo·

1285 489 1313 507 ‚‚
1344 460 1506 499 luntas.
1542 463 1569 481 “
1600 461 1659 498 Ex
1688 477 1765 514 qua
1793 464 1833 502 S.
1864 465 2026 503 'I'homae
2055 467 2227 505 doctrina
2257 471 2332 506 ‹tuo
2362 486 2400 509 e.

1284 512 1471 551 liciuntur
1499 527 1570 566 pro
1598 513 1784 553 solutione
1814 519 2286 569 propositaedifficultatis.
2319 521 2406 561 Pri-

1286 579 1352 603 mo
1381 568 1486 605 enim
1515 581 1650 604 verum
1681 582 1756 607 non
1787 578 1866 618 est,
1897 571 1924 607 si
1953 572 2123 620 Christus
2154 586 2228 612 uon
2260 584 2404 626 poterat

1283 620 1582 672 oequivaleutem
1611 622 1886 672 gratitudinem
1918 623 2001 661 Deo
2028 624 2209 663 exhibere
2239 641 2309 679 pro
2337 628 2404 668 be·

1283 674 1425 712 netieio
1453 676 1752 723 incarnationis,
1797 676 1922 713 multo
1951 682 2084 714 minus
2122 683 2286 730 potuisse
2313 695 2404 721 cou-

1282 727 1441 777 dignam
1471 741 1541 779 pro
1568 728 1701 765 uostris
1732 731 1899 779 peccatis
1928 731 2010 768 Deo
2046 732 2228 770 exhibere
2258 736 2403 774 satisfa-

1283 783 1449 818 ctionem
1467 806 1477 818 .
1515 779 1701 818 Secundo
1728 783 1843 819 etiam
1875 783 2014 822 falsum
2044 795 2125 834 est,
2153 800 2228 825 nou
2261 791 2402 838 potuIs·

1282 847 1321 872 se
1349 833 1546 871 Christum
1576 834 1805 884 condignam
1825 836 1905 873 Deo
1924 838 2104 875 exhibere
2132 842 2405 889 gratitudinem

1283 900 1353 939 pro
1382 886 1570 923 beneficio
1601 888 1904 937 incarnationis,
1934 892 2027 941 quia
2054 893 2204 929 etiamsi
2234 906 2308 930 nou
2338 907 2405 946 po-

1282 942 1411 977 tuisset
1438 941 1479 977 iu
1507 938 1652 988 effectu
1671 970 1682 988 ‚
1730 950 1877 992 poterat
1906 951 2034 981 tamen
2077 947 2116 981 in
2145 943 2322 995 affectu,
2371 946 2405 984 ἃ

1281 994 1481 1032 voluntate
1500 1020 1511 1030 .

1342 1047 1428 1096 ¹47·
1461 1046 1574 1099 Resp-
1605 1046 1813 1095 Secundo,
1860 1047 2058 1087 Christum
2102 1063 2407 1103 recompensasse

1279 1100 1513 1138 beneficium
1542 1101 1839 1149 incarnationis,
1883 1103 1977 1152 quia
2009 1102 2182 1142 Verbum
2224 1108 2406 1145 divinum

1280 1152 1421 1192 obtulit
1449 1154 1619 1205 seipsum
1650 1151 1780 1200 Patri,
1810 1166 1898 1206 quae
1928 1154 2070 1192 oblatio
2099 1171 2335 1210 quamquam
2359 1171 2405 1197 ex

1280 1215 1389 1258 parte
1420 1206 1665 1244 humanitatis
1694 1206 1805 1244 finita
1832 1215 1951 1254 esset,
1987 1209 2138 1247 infinita
2165 1220 2295 1251 tamen
2323 1220 2405 1253 erat

1281 1269 1436 1312 propter
1462 1259 1685 1312 dignitatern
1715 1271 1886 1310 personae
1915 1259 2107 1300 offerentis
2124 1286 2136 1302 0

1652 1363 1956 1416 PROPQSITIO
1986 1366 2033 1406 n.

1336 1470 1574 1526 Satisfactio
1606 1470 1853 1523 Christi-fuir
1882 1472 2065 1525 perfecta,
2097 1473 2154 1513 ad
2182 1488 2348 1516 omnem

1593 1526 1762 1578 justitiae
1788 1530 1968 1579 rigorem
1996 1526 2062 1579 (a)
2081 1553 2092 1567 .

1341 1608 1585 1681 148.Prob.
1629 1632 1681 1671 Ut
1709 1633 1915 1672 satisfactio
1950 1632 2042 1672 Jesu
2070 1633 2212 1673 Christi
2254 1637 2404 1675 dicatur

1287 1687 1388 1726 facta
1416 1689 1465 1726 ad
1494 1700 1649 1725 omnem
1677 1686 1836 1739 justitias
1858 1688 2045 1737 rigorem,
2073 1687 2247 1738 quinque
2279 1691 2407 1740 requi-

1288 1752 1446 1779 ruutur:
1475 1744 1604 1791 primo
1633 1748 1672 1776 ut
1699 1742 1745 1777 sit
1776 1737 2041 1789 aequivalens:
2072 1738 2274 1787 secundo,
2304 1751 2343 1778 ut
2363 1743 2410 1779 sit

1286 1808 1331 1831 ex
1361 1795 1470 1832 bonis
1498 1793 1714 1845 propriis:0
1735 1794 1849 1827 certio
1867 1819 1877 1837 ,
1921 1799 1963 1827 ut
1994 1790 2079 1829 haec
2107 1791 2207 1830 bona
2237 1796 2307 1831 non
2336 1796 2407 1833 sint

1285 1848 1363 1884 atio
1393 1845 1506 1882 titulo
1533 1844 1686 1880 debita:
1714 1851 1858 1892 quarto
1889 1852 1929 1880 ut
1958 1845 2005 1881 sit
2033 1844 2082 1881 ad
2110 1843 2299 1883 alterum:
2340 1847 2408 1885 ‹le-

1284 1911 1424 1945 mum,
1471 1905 1510 1934 ut
1539 1896 1578 1934 in
1603 1910 1652 1933 vea
1681 1895 1778 1934 nihil
1821 1897 2029 1947 gratuitum
2061 1898 2237 1935 intersit.
2288 1899 2406 1952 Atqui

1284 1950 1370 1990 haec
1410 1950 1543 1989 omnia
1580 1950 1622 1987 in
1651 1948 1793 1988 Christi
1834 1949 2090 1986 satisfactione
2133 1951 2405 1991 inveniuntur:

1282 2017 1372 2056 ergo
1399 2003 1472 2040 &c-

1345 2056 1432 2106 ¹49·
1462 2053 1592 2091 Prima
1621 2054 1781 2091 minoris
1810 2065 1926 2105 pars,
1955 2054 2104 2093 scilicet
2131 2055 2269 2095 Christi
2301 2061 2404 2098 satis-

1282 2109 1488 2146 factionem
1519 2106 1635 2144 fuisse
1663 2107 1967 2156 aequivalentem
1986 2137 1996 2156 ,
2036 2110 2156 2147 immo
2185 2110 2219 2147 8(
2249 2125 2405 2164 supera-

1283 2160 1518 2198 bundantem
1536 2189 1547 2207 ‚
1577 2172 1674 2197 nova
1695 2160 2010 2198 demonstratione
2031 2175 2105 2200 nou
2123 2163 2285 2216 indiget,
2316 2179 2407 2204 cum

1284 2214 1400 2251 suerit
1431 2214 1468 2250 in
1498 2213 1692 2265 superiore
1723 2214 1980 2266 propositione
2010 2214 2224 2254 luculenter
2239 2226 2404 2257 ostensa.

1348 2266 1436 2304 150.
1467 2264 1597 2304 Altera
1627 2275 1753 2304 autem
1786 2279 1901 2318 pars,
1930 2268 2033 2319 quod
2063 2271 2267 2308 satisfactio
2294 2271 2406 2310 Chri-

1281 2322 1329 2359 sti
1362 2320 1476 2357 fuerit
1505 2332 1559 2357 ex
1590 2318 1699 2357 bonis
1728 2323 1922 2371 propriis,
1952 2321 2105 2360 evidens
2133 2332 2212 2361 est.
2242 2324 2348 2362 Jesus
2368 2339 2407 2362 e·

1282 2375 1362 2412 nim
1391 2372 1566 2411 Christus
1595 2385 1664 2425 pro
1692 2376 1827 2411 nostris
1855 2375 2020 2425 peccatis
2040 2374 2177 2413 obtuIit
2195 2391 2305 2415 suum
2324 2391 2407 2415 cor-

1280 2441 1380 2479 pus,
1409 2440 1524 2465 suum
1553 2428 1778 2477 sauguinem
1796 2456 1807 2474 ‚
1839 2425 1872 2462 81
1902 2429 2071 2466 animam
2093 2442 2225 2466 suam:
2257 2429 2406 2479 Corpus

1282 2493 1443 2525 meum,
1489 2480 1612 2540 inquit
1642 2480 1743 2529 apud
1778 2481 1915 2518 Isaiam
1950 2481 2037 2518 Lib.
2067 2481 2108 2519 6.
2155 2481 2243 2520 deria·
2271 2496 2408 2531 percu-

1280 2530 1491 2570 tientibus.
1523 2532 1569 2569 bt
1597 2529 1739 2569 Joann.
1772 2530 1824 2569 X.
1860 2543 1921 2583 17.
1965 2531 2058 2585 Ego
2086 2547 2188 2584 pono
2216 2541 2407 2574 annnam

1281 2599 1453 2629 meum,·
1485 2584 1518 2620 ἃ
1547 2593 1656 2623 autea
1687 2598 1789 2622 vers.
1826 2598 1885 2623 tt.
1933 2584 2022 2638 Ego
2052 2600 2138 2623 sum
2180 2598 2315 2638 pastor
2345 2588 2409 2626 bo·

1282 2653 1383 2677 nus.
1434 2638 1565 2675 Bonus
1594 2646 1732 2687 pastor
1760 2641 1951 2676 unimam
1981 2652 2100 2677 suam
2131 2639 2201 2678 dat
2230 2654 2300 2691 pro
2329 2646 2406 2681 ονί·

1281 2693 1350 2731 bus
1379 2695 1458 2729 suis
1475 2717 1486 2729 .

1342 2746 1430 2784 151.
1459 2744 1643 2797 Sequitur
1671 2745 1780 2782 tertia
1809 2744 1989 2796 rigorosas
2019 2747 2283 2787 satisfactionis
2312 2761 2400 2787 con-

2292 2802 2347 2840 di-

1289 2880 1343 2908 tus
1367 2870 1412 2907 acl
1439 2868 1680 2917 ignoscendum
1701 2893 1711 2912 ,
1753 2880 1788 2905 nt
1816 2875 1924 2915 ipsum
1949 2885 2070 2917 qnoque
2098 2882 2271 2917 peccatum
2294 2878 2406 2908 inaxi-

1288 2931 1372 2954 mmn
1388 2941 1398 2959 ,
1424 2932 1484 2962 quo
1500 2919 1568 2962 jac
1587 2931 1635 2950 nm
1662 2927 1713 2952 est
1732 2939 1742 2958 ‚
1766 2927 1802 2951 nt
1827 2919 2083 2960 effunderetur,
2108 2921 2263 2953 deleret.

1335 2971 1383 3006 (o)
1410 2966 1491 2999 ch
1518 2976 1580 3009 pro
1603 2966 1707 2998 osuio
1731 2973 1782 2997 est
1818 2974 1937 2998 contra
1966 2967 2158 3006 Scotistas;
2199 2979 2208 2997 r
2226 2966 2326 2999 uibus
2352 2975 2403 2998 et-

1287 3013 1357 3046 iarn
1384 3013 1475 3045 favet
1502 3014 1606 3043 Cart.
1633 3012 1685 3043 Jo.
1716 3011 1884 3054 tie-Lago
1921 3010 1973 3044 De
1999 3010 2180 3056 Λζγςιενίο
2209 2978 2275 3045 inc.
2306 3014 2399 3056 Uisp.

1286 3060 1347 3092 ltt.
1375 3061 1465 3091 Sect.
1484 3068 1533 3090 ιο.
1548 3078 1559 3097 ,
1586 3057 1643 3089 uhi
1664 3057 1812 3101 probare
1831 3058 1982 3099 nititur,
2008 3058 2282 3101 satisfactionem
2299 3059 2401 3090 Chri-

1289 3111 1361 3145 sti,
1403 3107 1488 3137 licet
1504 3103 1621 3147 fuerit
1659 3108 1841 3147 rigoroso,
1885 3106 1995 3147 quoad
2029 3107 2317 3148 aequivalentium,
2359 3108 2399 3134 Φ

1285 3152 1555 3194 condignitatem
1580 3153 1684 3191 preti!
1714 3151 1883 3190 absoluti,
1908 3163 1972 3183 non
1998 3159 2104 3184 tamen
2122 3151 2242 3195 surlet-0
2271 3161 2399 3187 r·‚'.'0⁷'0·

1287 3210 1356 3230 sam
1373 3197 1620 3239 quoffllmodum
1639 3199 1843 3236 solutionis,
1871 3198 1933 3232 sed
1956 3199 2152 3242 indiguisse
2176 3200 2288 3239 aliqua
2311 3195 2398 3226 libe-

1285 3256 1323 3278 ra
1348 3245 1465 3288 gratia
1489 3238 1583 3276 Dei.
1896 3252 1899 3255 '
