2583 3685
233 122 314 172 178
756 107 1157 151 DISSER‘I'ATIO
1190 106 1268 150 III.

171 212 239 250 per
271 196 399 233 Erum
443 192 648 235 interitus,
695 199 763 235 per
793 186 981 223 Martum
1023 187 1131 224 salus
1159 188 1271 230 ξφα,-

171 251 205 287 &
245 247 412 286 Ecclesia
456 245 493 279 in
532 241 640 278 Festo
683 241 1008 277 Annuntiationis:
1061 239 1271 288 silonem,

170 314 289 353 quam
305 298 474 349 semina
502 293 630 331 intulit
647 322 657 340 ,
675 291 846 342 sernum
861 291 1028 344 jugavit
1045 319 1054 331 .

228 364 312 390 121.
343 349 491 399 Nempe
520 346 649 384 Sancti
691 345 816 383 Patres
857 346 1064 397 aliquando
1099 347 1271 398 primum

167 404 318 458 grandis
347 401 450 439 illius
490 401 637 453 peccati
679 399 876 436 exordium
912 400 1270 447 consideraverunt,

168 457 269 511 quod
298 465 395 493 certe
425 454 473 492 ab
504 454 584 492 Eva
614 452 858 504 repetendum
888 460 967 489 est.
996 452 1172 491 Ceterum
1195 455 1268 491 fre-

168 511 414 563 quentissime
444 509 553 545 unius
576 507 695 544 Adam
727 505 957 542 mentionem
979 505 1141 554 faciunt,
1171 519 1269 558 [πίε-

167 567 278 617 cipue
308 563 347 599 S.
370 563 601 613 Augustinus
631 561 667 597 in
687 558 812 596 Libris
842 558 938 604 illis,
968 558 1007 594 in
1029 559 1168 609 quibus
1182 573 1272 596 con-

167 627 224 656 tra
252 615 470 666 Pelagianos
512 614 801 651 transfusionem
833 613 948 662 primi
987 610 1091 648 illius
1127 614 1275 663 peccati

166 684 256 709 cum
287 668 460 707 Ecclesia
489 667 683 706 Catholica
713 673 925 717 propugnat
943 690 954 701 .
985 663 1188 702 Antithesis
1209 679 1276 702 au—

166 733 243 762 tem
274 724 370 761 iuter
398 722 523 759 Evam
550 721 585 757 ἃ
616 721 659 757 Β.
682 719 882 770 Virginem
900 716 1069 755 Mariam
1099 720 1129 755 si
1159 727 1276 756 atten-

167 788 202 816 te
230 776 481 815 consideretur
499 804 509 822 ,
538 783 675 812 nostrae
705 773 895 810 sententiae
923 771 1047 809 favet.
1077 770 1209 823 Neque
1239 785 1276 808 e-

167 833 248 869 nim
280 830 322 867 Β.
342 829 463 880 Virgo
477 826 605 866 Maria
633 840 700 865 nos
729 825 882 877 proprie
911 822 1097 872 salvavit,
1123 825 1190 862 sed
1213 837 1275 863 uo-

165 894 251 922 strae
282 882 414 920 salutis
444 895 559 919 causa
584 881 754 927 dicitur,
792 887 978 930 quatenus
1007 877 1136 915 Jesum
1165 877 1276 915 Chri-

166 947 264 975 stum
295 938 423 987 genuit
451 934 686 974 Salvator-em
715 941 885 971 nostrum
904 958 914 969 .
954 930 1021 968 'Sic
1050 931 1164 968 etiam
1194 931 1277 969 Eva

167 1006 236 1029 nos
265 990 456 1041 perdidit,
503 997 686 1040 quatenus
717 986 910 1024 Adamum
953 984 1000 1022 ad
1038 984 1276 1036 peccandum

171 1045 350 1097 pestifera
372 1043 546 1081 suasione
575 1041 726 1079 induxit
755 1039 818 1090 (a)
835 1064 846 1077 .

227 1110 313 1135 122.
343 1095 403 1134 Ex
431 1095 489 1133 his
515 1095 663 1148 liquet,
691 1102 893 1146 peccatum
924 1092 1062 1130 Adami
1091 1104 1277 1144 propaga-

167 1159 249 1189 tum
279 1152 328 1188 iri
357 1151 394 1187 in
423 1162 554 1187 omnes
585 1157 775 1200 posteros,
805 1147 918 1184 etiam
948 1147 978 1184 si
1008 1144 1090 1183 Eva
1119 1146 1278 1182 minime

168 1212 381 1256 peccasset,
411 1204 503 1254 quia
519 1202 644 1240 Adam
674 1209 787 1254 caput
817 1209 893 1238 erat
920 1200 1066 1250 generis
1094 1197 1277 1245 humani,

167 1266 210 1295 ut
235 1256 317 1309 jam
344 1257 489 1294 dictum
517 1264 597 1294 est.

227 1311 314 1349 123.
345 1310 504 1357 Quaeres
533 1306 725 1354 secunde,
768 1321 826 1344 an
856 1305 946 1343 Era
975 1304 1060 1342 sola
1087 1309 1280 1354 peccante

169 1365 315 1401 sallem
344 1375 480 1409 mors,
517 1363 684 1411 aliceque
714 1363 802 1398 ritae
832 1362 1006 1396 miseriae
1035 1362 1076 1395 ιῖη
1105 1366 1278 1408 posteros

168 1413 515 1467 pertransissent?
545 1414 670 1453 Mater
699 1415 801 1451 enim
822 1414 869 1451 ad
887 1413 1170 1464 generationem
1192 1423 1278 1463 pro-

165 1472 214 1508 lis
243 1470 462 1515 concurrit,
491 1466 813 1507 subministrando
842 1468 1071 1510 materiam3
1097 1478 1190 1502 cum
1211 1478 1278 1501 au-

165 1532 243 1562 tem
273 1523 320 1561 ad
349 1522 551 1561 materiam
577 1530 854 1574 consequantur
882 1522 1095 1572 passiones,
1123 1532 1167 1556 ac
1197 1530 1280 1555 mo-

166 1577 291 1616 riendi
321 1576 543 1624 necessitas,
572 1575 650 1613 sola
670 1583 789 1612 matre
812 1582 1013 1626 peccante,
1043 1572 1190 1611 videtur
1208 1569 1279 1607 hac

167 1631 328 1683 potuisse
359 1631 400 1668 in
429 1629 511 1681 ejus
540 1628 640 1667 filios
670 1629 866 1666 derivari.

225 1684 313 1729 124.
346 1682 557 1734 Respondet
573 1682 612 1719 S.
628 1680 705 1718 Th.
725 1680 831 1717 laud.
847 1688 917 1716 art.
937 1679 972 1716 5.
1003 1676 1050 1715 ad
1069 1689 1106 1714 2.
1138 1705 1164 1724 „
1193 1674 1277 1712 Hoc

225 1749 303 1774 non
331 1736 452 1774 videri
481 1734 723 1779 convenietin
770 1732 1037 1769 immortalitas
1075 1731 1200 1776 enim,
1243 1728 1277 1764 ὃς

226 1787 515 1841 impassibilitas
543 1787 660 1839 primi
689 1786 852 1824 hominis
892 1798 967 1823 non
998 1792 1074 1821 erat
1117 1796 1162 1820 ex
1191 1795 1277 1820 con-

228 1843 369 1881 ditione
398 1842 596 1889 materias,
627 1839 690 1877 sed
721 1852 765 1876 ex
794 1838 970 1891 originali
1000 1838 1171 1889 justitia,
1211 1849 1278 1887 per

226 1909 343 1947 quam
373 1908 508 1946 eorpus
536 1893 769 1932 subdebatur
796 1894 962 1939 animae,
990 1890 1165 1942 quandiu
1194 1889 1277 1927 aui-

230 1963 292 1987 ma
320 1957 412 1986 esset
439 1946 611 1998 subjecta
626 1947 735 1984 Deo.
766 1945 925 1983 Atlamo
955 1949 1071 1997 igitur
1090 1956 1172 1980 ηοη
1190 1955 1278 1993 pec-

171 2025 197 2052 „
226 2010 372 2050 cante,
402 2001 647 2039 manifestum
677 2008 753 2046 est,
783 1999 885 2050 quod
915 2000 954 2036 in
984 1998 1076 2036 filiis
1097 2010 1168 2034 non
1189 2004 1279 2034 esset

169 2084 196 2104 „
225 2056 392 2094 defectus
419 2054 616 2105 originalis
644 2052 826 2102 justitiae3
874 2052 974 2089 unde
1005 2064 1077 2088 non
1119 2059 1210 2089 esset
1238 2052 1280 2088 in

171 2139 198 2157 ‚,
229 2110 283 2147 eis
311 2107 565 2162 passibilitas,
595 2106 655 2144 vel
683 2107 881 2143 necessitas
912 2104 1098 2142 moriendi
1128 2106 1153 2124 “
1175 2130 1184 2141 .

180 2186 183 2187 ν
228 2164 316 2201 125.
345 2163 504 2210 Quaeres
522 2161 630 2198 tertio
648 2190 658 2208 ,
688 2168 821 2196 utrum
850 2160 936 2196 alia
965 2165 1134 2209 peccata
1161 2159 1280 2206 primi

170 2220 374 2266 parentis,
417 2216 475 2253 rel
502 2222 717 2267 parentum
746 2217 1022 2264 proximorum
1058 2209 1280 2249 traducan-

171 2278 234 2306 tur
262 2273 302 2305 in
320 2268 432 2321 filios
451 2266 476 2304 ¹?

233 2322 320 2360 126.
351 2321 561 2374 Respondet
591 2320 792 2373 Ange'licus
821 2320 860 2358 in
895 2334 928 2358 1.
961 2332 996 2358 2.
1027 2332 1094 2370 qu.
1116 2315 1181 2356 81.
1211 2324 1282 2356 art.

174 2389 213 2415 2.
242 2375 439 2427 negative.
469 2405 494 2424 „
523 2374 643 2426 Cujus
674 2377 768 2413 ratio
797 2383 875 2424 est,
904 2376 1054 2424 inquit,
1092 2372 1187 2424 quia
1216 2371 1282 2408 ho-

174 2458 200 2478 ,‚
228 2442 293 2467 mo
320 2437 467 2480 generat
495 2428 571 2466 sibi
600 2428 703 2466 idem
733 2430 772 2466 in
801 2429 928 2479 specie
945 2457 955 2475 ,
984 2440 1059 2464 non
1081 2433 1206 2462 autem
1227 2439 1282 2462 se-

175 2500 201 2532 „
230 2483 400 2522 cundum
430 2482 699 2522 individuum:
741 2480 774 2516 8(
802 2482 888 2519 ideo
917 2496 959 2518 ea
978 2510 988 2529 ,
1026 2493 1114 2532 quae
1145 2479 1284 2516 directe

175 2562 202 2585 ,,
233 2538 421 2588 pertinent
450 2536 498 2572 ad
513 2535 778 2583 individuum,
807 2536 903 2572 sicut
924 2531 1137 2585 personales
1158 2541 1283 2580 actus,

177 2615 202 2637 ,‚
232 2590 265 2625 8<
293 2602 381 2642 quae
411 2589 457 2627 ad
489 2602 547 2625 eos
568 2590 783 2640 pertinent,
813 2601 886 2625 non
906 2586 1155 2626 traducuntur
1176 2600 1197 2623 a
1218 2599 1285 2637 pa·

176 2669 204 2691 „
234 2644 403 2683 rentibus
432 2645 471 2681 in
501 2642 621 2680 filios:
667 2655 741 2679 non
771 2642 874 2680 enim
911 2641 1184 2693 grammaticus
1212 2649 1288 2678 tra-

186 2727 211 2745 „
242 2699 346 2736 ducit
375 2700 412 2735 in
442 2696 569 2735 filium
606 2697 802 2733 scientiam
844 2695 1130 2746 grammaticae,
1173 2707 1291 2747 quam

179 2776 204 2796 2,
230 2753 385 2804 proprio
411 2751 535 2790 studio
564 2750 795 2802 acquisivit.
840 2749 918 2787 Sed
947 2763 1018 2798 ea,
1057 2762 1144 2800 quae
1173 2747 1291 2800 perti-

169 1767 196 1787 Ὤ

167 1819 196 1840 3³

170 1872 198 1894 >a

170 1927 196 1946 ’ξ

171 1979 198 1999 99

228 2921 276 2954 (α)
305 2919 412 2953 Guill.
438 2919 557 2954 Estius
584 2919 620 2953 in
647 2917 724 2954 Lib·
752 2920 795 2952 Π.
834 2917 991 2952 Sentent-
1032 2916 1200 2950 Distinet,
1230 2925 1286 2950 21.

180 2963 216 3003 §¹-
243 2964 300 3004 8·‚
336 2969 375 2996 (Y
402 2979 435 3009 9.
462 2968 498 2999 in
525 2968 738 3000 contrariam
764 2966 975 3000 sententiam
1000 2964 1174 3005 inclinat,
1211 2972 1289 2997 tan-

183 3021 290 3054 quam
316 3013 411 3043 valde
436 3015 664 3056 probabilem.

186 3102 193 3108 ι
234 3056 279 3093 (ὀὶ
313 3057 349 3107 Ρ..
372 3056 489 3091 Petrus
522 3061 650 3093 Mansi'
672 3059 870 3103 'Theologus
907 3058 1186 3102 Augustinianus
1221 3069 1291 3091 non

182 3101 368 3134 incelebris
403 3106 569 3145 putavit,
610 3107 761 3140 immane
795 3102 884 3139 illud
908 3105 1110 3139 Judaeorum
1148 3105 1259 3137 scelus
1279 3125 1291 3144 ,

182 3159 253 3192 quo
277 3149 360 3180 Jesu
385 3148 515 3181 Christi
540 3152 679 3185 Domini
707 3153 817 3186 nostri
843 3161 992 3185 mortem
1020 3164 1037 3184 a
1065 3152 1176 3184 Pilato
1198 3151 1291 3184 obti-

184 3199 334 3227 nuerunt
360 3205 439 3227 cum
465 3194 622 3229 horribili
650 3200 708 3232 illa
734 3199 1007 3243 imprecatione:
1037 3199 1189 3242 Sanguis
1216 3198 1290 3244 ejus

185 3252 285 3292 super
309 3254 369 3273 nos
385 3262 395 3280 ‚
422 3244 463 3273 <5⁴
491 3253 587 3282 super
602 3245 704 3285 filios
729 3254 890 3285 nostros,
928 3244 1067 3278 traduci
1093 3257 1112 3277 a
1136 3243 1292 3288 parenti-

184 3286 249 3320 bus
276 3299 310 3319 m
335 3287 469 3331 prolem
494 3299 601 3330 usque
630 3289 670 3320 :id
696 3289 901 3323 hodiernum
927 3289 1042 3323 diem.
1071 3291 1292 3333 Singularem

184 3331 274 3368 lianc
300 3333 510 3369 sententiam
536 3331 641 3367 solide
666 3336 832 3370 refutavit
858 3336 945 3370 alter
972 3346 1013 3369 ex
1039 3334 1159 3371 eadem
1172 3336 1293 3380 Augu-

1324 104 1493 147 SECT.
1527 104 1605 148 III.
1655 104 1782 149 CAP.
1823 104 1900 151 IV.

1341 215 1366 234 „
1396 191 1485 221 nent
1513 184 1560 220 ad
1590 192 1761 221 naturam
1790 186 1956 237 speciei,
1985 186 2235 224 traducuntur
2263 198 2284 224 a
2304 197 2442 238 paren-

1340 269 1366 288 „
1397 236 1498 273 tibus
1527 237 1569 273 in
1597 235 1697 273 filios
1719 262 1759 274 ..0
1783 237 1893 276 Sicut
1922 248 2049 276 autem
2078 240 2124 276 ad
2146 252 2344 291 personam
2374 240 2445 278 ali-

1341 322 1366 341 „
1396 289 1490 341 quid
1520 290 1678 339 pertinet
1698 290 1905 328 secundum
1927 292 2087 342 seipsam
2107 322 2117 340 ,
2147 292 2294 344 aliquid
2316 306 2359 330 ex
2379 292 2443 330 do-

1341 369 1366 395 „
1397 357 1446 381 no
1473 343 1630 393 gratioe;
1654 342 1711 379 *ita
1739 342 1852 380 etiam
1879 344 1929 381 'ad
1957 354 2132 382 naturam
2154 354 2270 397 potest
2299 346 2446 398 aliquid

1341 423 1366 448 ,-,
1396 399 1586 449 pertinere
1615 395 1823 433 secundum
1848 397 2010 447 seipsam
2030 428 2040 445 ,
2067 397 2212 435 scilicet
2228 400 2328 450 quod
2358 413 2448 437 cau-

1334 481 1365 501 „
1390 459 1493 488 satur
1523 462 1568 486 ex
1598 449 1801 499 principiis
1830 446 1934 498 ejus,
1965 449 1998 485 8<
2020 449 2165 501 aliquid
2188 464 2231 487 ex
2252 452 2348 490 dono
2363 466 2446 503 gra-

1396 506 1458 541 tiae
1478 529 1487 539 .
1517 502 1565 541 Et
1595 501 1664 539 hoc
1694 501 1808 539 modo
1835 500 1990 551 justitias
2019 502 2215 552 originalis
2231 514 2307 541 erat
2327 505 2448 556 quod-

1343 589 1368 607 „
1398 558 1486 595 dam
1516 557 1658 593 donum
1688 556 1821 606 gratiae
1852 555 1916 591 toti
1953 554 2136 592 ‘humanae
2176 564 2321 594 naturae
2351 558 2450 595 divi-

1343 641 1370 660 „
1399 612 1497 648 nitus
1525 608 1707 647 'collatum
1738 611 1775 647 iti
1804 608 1931 659 primo
1951 616 2136 659 parente,
2165 609 2267 658 quod
2295 610 2451 662 quidem

1345 694 1370 713 ,‚
1402 666 1548 715 primus
1580 662 1693 699 homo
1734 662 1860 700 amisit
1897 673 1965 711 per
2007 661 2178 711 primum
2221 671 2448 711 peccatum·

1345 746 1371 766 „
1403 717 1512 754 Unde
1541 718 1636 753 sicut
1666 714 1735 752 illa
1763 713 1960 765 originalis
1990 712 2134 764 justitia
2161 713 2333 751 ⁴traducta
2360 715 2453 753 fuis-

1345 799 1372 819 „
1403 778 1454 807 set
1484 772 1523 806 in
1552 779 1714 820 posteros
1758 767 1872 806 simul
1915 780 2005 804 cum
2047 775 2210 814 natura,
2258 767 2311 804 ita
2339 768 2456 804 etiam

1346 853 1372 872 „
1401 824 1628 860 inordinatio
1655 823 1847 873 opposita.
1897 820 1969 858 Sed
2000 820 2076 858 alia
2106 827 2258 872 peccata
2286 820 2456 858 actualia

1344 905 1371 924 „
1401 876 1459 913 vel
1492 877 1606 926 primi
1638 877 1831 927 parentis,
1871 874 1934 911 vel
1966 872 2131 911 aliorum
2162 886 2235 910 non
2276 883 2452 910 vcorrum-

1345 958 1370 978 „
1401 937 1497 980 punt
1526 937 1701 966 naturam
1730 937 1914 980 quantum
1936 928 1982 964 ad
2005 927 2063 975 id,
2092 927 2193 979 quod
2212 935 2354 963 naturae
2375 935 2454 975 est,

1347 1011 1371 1030 „
1403 983 1464 1018 sed
1494 979 1616 1018 solum
1645 991 1832 1033 quantum
1863 981 1909 1018 ad
1940 981 2004 1027 id⁷
2046 981 2146 1032 quod
2178 994 2345 1031 personae
2377 988 2459 1028 est,

1346 1064 1371 1083 υ
1403 1035 1498 1071 idest
1526 1035 1735 1072 secundum
1766 1035 1989 1086 pronitatem
2010 1033 2056 1071 ad
2087 1042 2214 1071 actum
2235 1060 2245 1071 .
2276 1033 2386 1072 Unde
2417 1048 2457 1070 a·-

1347 1117 1373 1135 „
1404 1086 1456 1124 lia
1486 1096 1639 1138 peccata
1668 1100 1741 1124 non
1771 1088 2015 1125 traducuntur
2045 1090 2100 1126 “.
2130 1086 2221 1125 Vid.
2243 1088 2357 1125 etiam
2378 1088 2457 1136 Qu.

1346 1139 1415 1177 IV.
1447 1139 1494 1177 (Ze
1521 1140 1632 1176 malo
1660 1149 1730 1177 art.
1760 1139 1799 1177 8.

1405 1205 1494 1243 127.
1524 1193 1566 1231 S.
1589 1193 1821 1244 Augustinus
1850 1190 2055 1243 aliquando
2082 1190 2153 1231 hac
2173 1193 2219 1231 de
2246 1207 2288 1232 re
2318 1193 2460 1232 dubius

1345 1246 1483 1292 liaesit3
1515 1248 1594 1284 imo
1622 1249 1663 1283 ιή
1678 1243 1910 1282 Erzchirtdto
1940 1259 2023 1296 cap.
2040 1245 2104 1289 46.
2134 1258 2347 1294 parentum
2368 1261 2460 1298 quo-

1341 1314 1421 1351 que
1449 1303 1651 1350 peccatis,
1679 1300 1830 1351 inquit,
1860 1298 2041 1348 parvulos
2070 1297 2258 1349 obligari,
2288 1314 2369 1337 ηοη
2399 1311 2459 1337 so·

1348 1356 1430 1391 lum
1461 1359 1681 1403 primorum
1710 1350 1942 1400 hominum,
1972 1351 2041 1389 sed
2070 1356 2193 1389 etiam
2223 1365 2384 1388 suorum
2414 1352 2461 1391 (Ze

1345 1407 1480 1460 quibus
1509 1411 1581 1455 ipsi
1611 1410 1698 1445 nati
1725 1415 1817 1443 sunt
1836 1435 1846 1454 ,
1876 1418 1957 1443 non
1976 1404 2465 1455 improbabiliter-dicitur.

1347 1463 1507 1501 Attentis
1536 1471 1661 1498 tamen
1691 1460 1765 1507 iis,
1795 1473 1883 1510 quae
1915 1468 2042 1511 postea
2071 1458 2218 1506 subdit,
2256 1456 2359 1495 haud
2392 1459 2465 1494 im·

1346 1517 1482 1553 merito
1510 1515 1550 1553 S.
1582 1513 1750 1551 Thomas
1780 1513 1902 1560 dixit,
1946 1512 2201 1562 Augustinum
2232 1510 2305 1550 hac
2347 1512 2394 1548 de
2425 1525 2465 1548 re

1346 1569 1593 1620 quaestionem
1626 1565 1870 1613 movisse‚'&
1902 1566 2102 1603 insolutam
2131 1566 2355 1617 reliquisse.

1407 1620 1494 1659 128.
1527 1620 1634 1658 Alibi
1664 1628 1791 1657 autem
1827 1621 2045 1671 opinionem
2087 1628 2290 1669 negantem
2333 1625 2464 1668 aperte

1344 1676 1534 1725 professus
1563 1682 1642 1711 est.
1690 1673 1791 1710 Nam
1822 1674 1858 1709 in
1886 1673 2010 1722 Epist.
2043 1672 2159 1718 2500,
2189 1685 2308 1721 quam
2339 1672 2464 1708 senior

1346 1730 1494 1780 scripsit
1526 1726 1681 1764 Auxilio
1710 1726 1842 1777 juveni
1874 1725 2091 1776 Episccva,
2124 1726 2345 1761 sententiam
2377 1738 2466 1761 ana-

1345 1781 1521 1818 thematis
1549 1780 1598 1817 ab
1629 1780 1760 1816 eodem
1792 1778 1977 1830 prolatam
2022 1787 2151 1815 eontra
2189 1787 2304 1815 totam
2349 1778 2466 1814 fami-

1345 1835 1439 1872 liam
1455 1834 1677 1872 Classiciani
1709 1832 1926 1884 improbat,
1958 1832 2050 1883 quia
2079 1833 2226 1868 crimen
2241 1832 2360 1882 patris
2389 1840 2466 1867 non

1341 1897 1461 1941 v’potest
1491 1887 1674 1939 imputari
1712 1884 1822 1924 filio.
1872 1916 1898 1935 ,‚
1929 1884 2157 1932 QuomodO,
2202 1887 2352 1934 inquit,
2405 1881 2466 1922 vel

1347 1972 1372 1991 „
1402 1942 1484 1979 Deo
1502 1971 1512 1990 ,
1555 1940 1616 1979 vel
1646 1939 1868 1978 hominibus
1897 1939 2035 1990 justam
2074 1949 2272 1989 possumus
2311 1937 2468 1975 reddere

1404 1997 1588 2033 rationem
1607 2024 1618 2041 ,
1661 1995 1692 2031 si
1721 1994 1867 2031 animas
1898 1994 2112 2029 innocentes
2141 2004 2212 2042 pro
2252 1990 2394 2029 scelere
2424 2005 2468 2031 a-.

1405 2048 1530 2096 lieno,
1578 2060 1622 2084 ex
1652 2059 1728 2098 quo
1770 2044 1983 2097 (fortasse
2011 2044 2149 2096 quod)
2195 2058 2270 2082 non
2309 2044 2466 2087 trahunt

1405 2104 1500 2140 sicut
1530 2114 1574 2139 ex
1607 2100 1751 2146 Adam,
1782 2100 1820 2136 in
1849 2112 1928 2151 quo
1955 2111 2087 2136 omnes
2115 2107 2397 2150 peccaverunt,
2427 2110 2468 2133 o-

1405 2154 1566 2207 riginale
1595 2163 1823 2204 peccatum,
1869 2152 2062 2203 spirituali
2092 2151 2286 2204 supplicio
2329 2151 2466 2202 punia-

1350 2239 1376 2259 ,‚
1407 2207 1520 2248 mus?
1569 2207 1724 2245 Etenim
1750 2206 1973 2245 Classiciani
2003 2204 2135 2253 filius,
2179 2207 2243 2242 etsi
2275 2205 2386 2242 traxit
2423 2216 2470 2243 ex

1344 2292 1378 2313 v„
1407 2272 1513 2315 patre
1542 2262 1659 2314 primi
1692 2260 1858 2298 hominis
1887 2258 2044 2311 culpam
2063 2289 2074 2307 ,
2118 2272 2224 2297 sacro
2254 2259 2353 2296 fonte
2398 2257 2466 2295 ba-

1406 2317 1591 2370 ptismatis
1621 2314 1872 2366 expiandam,
1903 2321 2030 2350 tamen
2059 2313 2275 2364 quidquid,
2322 2320 2471 2363 postea-

1407 2385 1524 2423 quam
1553 2370 1683 2421 genuit
1712 2381 1800 2404 eum
1818 2397 1828 2415 ‚
1866 2368 2010 2418 peccati
2040 2375 2145 2417 pater
2174 2366 2354 2413 admisit,
2400 2364 2468 2402 ubi

1352 2453 1378 2473 „
1410 2426 1597 2475 particeps
1627 2423 1705 2473 ipse
1733 2434 1809 2457 non
1839 2420 1932 2467 fuit,
1980 2420 2027 2458 ad
2056 2433 2144 2456 eum
2174 2431 2248 2456 non
2280 2420 2469 2470 pertinere

1352 2506 1379 2527 „
1409 2478 1494 2528 quis
1523 2476 1682 2525 ambigit
1713 2472 1769 2524 (b)
1800 2472 1859 2511 “?
2033 2505 2039 2506 γ

1414 2543 1500 2582 129.
1531 2529 1691 2575 Quaeres
1720 2534 1882 2579 quarto,
1911 2539 1969 2564 an
2000 2525 2159 2564 Atlamo
2188 2534 2270 2563 non
2297 2534 2468 2576 peccan-

1355 2593 1395 2622 te
1423 2587 1456 2621 si
1486 2583 1627 2631 aliquis
1655 2590 1902 2631 posterorum
1930 2588 2161 2630 peccasset,
2211 2580 2297 2629 ejus
2325 2589 2467 2629 pecca-

1357 2646 1442 2675 tum
1471 2634 1819 2686 transfunderetur
1847 2637 1889 2669 ιή
1906 2632 2020 2682 filios
2039 2631 2064 2667 Ρ

1417 2690 1504 2728 150.
1534 2688 1647 2738 Resp.
1666 2716 1676 2734 ,
1705 2687 1861 2724 Certum
1882 2694 1960 2731 est,
1992 2685 2105 2721 etiam
2124 2682 2270 2721 Adamo
2283 2695 2358 2720 non
2380 2693 2469 2734 pec-

1352 2751 1497 2791 eante,
1537 2741 1699 2794 potuisse
1729 2737 1809 2791 ejus
1838 2746 2002 2790 posteros
2043 2750 2230 2789 peccare3
2278 2749 2403 2796 neque
2433 2750 2471 2774 e-

2342 2803 2423 2828 nnn

1341 529 1367 554 ἐν

1347 2026 1374 2045 7)

1348 2080 1375 2099 ³²

1348 2133 1375 2153 9²

1349 2186 1375 2206 29

1352 2347 1377 2367 22

1351 2400 1378 2420 Β,

1356 2911 1508 2948 stiniana
1532 2910 1665 2945 familia
1690 2908 1888 2953 ‘I'lieologus
1913 2905 2026 2940 multo
2050 2905 2221 2941 celebrior
2240 2905 2274 2937 Ρ.
2289 2905 2343 2938 Jo.
2364 2904 2470 2936 Laur.

1356 2961 1451 2994 Berti
1478 2959 1595 2992 Theol.
1625 2957 1778 3001 Discipl.
1809 2955 1884 2988 Lib.
1911 2955 1969 2987 111.
1997 2965 2072 2997 cap.
2101 2966 2132 2996 7.
2171 2953 2353 2996 Quantum
2386 2962 2471 2984 vero

1359 3007 1402 3041 ad
1428 3004 1636 3039 horrendam
1664 3004 1761 3036 illam
1789 3001 2075 3046 imprecationem
2100 3001 2205 3032 Matt.
2233 2998 2385 3032 XXVH.
2411 2997 2474 3029 be-

1359 3066 1400 3087 ne
1425 3054 1588 3086 observat
1617 3053 1650 3083 S.
1679 3048 1831 3082 Thomas
1858 3048 1991 3091 Quaest.
2023 3046 2079 3079 tV.
2106 3047 2148 3078 cle
2174 3047 2261 3079 malo
2288 3044 2400 3077 art-8.
2428 3041 2472 3076 ad

1359 3112 1419 3144 9.,
1460 3101 1546 3144 quod
1571 3100 1710 3140 sanguis
1736 3095 1870 3127 Christi
1897 3095 2027 3137 obligat
2043 3094 2149 3136 filios
2175 3089 2363 3125 Jizdaeornm
2380 3112 2390 3130 ,
2435 3093 2472 3122 in

1359 3155 1513 3191 quantum
1539 3152 1615 3177 sunt
1643 3145 1835 3175 imitatores
1859 3149 2003 3183 paternae
2029 3141 2166 3173 malitix
2183 3161 2192 3178 ‚
2219 3144 2328 3183 ipsam
2351 3147 2472 3182 appro-

1360 3195 1468 3226 bando
1488 3215 1496 3222 .
1535 3190 1649 3228 Nota,
1680 3187 1772 3231 juste
1799 3184 2001 3220 damnatam
2029 3186 2134 3219 fuisse
2164 3186 2218 3219 52.
2245 3185 2321 3229 Baji
2348 3191 2474 3228 propo·

1361 3240 1543 3273 sitionem:
1587 3236 1691 3267 Omne
1719 3237 1828 3267 scelus
1854 3235 1928 3280 ejus
1955 3243 2009 3267 est
2042 3235 2281 3271 condicionis,
2321 3238 2356 3263 ιιι
2381 3237 2472 3260 suum.

1360 3295 1553 3323 auctorem,
1581 3286 1622 3314 (φ
1646 3290 1802 3324 posteros
1828 3294 1866 3313 eo
1892 3283 1988 3316 modo
2005 3281 2149 3327 inficere
2172 3282 2310 3324 possit,
2335 3288 2394 3320 quo
2413 3278 2469 3308 in-

1353 3332 1449 3376 fecit
1473 3332 1584 3375 prima
1609 3331 1866 3373 transgressio.
