2583 3685
533 192 1929 244 ἱὲἱὲὶὲἱῗῆὲὶῖτὶὲὶῒὶὲὶὲὶὲὶὲὶὲἢὶὲὶὶ·ἰἓὶὶὶῒὺὲὶῖωὲὶὲὶένὲἱὲἱὲὶῒὶὲἡ

1192 434 1272 479 DE

269 671 1214 750 INCARNATIONE

1295 670 2159 745 DIVINI'VERBI.

130 1087 330 1194 Egimus
359 1140 398 1178 in
425 1136 620 1191 superiore
649 1137 842 1178 volumine
871 1137 918 1176 de
947 1140 1117 1178 maxima
1146 1138 1192 1178 il-

73 1194 114 1236 la
141 1195 355 1234 calamitate
370 1223 381 1242 ,
410 1194 451 1230 in
481 1204 599 1244 qnam
619 1201 737 1230 totum
760 1191 974 1231 humanum
995 1207 1114 1245 genus
1134 1195 1190 1231 in-

76 1249 167 1289 cidit
197 1257 353 1302 propter
393 1246 661 1298 gravissimum
704 1254 916 1287 nostrorum
947 1257 1191 1298 protoparen-

78 1311 159 1341 tum
189 1310 416 1353 peccatum3
459 1299 630 1350 sequitur
659 1299 798 1346 modo,
828 1308 867 1336 nt
897 1300 1086 1338 infinitam
1117 1300 1191 1338 Dei

75 1354 379 1394 misericordiam
407 1364 640 1402 exponamus
660 1382 671 1400 ‚
708 1365 785 1404 qua
814 1365 879 1390 nos
905 1368 928 1390 a
958 1361 1062 1391 tanta
1089 1353 1191 1392 cala-

76 1409 206 1446 mitate
221 1407 388 1458 eripuit,
418 1404 597 1442 mittendo
618 1406 853 1456 unigenitum
876 1405 1021 1444 Filium
1051 1420 1161 1445 suurn
1179 1436 1191 1455 ,

75 1462 144 1513 qui
203 1461 330 1511 roprio
358 1470 425 1496 suo
453 1458 637 1506 sanguine
666 1471 732 1495 nos
761 1473 782 1494 a
810 1459 996 1497 daemonis
1030 1461 1191 1511 captivi-

76 1522 149 1553 tate
174 1475 378 1550 liberavit.
407 1508 472 1547 Sec
503 1507 614 1547 Deus
642 1509 780 1547 dilexit
809 1511 1026 1559 mundum,
1055 1522 1096 1549 nt
1127 1512 1190 1550 Fa*-

76 1565 172 1603 Ia'um
199 1577 314 1602 suum
342 1566 590 1614 unigenitum
618 1561 733 1600 daret
753 1588 810 1600 ....
840 1572 880 1599 ut
919 1565 1093 1601 salvetur
1121 1578 1190 1615 per

75 1622 231 1670 ipsum,
258 1616 393 1655 Joann.
425 1615 462 1654 5.
498 1614 559 1652 16.
591 1613 623 1650 8(
652 1629 730 1667 seq.
777 1615 966 1654 Profunda
994 1627 1121 1655 autem
1149 1631 1190 1654 σ-

77 1686 150 1725 pus
178 1684 254 1710 esse
284 1668 500 1708 humilitate
527 1668 574 1705 ad
604 1667 675 1706 hoc
704 1682 901 1721 magnum
928 1673 1086 1720 pietatis
1115 1669 1190 1708 Siz-

77 1732 331 1763 aramentum
361 1726 378 1775 (
408 1730 448 1759 ut
478 1723 604 1775 ipsum
642 1732 748 1760 vocat
777 1725 909 1775 Apost.
944 1737 977 1761 1.
1006 1724 1053 1762 ad
1085 1723 1192 1762 Tim.

79 1776 117 1817 5.
153 1777 212 1816 16.
243 1777 259 1824 )
289 1775 630 1829 perscrutandum,
675 1789 739 1814 nos
780 1784 908 1814 monet
950 1776 990 1815 S.
1033 1777 1191 1828 August.

77 1833 96 1883 (
126 1830 214 1869 Lib.
236 1829 288 1868 X.
319 1827 366 1866 de
399 1828 477 1866 Civ.
508 1826 585 1866 Dei
613 1842 700 1880 cap.
727 1842 786 1880 ¹9·
810 1842 846 1879 7.
878 1829 921 1878 ),
951 1843 1040 1868 cum
1071 1832 1118 1868 sit
1147 1830 1194 1867 il.

76 1882 146 1922 lud
176 1881 373 1921 ineffabile
402 1882 626 1933 mysterium
646 1910 655 1928 ‚
684 1894 760 1933 qno
780 1881 966 1920 Dominus
995 1892 1116 1921 noster
1132 1882 1194 1921 Je-

78 1949 139 1974 sus
158 1935 328 1974 Christus
355 1938 611 1983 semetipsum
632 1938 854 1972 exinanit-ic
869 1965 880 1983 ‚
899 1934 1092 1987 sormam
1111 1949 1194 1974 ser·

81 1993 119 2029 φὶ
144 1992 367 2035 accipiens,
395 1991 438 2024 in
466 1986 765 2026 similitudinem
795 1987 1000 2026 hominum
1017 1988 1194 2040 factus,

80 2042 130 2084 (9⁶
158 2041 289 2083 habitu
317 2045 494 2079 inventus
524 2049 564 2077 ut
605 2039 721 2079 homo
739 2056 770 2085 ‚··
792 2040 1009 2080 humiliavit
1037 2047 1195 2082 semet-i-

80 2108 197 2147 psum
225 2095 340 2144 (βυ,
369 2102 410 2132 ut
437 2093 576 2132 dicitur
605 2092 751 2147 Philip.
781 2106 816 2132 2.
849 2108 886 2145 7.
917 2095 951 2131 &
981 2110 1058 2149 seq.

131 2148 322 2196 Quoniam
352 2159 442 2187 vero
483 2148 653 2199 primum
696 2149 807 2186 totius
855 2147 971 2201 hujus
1013 2150 1195 2188 adorandi

77 2203 251 2255 mysterii
295 2201 586 2240 fundamentum
616 2209 667 2238 est
695 2200 882 2250 Messias,
922 2204 1025 2242 toties
1055 2205 1094 2242 in
1125 2204 1198 2242 Le-

80 2268 127 2306 ge
156 2256 382 2308 promissus,
412 2269 434 2292 a
463 2252 658 2306 Prophetis
686 2257 993 2306 praenunciatus,
1032 2265 1146 2309 atque
1175 2271 1197 2294 a

83 2309 221 2346 sanctis
249 2306 477 2345 Patriarcliis
495 2336 505 2355 ,
549 2305 712 2359 aliisque
739 2308 852 2346 Justis
882 2318 956 2347 vet.
986 2311 1196 2348 testamenti

82 2361 301 2398 avidissime
329 2368 568 2411 expectatus,
599 2360 683 2396 ideo
711 2361 838 2411 prima
866 2371 992 2400 nostra
1020 2362 1201 2400 collucta-

84 2413 137 2449 tio
163 2413 234 2450 erit
262 2413 439 2450 adversus
452 2411 606 2449 Judaeos
624 2440 634 2458 ,
663 2414 730 2462 qui
759 2415 835 2451 suis
864 2415 1103 2466 praejudiciis
1131 2417 1199 2454 ob-

83 2466 216 2502 caecati
243 2464 421 2502 eumdem
451 2463 630 2501 Messiam
649 2492 660 2509 ‚
701 2466 853 2516 quando
889 2468 928 2504 in
960 2468 1197 2519 plenitudine

83 2526 298 2569 temporum
329 2516 472 2553 mundo
500 2517 705 2568 apparuit,
735 2531 937 2568 agnoscere
964 2521 1198 2570 noluerunt,

85 2569 260 2608 &adhuc
288 2583 487 2622 agnoscere
507 2569 690 2608 obstinate
721 2580 914 2616 recusant3
945 2581 1072 2610 contra
1100 2587 1195 2625 quos

110 2624 316 2661 ravissimis
332 2653 342 2670 ,
364 2622 396 2658 &
419 2624 568 2661 invictis
588 2625 820 2674 argumentis
837 2625 1198 2663 demonstrabimus:

80 2637 268 2715 §vlessiam
312 2675 458 2726 jamdiu
489 2676 686 2714 advenisse
708 2706 719 2724 ‚
767 2691 932 2729 eumque
962 2692 1039 2716 esse
1069 2679 1198 2717 Jesum

82 2726 345 2777 Nazarenum,
377 2742 492 2781 quem
510 2727 635 2767 Patres
662 2742 794 2767 eorum
817 2731 1071 2770 inexcusabili
1094 2734 1197 2783 igno-

82 2783 206 2820 rantia
242 2781 475 2820 tradiderunt
504 2781 646 2831 Pilato,
690 2792 730 2820 ut
759 2784 1073 2836 crucifigeretur.
1117 2785 1197 2823 Hoc

84 2843 211 2873 autem
241 2834 404 2873 feliciter
432 2836 625 2884 consectO,
655 2835 755 2887 quod
783 2840 824 2873 in
852 2842 990 2887 primt's
1016 2851 1198 2889 quaeren-

88 2885 181 2925 dum
209 2901 324 2936 esse,
365 2887 452 2940 jure
488 2889 759 2941 praescribebat
789 2890 952 2929 Tertull.
997 2893 1036 2929 in
1067 2891 1195 2930 Tract.

89 2950 228 2979 contra
254 2940 412 2980 Judaeos
440 2956 524 2994 cap.
546 2943 584 2981 6.
601 2974 611 2991 ,
661 2945 787 2995 ipsum
836 2946 1059 2997 mysterium
1098 2946 1197 2983 divi-

89 3005 148 3030 nae
177 2993 441 3034 incarnationis
470 3009 514 3034 ex
544 2998 658 3036 sacris
687 2996 819 3035 litteris
841 3029 852 3047 ,
894 3011 938 3035 ac
967 2998 1096 3036 Sanct.
1127 2994 1197 3036 Pa-

88 3053 189 3082 trum
217 3046 386 3086 doctrina
406 3078 417 3096 ‚
455 3049 561 3100 juxta
588 3051 817 3089 certissimas
847 3051 1030 3091 Ecclesiae
1061 3051 1197 3090 defini·

88 3099 209 3136 tiones
236 3111 464 3150 exponemus
482 3131 493 3149 ,
529 3117 572 3142 ac
602 3112 732 3143 contra
762 3106 858 3143 varii
887 3107 1035 3157 generis
1065 3106 1197 3144 Haere-

141 3262 189 3293 (ai
220 3257 270 3290 De
294 3258 402 3292 variis
427 3258 578 3296 Judaicae
597 3264 704 3297 Sectae
729 3269 906 3303 erroribus
932 3270 1002 3315 agit
1028 3271 1107 3305 Car.
1123 3268 1194 3303 Jos.

87 3303 291 3337 hubonatns
318 3306 350 3336 in
378 3304 590 3342 Bibliotheca
624 3311 908 3350 latino-hebraica
925 3340 932 3347 .
973 3316 1196 3351 Incredibilia

88 3350 160 3383 fere
185 3348 388 3384 viderentur
421 3352 582 3397 pleraque
610 3356 872 3402 Rabbinornm,
907 3374 984 3407 quae
1011 3363 1116 3407 vulgo
1142 3373 1196 3396 re·

196 3394 435 3450 Gazznnign
468 3399 598 3440 Theoi.
629 3401 741 3442 Tom.
757 3403 808 3442 V.

1258 1141 1373 1187 ticos,
1401 1139 1469 1191 qui
1500 1137 1599 1176 illud
1627 1151 1872 1193 corrumpere
1903 1145 2119 1184 tentarunt,
2151 1134 2267 1174 solide
2297 1131 2377 1172 vin-

1260 1193 1501 1232 dicabimus.
1531 1191 1588 1230 Sit
1617 1193 1745 1244 itaque

1672 1267 2029 1342 ssscrn)r.'

1263 1403 1398 1443 Variis
1427 1411 1675 1459 argumentis
1714 1407 1957 1458 ostenditur,
2000 1409 2202 1456 ,Messinm
2232 1423 2274 1456 m
2302 1415 2378 1458 Le-

1313 1472 1364 1511 ge
1391 1463 1630 1508 promissum
1653 1462 1814 1512 jamdiu
1843 1463 2049 1504 adremsse
2071 1500 2081 1518 ,
2122 1483 2289 1523 eumque
2317 1486 2376 1512 es-

1315 1525 1356 1550 se
1385 1510 1520 1550 Iesum
1547 1512 1749 1552 Christum
1780 1514 2044 1557 Nazarenum
2063 1550 2074 1561 .

1318 1630 1350 1654 t.
1365 1594 1522 1661 Plures
1542 1619 1614 1659 hac
1633 1621 1679 1659 de
1701 1635 1739 1660 re
1754 1634 1841 1662 sunt
1856 1627 2079 1668 Judaeorum
2101 1644 2266 1672 errores.
2296 1633 2379 1672 Pri-

1259 1682 1324 1730 mo
1348 1674 1456 1708 enim
1486 1686 1575 1732 cum
1605 1687 1679 1712 non
1707 1689 1910 1726 agnoscant
1945 1685 2220 1732 augustissimas
2250 1687 2379 1726 'Trini-

1260 1730 1345 1760 tatis
1367 1734 1616 1776 mysterium-‚
1646 1739 1919 1779 consequenter
1933 1746 2094 1784 negant,
2126 1737 2299 1777 Verbum
2321 1741 2379 1777 di-

1262 1777 1394 1815 vinum
1414 1808 1423 1825 ‚
1455 1777 1603 1816 Filium
1633 1778 1706 1816 Dei
1739 1783 2002 1834 unigenitum,
2034 1801 2112 1827 esse
2132 1789 2314 1830 Messian)
2344 1794 2383 1831 in

1264 1829 1365 1883 Lege
1381 1832 1638 1882 promissum3
1668 1833 1838 1887 adeoque
1867 1852 1982 1890 quem
2005 1853 2068 1880 nos
2097 1844 2136 1880 in
2165 1857 2280 1883 carne
2299 1846 2382 1898 jam

1264 1885 1459 1923 advenisse
1488 1885 1703 1935 credimus,
1734 1888 1806 1940 ipsi
1835 1904 1926 1929 vero
1954 1907 2053 1933 vana
2083 1908 2149 1948 spe
2178 1909 2382 1938 venturum

1263 1946 1488 1990 expectant,
1529 1937 1722 1978 homiuem
1752 1955 1894 1994 purum
1913 1975 1924 1993 ,
1971 1961 2207 2001 quamquam
2239 1955 2383 1992 eximia.

1263 1993 1459 2030 sanctitate
1487 1991 1573 2030 aliis
1603 1991 1824 2036 horninibus
1864 1998 1986 2037 multo
2013 2004 2248 2054 superiorem
2265 2035 2276 2054 ,
2321 2008 2381 2046 fu-

1264 2053 1393 2083 turum
1423 2045 1657 2084 arbitrantur
1678 2073 1689 2086 .

1313 2111 1357 2137 Q.
1388 2098 1592 2147 Secunde,
1628 2114 1718 2139 cum
1749 2116 1820 2142 non
1848 2107 2095 2147 confiteantur
2123 2111 2381 2153 universalem

1266 2151 1374 2190 illam
1406 2162 1550 2190 naturae
1580 2158 1888 2209 corruptionem,
1930 2173 2019 2214 (μη
2050 2176 2094 2200 ex
2122 2176 2278 2216 peccato
2305 2169 2382 2206 ori-

1268 2205 1387 2256 ginali
1418 2207 1456 2243 in
1487 2218 1551 2243 nos
1591 2206 1830 2259 dimanavit,
1880 2214 2104 2254 inficiantur
2133 2219 2319 2268 proinde,
2349 2221 2384 2259 i-

1268 2273 1377 2308 psum
1411 2260 1581 2296 futurum
1611 2263 1861 2310 spiritualem
1894 2267 2182 2321 Redemptorem
2213 2274 2348 2312 mundi
2371 2296 2384 2322 ·,

1269 2313 1331 2350 sed
1352 2311 1426 2350 sihi
1457 2314 1546 2364 ipsis
1566 2313 1728 2353 inaniter
1742 2316 1996 2360 blandiuntur
2012 2352 2022 2370 ‚
2054 2333 2257 2363 venturum
2280 2325 2384 2365 hunc

1270 2364 1452 2404 Messian]
1482 2380 1572 2404 cum
1603 2376 1782 2419 potestate
1811 2371 1844 2409 &
1869 2373 1996 2425 gloria
2015 2378 2218 2429 temporali
2247 2379 2294 2418 ad
2324 2393 2384 2418 re-

1267 2419 1496 2457 stituendum
1526 2422 1734 2473 temporale
1764 2437 1924 2476 regnum
1955 2429 2066 2468 lsrael
2091 2456 2101 2469 .

1321 2472 1358 2511 5.
1390 2473 1466 2510 Hos
1502 2473 1594 2511 duos
1635 2478 1876 2525 gravissimos
1904 2480 2128 2524 Jndaeorum
2174 2493 2315 2524 errores
2343 2488 2384 2526 in

1265 2525 1528 2577 superioribus
1557 2530 1779 2568 tractat-ibus
1808 2532 1887 2581 jam
1917 2537 2224 2579 confutavimus.
2271 2539 2383 2577 Unde

1265 2579 1377 2614 modo
1406 2579 1659 2616 confutandus
1687 2593 1856 2632 superest
1886 2589 2016 2625 tertius
2045 2600 2231 2639 protervas
2275 2592 2382 2629 illius

1265 2630 1384 2679 gentis
1428 2642 1532 2688 error
1559 2631 1625 2680 qui
1655 2636 1811 2679 ‘usai-rou
1839 2638 1995 2677 τσεῦΐοσ
2024 2639 2099 2677 dici
2137 2653 2250 2693 pote-at
2269 2674 2278 2690 ,
2309 2645 2382 2682 sci-

1267 2681 1356 2719 licet
1378 2681 1589 2719 Dominum
1610 2681 1738 2719 Jesum
1760 2683 1952 2724 Christum
1984 2703 2055 2729 non
2076 2703 2152 2732 esse
2174 2695 2354 2734 Messinm
2372 2727 2383 2745 ‚

1266 2748 1382 2787 quem
1405 2727 1506 2772 Deus
1537 2735 1575 2772 in
1608 2734 1844 2786 plenitudine
1867 2747 2078 2792 temporum
2110 2761 2147 2784 se
2176 2751 2383 2788 missurum

1268 2802 1346 2825 esse
1362 2789 1555 2839 promisit.
1579 2786 1692 2826 Recte
1707 2798 1831 2826 autem
1863 2791 2002 2832 dicitnr
2019 2796 2081 2836 hic
2113 2812 2218 2840 error
2245 2812 2380 2841 ‘eorum

1268 2845 1421 2890 vrso-ror
1441 2840 1599 2880 πσεῠέος
1627 2845 1798 2891 primum
1820 2846 2104 2898 men‹iacium;
2131 2856 2224 2907 quia
2243 2856 2291 2895 ab
2313 2854 2383 2894 illo

1268 2906 1396 2930 omnes
1416 2892 1481 2931 alii
1504 2906 1635 2932 eorum
1666 2909 1807 2933 errores
1827 2898 2067 2950 dependent.
2095 2895 2138 2946 Si
2168 2911 2271 2948 enim
2302 2919 2382 2948 tnn-

1265 2945 1350 2983 dein
1373 2946 1580 2999 aliquando
1598 2949 1813 2998 faterentur,
1829 2950 1956 2991 Jestnn
1973 2956 2164 2999 Christum
2182 2977 2260 3002 esse
2279 2964 2383 3003 Mes-

1264 2999 1360 3036 siam
1376 3014 1397 3037 a
1419 2994 1499 3038 Deo
1520 3000 1627 3038 Patre
1644 3004 1798 3040 missum
1817 3034 1827 3050 ,
1856 3019 1901 3043 ex
1931 3009 2073 3050 caetesti
2090 3013 2196 3054 illius
2211 3017 2380 3056 doctrina

1264 3064 1396 3091 omnes
1426 3054 1518 3091 alias
1547 3057 1718 3092 veritates
1761 3057 2001 3111 ediscerent,
2044 3080 2139 3118 quas
2177 3072 2289 3109 modo
2316 3077 2381 3110 aut

1266 3104 1512 3156 culpabiliter
1543 3109 1739 3158 ignorant,
1770 3121 1832 3149 aut
1861 3118 2110 3160 pervicaciter
2139 3129 2275 3175 negant
2294 3127 2382 3176 (a).

1513 3175 1521 3181 ‘
2244 3179 2330 3216 CA·-

1263 3274 1470 3309 censentnr,
1506 3281 1698 3306 commenta
1720 3295 1730 3313 ,
1772 3276 1836 3309 nisi
1874 3277 2115 3316 invenirentur
2141 3284 2175 3316 in
2214 3286 2296 3329 ipsis
2322 3296 2379 3317 eo-

1264 3327 1342 3348 rnm
1371 3316 1603 3358 Doctoribns,
1641 3321 1699 3364 qni
1728 3319 1962 3367 Kabbalistae,
1994 3327 2216 3370 Mischnici,
2255 3331 2380 3363 Gema-

1265 3366 1331 3396 rici
1346 3383 1357 3402 ‚
1383 3362 1529 3408 aliisque
1548 3365 1749 3400 nominibus
1776 3369 2024 3415 appellantur3
2050 3375 2120 3410 imo
2143 3377 2178 3408 in
2197 3378 2271 3419 ipso
2290 3368 2381 3408 clas-

1815 3427 1826 3453 ί
