<?xml version="1.0" encoding="UTF-8"?>
<!DOCTYPE html PUBLIC "-//W3C//DTD XHTML 1.0 Transitional//EN"
    "http://www.w3.org/TR/xhtml1/DTD/xhtml1-transitional.dtd">
<html xmlns="http://www.w3.org/1999/xhtml" xml:lang="en" lang="en">
 <head>
  <title>
</title>
<meta http-equiv="Content-Type" content="text/html;charset=utf-8" />
  <meta name='ocr-system' content='tesseract 3.04.00' />
  <meta name='ocr-capabilities' content='ocr_page ocr_carea ocr_par ocr_line ocrx_word'/>
</head>
<body>
  <div class='ocr_page' id='page_1' title='image "./fratrispetrimari04gazzuoft_0416.png"; bbox 0 0 2583 3685; ppageno 0'>
   <div class='ocr_carea' id='block_1_1' title="bbox 231 71 312 112">
    <p class='ocr_par' dir='ltr' id='par_1_1' title="bbox 231 71 312 112">
     <span class='ocr_line' id='line_1_1' title="bbox 231 71 312 112; baseline 0.025 -2"><span class='ocrx_word' id='word_1_1' title='bbox 231 71 312 112; x_wconf 78' lang='lat'><em>162</em></span> 
     </span>
    </p>
   </div>
   <div class='ocr_carea' id='block_1_2' title="bbox 157 132 1286 3330">
    <p class='ocr_par' dir='ltr' id='par_1_2' title="bbox 161 132 1269 509">
     <span class='ocr_line' id='line_1_2' title="bbox 164 132 1268 198; baseline -0.011 -18"><span class='ocrx_word' id='word_1_2' title='bbox 164 141 431 198; x_wconf 58' lang='lat' dir='ltr'><em>praecedentia</em></span> <span class='ocrx_word' id='word_1_3' title='bbox 461 138 606 172; x_wconf 85' lang='lat' dir='ltr'><em>merita</em></span> <span class='ocrx_word' id='word_1_4' title='bbox 647 133 922 182; x_wconf 69' lang='lat' dir='ltr'><em>multiplicatae</em></span> <span class='ocrx_word' id='word_1_5' title='bbox 957 132 1268 183; x_wconf 72' lang='lat' dir='ltr'><em>regenerationis</em></span> 
     </span>
     <span class='ocr_line' id='line_1_3' title="bbox 166 187 1269 245; baseline -0.01 -12"><span class='ocrx_word' id='word_1_6' title='bbox 166 201 363 245; x_wconf 71' lang='lat' dir='ltr'><em>inquirat.</em></span> <span class='ocrx_word' id='word_1_7' title='bbox 410 190 483 228; x_wconf 85' lang='lat' dir='ltr'><em>Sed</em></span> <span class='ocrx_word' id='word_1_8' title='bbox 512 187 620 226; x_wconf 85' lang='lat' dir='ltr'><em>nulla</em></span> <span class='ocrx_word' id='word_1_9' title='bbox 649 188 782 224; x_wconf 82' lang='lat' dir='ltr'><em>merita</em></span> <span class='ocrx_word' id='word_1_10' title='bbox 819 194 1091 237; x_wconf 75' lang='lat' dir='ltr'><em>praecesserunt</em></span> <span class='ocrx_word' id='word_1_11' title='bbox 1118 197 1269 236; x_wconf 82' lang='lat' dir='ltr'><em>regene-</em></span> 
     </span>
     <span class='ocr_line' id='line_1_4' title="bbox 163 237 1267 288; baseline -0.01 -2"><span class='ocrx_word' id='word_1_12' title='bbox 163 250 348 287; x_wconf 78' lang='lat' dir='ltr'>rationem</span> <span class='ocrx_word' id='word_1_13' title='bbox 377 250 538 281; x_wconf 83' lang='lat' dir='ltr'><em>nostram</em></span> <span class='ocrx_word' id='word_1_14' title='bbox 557 271 568 288; x_wconf 88' lang='lat'><em>,</em></span> <span class='ocrx_word' id='word_1_15' title='bbox 601 239 807 278; x_wconf 86' lang='lat' dir='ltr'><em>secundnm</em></span> <span class='ocrx_word' id='word_1_16' title='bbox 837 237 935 277; x_wconf 84' lang='lat' dir='ltr'><em>illud</em></span> <span class='ocrx_word' id='word_1_17' title='bbox 964 238 1010 277; x_wconf 83' lang='lat' dir='ltr'><em>ad</em></span> <span class='ocrx_word' id='word_1_18' title='bbox 1039 237 1172 276; x_wconf 86' lang='lat' dir='ltr'>Titum</span> <span class='ocrx_word' id='word_1_19' title='bbox 1203 238 1267 278; x_wconf 76' lang='grc' dir='ltr'><em>ΙΙΙ.</em></span> 
     </span>
     <span class='ocr_line' id='line_1_5' title="bbox 166 290 1268 345; baseline -0.009 -7"><span class='ocrx_word' id='word_1_20' title='bbox 166 303 203 340; x_wconf 84' lang='grc'><em>5.</em></span> <span class='ocrx_word' id='word_1_21' title='bbox 232 297 327 337; x_wconf 86' lang='lat' dir='ltr'><em>Non</em></span> <span class='ocrx_word' id='word_1_22' title='bbox 355 309 408 335; x_wconf 77' lang='lat' dir='ltr'><em>ex</em></span> <span class='ocrx_word' id='word_1_23' title='bbox 436 291 613 345; x_wconf 78' lang='lat' dir='ltr'><em>operibus</em></span> <span class='ocrx_word' id='word_1_24' title='bbox 635 295 831 345; x_wconf 61' lang='lat' dir='ltr'><em>justitiae,</em></span> <span class='ocrx_word' id='word_1_25' title='bbox 858 305 948 343; x_wconf 79' lang='lat' dir='ltr'><em>quae</em></span> <span class='ocrx_word' id='word_1_26' title='bbox 964 290 1146 344; x_wconf 74' lang='lat' dir='ltr'><em>jecimus</em></span> <span class='ocrx_word' id='word_1_27' title='bbox 1174 304 1268 341; x_wconf 87' lang='lat' dir='ltr'><em>nos,</em></span> 
     </span>
     <span class='ocr_line' id='line_1_6' title="bbox 161 343 1269 397; baseline -0.008 -6"><span class='ocrx_word' id='word_1_28' title='bbox 161 353 231 392; x_wconf 75' lang='lat' dir='ltr'><em>sed</em></span> <span class='ocrx_word' id='word_1_29' title='bbox 251 349 467 390; x_wconf 66' lang='lat' dir='ltr'><em>secundum</em></span> <span class='ocrx_word' id='word_1_30' title='bbox 485 360 604 386; x_wconf 77' lang='lat' dir='ltr'><em>suam</em></span> <span class='ocrx_word' id='word_1_31' title='bbox 625 345 940 384; x_wconf 76' lang='lat' dir='ltr'><em>misericordiam</em></span> <span class='ocrx_word' id='word_1_32' title='bbox 961 345 1089 383; x_wconf 76' lang='lat' dir='ltr'><em>salvos</em></span> <span class='ocrx_word' id='word_1_33' title='bbox 1108 356 1181 383; x_wconf 87' lang='lat' dir='ltr'><em>nos</em></span> <span class='ocrx_word' id='word_1_34' title='bbox 1199 343 1269 397; x_wconf 89' lang='lat' dir='ltr'><em>fe-</em></span> 
     </span>
     <span class='ocr_line' id='line_1_7' title="bbox 161 397 1269 456; baseline -0.008 -11"><span class='ocrx_word' id='word_1_35' title='bbox 161 411 212 444; x_wconf 83' lang='lat' dir='ltr'><em>cit</em></span> <span class='ocrx_word' id='word_1_36' title='bbox 241 418 310 456; x_wconf 87' lang='lat' dir='ltr'><em>per</em></span> <span class='ocrx_word' id='word_1_37' title='bbox 337 403 543 442; x_wconf 65' lang='lat' dir='ltr'><em>lavacrum</em></span> <span class='ocrx_word' id='word_1_38' title='bbox 565 403 902 453; x_wconf 75' lang='lat' dir='ltr'><em>regenerationis.</em></span> <span class='ocrx_word' id='word_1_39' title='bbox 933 399 1034 450; x_wconf 72' lang='lat' dir='ltr'><em>Ergo</em></span> <span class='ocrx_word' id='word_1_40' title='bbox 1061 413 1130 437; x_wconf 88' lang='lat' dir='ltr'><em>nec</em></span> <span class='ocrx_word' id='word_1_41' title='bbox 1160 397 1269 436; x_wconf 84' lang='lat' dir='ltr'><em>illam</em></span> 
     </span>
     <span class='ocr_line' id='line_1_8' title="bbox 161 454 1267 509; baseline -0.007 -11"><span class='ocrx_word' id='word_1_42' title='bbox 161 459 303 500; x_wconf 80' lang='lat' dir='ltr'><em>Christi</em></span> <span class='ocrx_word' id='word_1_43' title='bbox 333 456 616 509; x_wconf 72' lang='lat' dir='ltr'><em>generationem</em></span> <span class='ocrx_word' id='word_1_44' title='bbox 643 454 775 506; x_wconf 84' lang='lat' dir='ltr'><em>aliqua</em></span> <span class='ocrx_word' id='word_1_45' title='bbox 803 456 937 492; x_wconf 82' lang='lat' dir='ltr'><em>merita</em></span> <span class='ocrx_word' id='word_1_46' title='bbox 968 462 1267 505; x_wconf 73' lang='lat' dir='ltr'><em>praecesserunt.</em></span> 
     </span>
    </p>

    <p class='ocr_par' dir='ltr' id='par_1_3' title="bbox 157 505 1272 935">
     <span class='ocr_line' id='line_1_9' title="bbox 216 505 1269 561; baseline -0.008 -11"><span class='ocrx_word' id='word_1_47' title='bbox 216 513 309 558; x_wconf 80' lang='grc'><strong><em>440.</em></strong></span> <span class='ocrx_word' id='word_1_48' title='bbox 341 506 387 548; x_wconf 86' lang='lat' dir='ltr'><em>Et</em></span> <span class='ocrx_word' id='word_1_49' title='bbox 416 508 571 561; x_wconf 87' lang='lat' dir='ltr'><em>quidem</em></span> <span class='ocrx_word' id='word_1_50' title='bbox 601 520 675 547; x_wconf 88' lang='lat' dir='ltr'><em>non</em></span> <span class='ocrx_word' id='word_1_51' title='bbox 708 517 910 560; x_wconf 85' lang='lat' dir='ltr'><em>potuerunt</em></span> <span class='ocrx_word' id='word_1_52' title='bbox 952 505 1168 556; x_wconf 78' lang='lat' dir='ltr'><em>praecedere</em></span> <span class='ocrx_word' id='word_1_53' title='bbox 1197 505 1269 543; x_wconf 81' lang='lat' dir='ltr'><em>ali-</em></span> 
     </span>
     <span class='ocr_line' id='line_1_10' title="bbox 161 558 1269 619; baseline -0.009 -16"><span class='ocrx_word' id='word_1_54' title='bbox 161 580 238 619; x_wconf 85' lang='lat' dir='ltr'><em>qua</em></span> <span class='ocrx_word' id='word_1_55' title='bbox 268 564 384 615; x_wconf 89' lang='lat' dir='ltr'><em>ipsius</em></span> <span class='ocrx_word' id='word_1_56' title='bbox 411 562 552 601; x_wconf 87' lang='lat' dir='ltr'><em>Christi</em></span> <span class='ocrx_word' id='word_1_57' title='bbox 596 562 757 606; x_wconf 82' lang='lat' dir='ltr'><em>merita3</em></span> <span class='ocrx_word' id='word_1_58' title='bbox 804 573 876 597; x_wconf 88' lang='lat' dir='ltr'><em>non</em></span> <span class='ocrx_word' id='word_1_59' title='bbox 915 561 1015 594; x_wconf 86' lang='lat' dir='ltr'><em>euim</em></span> <span class='ocrx_word' id='word_1_60' title='bbox 1059 566 1168 595; x_wconf 87' lang='lat' dir='ltr'><em>antea</em></span> <span class='ocrx_word' id='word_1_61' title='bbox 1198 558 1269 595; x_wconf 82' lang='lat' dir='ltr'><em>fuit</em></span> 
     </span>
     <span class='ocr_line' id='line_1_11' title="bbox 162 609 1271 670; baseline -0.006 -15"><span class='ocrx_word' id='word_1_62' title='bbox 162 631 281 670; x_wconf 79' lang='lat' dir='ltr'><em>purus</em></span> <span class='ocrx_word' id='word_1_63' title='bbox 310 616 449 665; x_wconf 83' lang='lat' dir='ltr'><em>homo,</em></span> <span class='ocrx_word' id='word_1_64' title='bbox 497 615 598 652; x_wconf 86' lang='lat' dir='ltr'><em>unde</em></span> <span class='ocrx_word' id='word_1_65' title='bbox 628 614 765 651; x_wconf 88' lang='lat' dir='ltr'><em>mereri</em></span> <span class='ocrx_word' id='word_1_66' title='bbox 809 619 956 664; x_wconf 84' lang='lat' dir='ltr'><em>posset,</em></span> <span class='ocrx_word' id='word_1_67' title='bbox 1003 610 1038 646; x_wconf 93' lang='grc'><em>8(</em></span> <span class='ocrx_word' id='word_1_68' title='bbox 1069 619 1194 662; x_wconf 86' lang='lat' dir='ltr'><em>postea</em></span> <span class='ocrx_word' id='word_1_69' title='bbox 1223 609 1271 648; x_wconf 84' lang='lat' dir='ltr'><em>ad</em></span> 
     </span>
     <span class='ocr_line' id='line_1_12' title="bbox 159 663 1269 722; baseline -0.007 -14"><span class='ocrx_word' id='word_1_70' title='bbox 159 671 435 722; x_wconf 85' lang='lat' dir='ltr'><em>hvpostaticam</em></span> <span class='ocrx_word' id='word_1_71' title='bbox 454 669 630 707; x_wconf 88' lang='lat' dir='ltr'><em>unionem</em></span> <span class='ocrx_word' id='word_1_72' title='bbox 651 674 863 716; x_wconf 84' lang='lat' dir='ltr'><em>assumptus</em></span> <span class='ocrx_word' id='word_1_73' title='bbox 880 679 890 709; x_wconf 91' lang='lat'>;</span> <span class='ocrx_word' id='word_1_74' title='bbox 920 663 982 702; x_wconf 88' lang='lat' dir='ltr'><em>sed</em></span> <span class='ocrx_word' id='word_1_75' title='bbox 1002 678 1024 701; x_wconf 89' lang='lat' dir='ltr'><em>a</em></span> <span class='ocrx_word' id='word_1_76' title='bbox 1044 665 1173 715; x_wconf 89' lang='lat' dir='ltr'><em>primo</em></span> <span class='ocrx_word' id='word_1_77' title='bbox 1191 677 1269 702; x_wconf 80' lang='lat' dir='ltr'><em>suae</em></span> 
     </span>
     <span class='ocr_line' id='line_1_13' title="bbox 159 715 1271 776; baseline -0.009 -13"><span class='ocrx_word' id='word_1_78' title='bbox 159 717 419 776; x_wconf 77' lang='lat' dir='ltr'><em>conceptionis</em></span> <span class='ocrx_word' id='word_1_79' title='bbox 446 721 599 760; x_wconf 84' lang='lat' dir='ltr'><em>instanti</em></span> <span class='ocrx_word' id='word_1_80' title='bbox 630 720 703 758; x_wconf 79' lang='lat' dir='ltr'><em>fuit</em></span> <span class='ocrx_word' id='word_1_81' title='bbox 718 718 822 756; x_wconf 85' lang='lat' dir='ltr'><em>filius</em></span> <span class='ocrx_word' id='word_1_82' title='bbox 840 717 933 764; x_wconf 84' lang='lat' dir='ltr'><em>Dei,</em></span> <span class='ocrx_word' id='word_1_83' title='bbox 963 725 1090 768; x_wconf 82' lang='lat' dir='ltr'><em>utpote</em></span> <span class='ocrx_word' id='word_1_84' title='bbox 1110 730 1183 755; x_wconf 87' lang='lat' dir='ltr'><em>non</em></span> <span class='ocrx_word' id='word_1_85' title='bbox 1204 715 1271 754; x_wconf 84' lang='lat' dir='ltr'><em>ha-</em></span> 
     </span>
     <span class='ocr_line' id='line_1_14' title="bbox 157 770 1272 827; baseline -0.008 -11"><span class='ocrx_word' id='word_1_86' title='bbox 157 779 253 817; x_wconf 87' lang='lat' dir='ltr'><em>bens</em></span> <span class='ocrx_word' id='word_1_87' title='bbox 281 776 397 814; x_wconf 86' lang='lat' dir='ltr'><em>aliam</em></span> <span class='ocrx_word' id='word_1_88' title='bbox 427 774 688 827; x_wconf 83' lang='lat' dir='ltr'><em>hypostasim,</em></span> <span class='ocrx_word' id='word_1_89' title='bbox 719 770 778 810; x_wconf 91' lang='lat' dir='ltr'><em>vel</em></span> <span class='ocrx_word' id='word_1_90' title='bbox 807 771 1087 809; x_wconf 77' lang='lat' dir='ltr'><em>subsistentiam</em></span> <span class='ocrx_word' id='word_1_91' title='bbox 1105 800 1115 818; x_wconf 91' lang='lat'><em>,</em></span> <span class='ocrx_word' id='word_1_92' title='bbox 1152 783 1272 822; x_wconf 78' lang='lat' dir='ltr'><em>quam</em></span> 
     </span>
     <span class='ocr_line' id='line_1_15' title="bbox 159 823 1272 877; baseline -0.007 -7"><span class='ocrx_word' id='word_1_93' title='bbox 159 829 255 870; x_wconf 86' lang='lat' dir='ltr'><em>Filii</em></span> <span class='ocrx_word' id='word_1_94' title='bbox 283 830 384 869; x_wconf 89' lang='lat' dir='ltr'><em>Dei.</em></span> <span class='ocrx_word' id='word_1_95' title='bbox 427 828 475 867; x_wconf 83' lang='lat' dir='ltr'><em>Et</em></span> <span class='ocrx_word' id='word_1_96' title='bbox 506 827 590 865; x_wconf 91' lang='lat' dir='ltr'><em>ideo</em></span> <span class='ocrx_word' id='word_1_97' title='bbox 617 827 739 864; x_wconf 86' lang='lat' dir='ltr'><em>omnis</em></span> <span class='ocrx_word' id='word_1_98' title='bbox 768 824 850 877; x_wconf 85' lang='lat' dir='ltr'><em>ejus</em></span> <span class='ocrx_word' id='word_1_99' title='bbox 877 825 1046 877; x_wconf 88' lang='lat' dir='ltr'><em>operatio</em></span> <span class='ocrx_word' id='word_1_100' title='bbox 1074 823 1272 863; x_wconf 82' lang='lat' dir='ltr'><em>subsecuta</em></span> 
     </span>
     <span class='ocr_line' id='line_1_16' title="bbox 159 881 757 935; baseline -0.008 -12"><span class='ocrx_word' id='word_1_101' title='bbox 159 895 213 925; x_wconf 88' lang='lat' dir='ltr'><em>est</em></span> <span class='ocrx_word' id='word_1_102' title='bbox 244 884 421 922; x_wconf 88' lang='lat' dir='ltr'><em>unionem</em></span> <span class='ocrx_word' id='word_1_103' title='bbox 451 881 728 935; x_wconf 81' lang='lat' dir='ltr'><em>hypostaticam</em></span> <span class='ocrx_word' id='word_1_104' title='bbox 747 905 757 918; x_wconf 86' lang='lat'><strong>.</strong></span> 
     </span>
    </p>

    <p class='ocr_par' dir='ltr' id='par_1_4' title="bbox 160 929 1275 1942">
     <span class='ocr_line' id='line_1_17' title="bbox 216 929 1272 986; baseline -0.006 -11"><span class='ocrx_word' id='word_1_105' title='bbox 216 937 309 983; x_wconf 71' lang='lat'><strong>44¹.</strong></span> <span class='ocrx_word' id='word_1_106' title='bbox 338 966 365 985; x_wconf 86' lang='lat'><em>,‚</em></span> <span class='ocrx_word' id='word_1_107' title='bbox 395 935 469 974; x_wconf 79' lang='lat' dir='ltr'><em>Sed</em></span> <span class='ocrx_word' id='word_1_108' title='bbox 499 948 648 986; x_wconf 85' lang='lat' dir='ltr'><em>neque,</em></span> <span class='ocrx_word' id='word_1_109' title='bbox 679 933 922 985; x_wconf 83' lang='lat' dir='ltr'><em>prosequitur</em></span> <span class='ocrx_word' id='word_1_110' title='bbox 951 930 991 968; x_wconf 88' lang='lat' dir='ltr'><em>S.</em></span> <span class='ocrx_word' id='word_1_111' title='bbox 1014 929 1203 980; x_wconf 81' lang='lat' dir='ltr'><em>Thomas,</em></span> <span class='ocrx_word' id='word_1_112' title='bbox 1231 944 1272 969; x_wconf 94' lang='lat' dir='ltr'><em>o-</em></span> 
     </span>
     <span class='ocr_line' id='line_1_18' title="bbox 162 983 1272 1043; baseline -0.005 -15"><span class='ocrx_word' id='word_1_113' title='bbox 162 1022 189 1040; x_wconf 82' lang='lat'><strong>„</strong></span> <span class='ocrx_word' id='word_1_114' title='bbox 218 1004 309 1043; x_wconf 85' lang='lat' dir='ltr'><em>pera</em></span> <span class='ocrx_word' id='word_1_115' title='bbox 337 989 492 1028; x_wconf 84' lang='lat' dir='ltr'><em>alterius</em></span> <span class='ocrx_word' id='word_1_116' title='bbox 535 987 814 1038; x_wconf 81' lang='lat' dir='ltr'><em>cujuscumque</em></span> <span class='ocrx_word' id='word_1_117' title='bbox 858 983 1025 1022; x_wconf 90' lang='lat' dir='ltr'><em>hominis</em></span> <span class='ocrx_word' id='word_1_118' title='bbox 1067 993 1272 1037; x_wconf 88' lang='lat' dir='ltr'><em>potuerunt</em></span> 
     </span>
     <span class='ocr_line' id='line_1_19' title="bbox 221 1036 1273 1092; baseline -0.007 -10"><span class='ocrx_word' id='word_1_119' title='bbox 221 1058 297 1082; x_wconf 86' lang='lat' dir='ltr'><em>esse</em></span> <span class='ocrx_word' id='word_1_120' title='bbox 325 1044 518 1081; x_wconf 86' lang='lat' dir='ltr'><em>meritoria</em></span> <span class='ocrx_word' id='word_1_121' title='bbox 547 1040 663 1092; x_wconf 84' lang='lat' dir='ltr'><em>hujus</em></span> <span class='ocrx_word' id='word_1_122' title='bbox 692 1039 844 1077; x_wconf 88' lang='lat' dir='ltr'><em>unionis</em></span> <span class='ocrx_word' id='word_1_123' title='bbox 863 1050 917 1075; x_wconf 78' lang='lat' dir='ltr'><em>ex</em></span> <span class='ocrx_word' id='word_1_124' title='bbox 937 1036 1161 1090; x_wconf 76' lang='lat' dir='ltr'><em>condigno.</em></span> <span class='ocrx_word' id='word_1_125' title='bbox 1190 1037 1273 1076; x_wconf 85' lang='lat' dir='ltr'><em>Pri-</em></span> 
     </span>
     <span class='ocr_line' id='line_1_20' title="bbox 162 1090 1273 1150; baseline -0.006 -15"><span class='ocrx_word' id='word_1_126' title='bbox 162 1129 189 1147; x_wconf 85' lang='lat'>„</span> <span class='ocrx_word' id='word_1_127' title='bbox 219 1110 282 1135; x_wconf 85' lang='lat' dir='ltr'><em>mo</em></span> <span class='ocrx_word' id='word_1_128' title='bbox 311 1096 490 1150; x_wconf 87' lang='lat' dir='ltr'><em>quidem,</em></span> <span class='ocrx_word' id='word_1_129' title='bbox 519 1095 613 1146; x_wconf 85' lang='lat' dir='ltr'><em>quia</em></span> <span class='ocrx_word' id='word_1_130' title='bbox 641 1107 756 1145; x_wconf 89' lang='lat' dir='ltr'><em>opera</em></span> <span class='ocrx_word' id='word_1_131' title='bbox 786 1092 980 1130; x_wconf 85' lang='lat' dir='ltr'><em>meritoria</em></span> <span class='ocrx_word' id='word_1_132' title='bbox 1001 1090 1166 1129; x_wconf 84' lang='lat' dir='ltr'><em>hominis</em></span> <span class='ocrx_word' id='word_1_133' title='bbox 1186 1104 1273 1143; x_wconf 87' lang='lat' dir='ltr'><em>pro-</em></span> 
     </span>
     <span class='ocr_line' id='line_1_21' title="bbox 161 1145 1274 1203; baseline -0.007 -14"><span class='ocrx_word' id='word_1_134' title='bbox 161 1182 188 1200; x_wconf 75' lang='lat'><em>„</em></span> <span class='ocrx_word' id='word_1_135' title='bbox 218 1152 299 1203; x_wconf 90' lang='lat' dir='ltr'><em>prie</em></span> <span class='ocrx_word' id='word_1_136' title='bbox 328 1150 553 1188; x_wconf 81' lang='lat' dir='ltr'><em>ordinantur</em></span> <span class='ocrx_word' id='word_1_137' title='bbox 581 1147 629 1186; x_wconf 84' lang='lat' dir='ltr'><em>ad</em></span> <span class='ocrx_word' id='word_1_138' title='bbox 656 1147 932 1185; x_wconf 84' lang='lat' dir='ltr'><em>beatitudinem</em></span> <span class='ocrx_word' id='word_1_139' title='bbox 950 1175 961 1194; x_wconf 85' lang='lat'><em>,</em></span> <span class='ocrx_word' id='word_1_140' title='bbox 998 1157 1087 1197; x_wconf 81' lang='lat' dir='ltr'><em>quae</em></span> <span class='ocrx_word' id='word_1_141' title='bbox 1116 1153 1168 1183; x_wconf 87' lang='lat' dir='ltr'><em>est</em></span> <span class='ocrx_word' id='word_1_142' title='bbox 1196 1145 1274 1183; x_wconf 89' lang='lat' dir='ltr'><em>vir-</em></span> 
     </span>
     <span class='ocr_line' id='line_1_22' title="bbox 163 1198 1273 1256; baseline -0.007 -14"><span class='ocrx_word' id='word_1_143' title='bbox 163 1235 189 1254; x_wconf 90' lang='lat'><strong>„</strong></span> <span class='ocrx_word' id='word_1_144' title='bbox 218 1205 306 1242; x_wconf 83' lang='lat' dir='ltr'><em>tutis</em></span> <span class='ocrx_word' id='word_1_145' title='bbox 335 1204 542 1256; x_wconf 72' lang='lat' dir='ltr'><em>praemium</em></span> <span class='ocrx_word' id='word_1_146' title='bbox 560 1229 571 1249; x_wconf 83' lang='lat'><em>,</em></span> <span class='ocrx_word' id='word_1_147' title='bbox 601 1200 635 1237; x_wconf 87' lang='grc'><em>8(</em></span> <span class='ocrx_word' id='word_1_148' title='bbox 664 1200 832 1239; x_wconf 83' lang='lat' dir='ltr'><em>consistit</em></span> <span class='ocrx_word' id='word_1_149' title='bbox 861 1200 899 1237; x_wconf 88' lang='lat' dir='ltr'><em>in</em></span> <span class='ocrx_word' id='word_1_150' title='bbox 928 1198 1043 1251; x_wconf 89' lang='lat' dir='ltr'><em>plena</em></span> <span class='ocrx_word' id='word_1_151' title='bbox 1071 1198 1146 1237; x_wconf 86' lang='lat' dir='ltr'><em>Dei</em></span> <span class='ocrx_word' id='word_1_152' title='bbox 1176 1198 1273 1236; x_wconf 87' lang='lat' dir='ltr'><em>frui-</em></span> 
     </span>
     <span class='ocr_line' id='line_1_23' title="bbox 162 1252 1272 1306; baseline -0.006 -10"><span class='ocrx_word' id='word_1_153' title='bbox 162 1287 190 1306; x_wconf 82' lang='lat'>„</span> <span class='ocrx_word' id='word_1_154' title='bbox 221 1259 322 1296; x_wconf 85' lang='lat' dir='ltr'><em>tione</em></span> <span class='ocrx_word' id='word_1_155' title='bbox 339 1284 350 1294; x_wconf 93' lang='lat'><strong>.</strong></span> <span class='ocrx_word' id='word_1_156' title='bbox 379 1256 481 1294; x_wconf 89' lang='lat' dir='ltr'><em>Unio</em></span> <span class='ocrx_word' id='word_1_157' title='bbox 508 1263 636 1293; x_wconf 84' lang='lat' dir='ltr'><em>antem</em></span> <span class='ocrx_word' id='word_1_158' title='bbox 658 1253 950 1300; x_wconf 71' lang='lat' dir='ltr'><em>incarnationis,</em></span> <span class='ocrx_word' id='word_1_159' title='bbox 981 1266 1070 1291; x_wconf 88' lang='lat' dir='ltr'><em>cum</em></span> <span class='ocrx_word' id='word_1_160' title='bbox 1090 1254 1136 1290; x_wconf 86' lang='lat' dir='ltr'><em>sit</em></span> <span class='ocrx_word' id='word_1_161' title='bbox 1156 1252 1196 1290; x_wconf 91' lang='lat' dir='ltr'><em>in</em></span> <span class='ocrx_word' id='word_1_162' title='bbox 1217 1266 1272 1289; x_wconf 83' lang='lat' dir='ltr'><em>es-</em></span> 
     </span>
     <span class='ocr_line' id='line_1_24' title="bbox 161 1306 1273 1363; baseline -0.005 -14"><span class='ocrx_word' id='word_1_163' title='bbox 161 1341 189 1360; x_wconf 85' lang='lat'><em>„</em></span> <span class='ocrx_word' id='word_1_164' title='bbox 219 1325 257 1349; x_wconf 84' lang='lat' dir='ltr'><em>se</em></span> <span class='ocrx_word' id='word_1_165' title='bbox 287 1309 494 1363; x_wconf 77' lang='lat' dir='ltr'><em>personali,</em></span> <span class='ocrx_word' id='word_1_166' title='bbox 524 1307 753 1345; x_wconf 79' lang='lat' dir='ltr'><em>transcendit</em></span> <span class='ocrx_word' id='word_1_167' title='bbox 782 1307 960 1344; x_wconf 86' lang='lat' dir='ltr'><em>unionem</em></span> <span class='ocrx_word' id='word_1_168' title='bbox 981 1306 1102 1345; x_wconf 82' lang='lat' dir='ltr'><em>beatae</em></span> <span class='ocrx_word' id='word_1_169' title='bbox 1135 1306 1273 1344; x_wconf 82' lang='lat' dir='ltr'><em>mentis</em></span> 
     </span>
     <span class='ocr_line' id='line_1_25' title="bbox 160 1359 1275 1414; baseline -0.006 -12"><span class='ocrx_word' id='word_1_170' title='bbox 160 1392 187 1412; x_wconf 87' lang='lat'>„</span> <span class='ocrx_word' id='word_1_171' title='bbox 217 1364 264 1402; x_wconf 79' lang='lat' dir='ltr'><em>ad</em></span> <span class='ocrx_word' id='word_1_172' title='bbox 294 1364 446 1410; x_wconf 88' lang='lat' dir='ltr'><em>Deum,</em></span> <span class='ocrx_word' id='word_1_173' title='bbox 475 1374 563 1414; x_wconf 82' lang='lat' dir='ltr'><em>quae</em></span> <span class='ocrx_word' id='word_1_174' title='bbox 594 1370 645 1398; x_wconf 90' lang='lat' dir='ltr'><em>est</em></span> <span class='ocrx_word' id='word_1_175' title='bbox 674 1373 742 1411; x_wconf 88' lang='lat' dir='ltr'><em>per</em></span> <span class='ocrx_word' id='word_1_176' title='bbox 769 1369 896 1398; x_wconf 85' lang='lat' dir='ltr'><em>actum</em></span> <span class='ocrx_word' id='word_1_177' title='bbox 917 1360 1095 1398; x_wconf 83' lang='lat' dir='ltr'><em>fruentis:</em></span> <span class='ocrx_word' id='word_1_178' title='bbox 1125 1359 1159 1395; x_wconf 91' lang='grc'><em>8(</em></span> <span class='ocrx_word' id='word_1_179' title='bbox 1188 1359 1275 1396; x_wconf 83' lang='lat' dir='ltr'><em>ideo</em></span> 
     </span>
     <span class='ocr_line' id='line_1_26' title="bbox 160 1413 1274 1468; baseline -0.004 -15"><span class='ocrx_word' id='word_1_180' title='bbox 160 1445 188 1465; x_wconf 87' lang='lat'><em>„</em></span> <span class='ocrx_word' id='word_1_181' title='bbox 218 1429 290 1454; x_wconf 87' lang='lat' dir='ltr'><em>non</em></span> <span class='ocrx_word' id='word_1_182' title='bbox 320 1425 435 1468; x_wconf 87' lang='lat' dir='ltr'><em>potest</em></span> <span class='ocrx_word' id='word_1_183' title='bbox 462 1415 597 1453; x_wconf 84' lang='lat' dir='ltr'><em>cadere</em></span> <span class='ocrx_word' id='word_1_184' title='bbox 626 1413 698 1452; x_wconf 88' lang='lat' dir='ltr'><em>sub</em></span> <span class='ocrx_word' id='word_1_185' title='bbox 727 1415 891 1461; x_wconf 82' lang='lat' dir='ltr'><em>merito,</em></span> <span class='ocrx_word' id='word_1_186' title='bbox 921 1414 1014 1465; x_wconf 83' lang='lat' dir='ltr'><em>quia</em></span> <span class='ocrx_word' id='word_1_187' title='bbox 1042 1422 1096 1451; x_wconf 89' lang='lat' dir='ltr'><em>est</em></span> <span class='ocrx_word' id='word_1_188' title='bbox 1124 1425 1274 1453; x_wconf 87' lang='lat' dir='ltr'><em>meren-</em></span> 
     </span>
     <span class='ocr_line' id='line_1_27' title="bbox 161 1466 1274 1522; baseline -0.005 -14"><span class='ocrx_word' id='word_1_189' title='bbox 161 1499 189 1518; x_wconf 87' lang='lat'><strong>„</strong></span> <span class='ocrx_word' id='word_1_190' title='bbox 218 1470 256 1508; x_wconf 86' lang='lat' dir='ltr'><em>di</em></span> <span class='ocrx_word' id='word_1_191' title='bbox 286 1470 526 1522; x_wconf 84' lang='lat' dir='ltr'><em>principium</em></span> <span class='ocrx_word' id='word_1_192' title='bbox 545 1494 555 1506; x_wconf 88' lang='lat'><strong>.</strong></span> <span class='ocrx_word' id='word_1_193' title='bbox 602 1466 713 1505; x_wconf 86' lang='lat' dir='ltr'><em>Unde</em></span> <span class='ocrx_word' id='word_1_194' title='bbox 743 1466 863 1505; x_wconf 82' lang='lat' dir='ltr'><em>multo</em></span> <span class='ocrx_word' id='word_1_195' title='bbox 906 1469 1030 1504; x_wconf 88' lang='lat' dir='ltr'><em>miuus</em></span> <span class='ocrx_word' id='word_1_196' title='bbox 1058 1467 1274 1505; x_wconf 85' lang='lat' dir='ltr'><em>Incarnatio</em></span> 
     </span>
     <span class='ocr_line' id='line_1_28' title="bbox 162 1521 1273 1573; baseline -0.004 -13"><span class='ocrx_word' id='word_1_197' title='bbox 162 1551 188 1572; x_wconf 85' lang='lat'><strong>„</strong></span> <span class='ocrx_word' id='word_1_198' title='bbox 217 1523 319 1561; x_wconf 88' lang='lat' dir='ltr'><em>cadit</em></span> <span class='ocrx_word' id='word_1_199' title='bbox 346 1523 418 1561; x_wconf 88' lang='lat' dir='ltr'><em>sub</em></span> <span class='ocrx_word' id='word_1_200' title='bbox 448 1523 610 1570; x_wconf 89' lang='lat' dir='ltr'><em>merito,</em></span> <span class='ocrx_word' id='word_1_201' title='bbox 639 1534 728 1573; x_wconf 82' lang='lat' dir='ltr'><em>quae</em></span> <span class='ocrx_word' id='word_1_202' title='bbox 758 1529 810 1557; x_wconf 85' lang='lat' dir='ltr'><em>est</em></span> <span class='ocrx_word' id='word_1_203' title='bbox 840 1521 1079 1572; x_wconf 86' lang='lat' dir='ltr'><em>principium</em></span> <span class='ocrx_word' id='word_1_204' title='bbox 1109 1521 1243 1572; x_wconf 82' lang='lat' dir='ltr'><em>gratiae</em></span> <span class='ocrx_word' id='word_1_205' title='bbox 1262 1549 1273 1569; x_wconf 84' lang='lat'><em>,</em></span> 
     </span>
     <span class='ocr_line' id='line_1_29' title="bbox 162 1573 1274 1629; baseline -0.004 -15"><span class='ocrx_word' id='word_1_206' title='bbox 162 1606 189 1629; x_wconf 80' lang='lat'><strong>„</strong></span> <span class='ocrx_word' id='word_1_207' title='bbox 218 1577 427 1614; x_wconf 84' lang='lat' dir='ltr'><em>secundum</em></span> <span class='ocrx_word' id='word_1_208' title='bbox 456 1576 552 1613; x_wconf 88' lang='lat' dir='ltr'><em>illud</em></span> <span class='ocrx_word' id='word_1_209' title='bbox 581 1575 639 1613; x_wconf 82' lang='lat' dir='ltr'><em>Jo.</em></span> <span class='ocrx_word' id='word_1_210' title='bbox 670 1575 702 1612; x_wconf 90' lang='lat'><strong>1.</strong></span> <span class='ocrx_word' id='word_1_211' title='bbox 738 1587 798 1625; x_wconf 84' lang='lat'><strong>¹7.</strong></span> <span class='ocrx_word' id='word_1_212' title='bbox 843 1573 1019 1621; x_wconf 63' lang='lat' dir='ltr'><em>Gratia,</em></span> <span class='ocrx_word' id='word_1_213' title='bbox 1049 1575 1098 1615; x_wconf 66' lang='lat'><em>(⁶)</em></span> <span class='ocrx_word' id='word_1_214' title='bbox 1129 1576 1274 1613; x_wconf 70' lang='lat' dir='ltr'><em>veritas</em></span> 
     </span>
     <span class='ocr_line' id='line_1_30' title="bbox 163 1626 1275 1679; baseline -0.003 -12"><span class='ocrx_word' id='word_1_215' title='bbox 163 1659 191 1677; x_wconf 87' lang='lat'><strong>„</strong></span> <span class='ocrx_word' id='word_1_216' title='bbox 220 1642 288 1679; x_wconf 84' lang='lat' dir='ltr'><em>per</em></span> <span class='ocrx_word' id='word_1_217' title='bbox 315 1628 451 1667; x_wconf 71' lang='lat' dir='ltr'><em>Jeszmz</em></span> <span class='ocrx_word' id='word_1_218' title='bbox 483 1627 680 1666; x_wconf 70' lang='lat' dir='ltr'><em>Christum</em></span> <span class='ocrx_word' id='word_1_219' title='bbox 697 1626 827 1679; x_wconf 79' lang='lat' dir='ltr'><em>facta</em></span> <span class='ocrx_word' id='word_1_220' title='bbox 855 1636 912 1664; x_wconf 86' lang='lat' dir='ltr'><em>est</em></span> <span class='ocrx_word' id='word_1_221' title='bbox 933 1655 943 1666; x_wconf 88' lang='lat'><strong>.</strong></span> <span class='ocrx_word' id='word_1_222' title='bbox 992 1627 1150 1675; x_wconf 87' lang='lat' dir='ltr'><em>Tertio,</em></span> <span class='ocrx_word' id='word_1_223' title='bbox 1180 1628 1275 1679; x_wconf 86' lang='lat' dir='ltr'><em>quia</em></span> 
     </span>
     <span class='ocr_line' id='line_1_31' title="bbox 161 1680 1273 1731; baseline -0.002 -11"><span class='ocrx_word' id='word_1_224' title='bbox 161 1709 192 1731; x_wconf 86' lang='lat'>„</span> <span class='ocrx_word' id='word_1_225' title='bbox 220 1682 435 1720; x_wconf 79' lang='lat' dir='ltr'><em>Incarnatio</em></span> <span class='ocrx_word' id='word_1_226' title='bbox 461 1683 604 1720; x_wconf 85' lang='lat' dir='ltr'><em>Christi</em></span> <span class='ocrx_word' id='word_1_227' title='bbox 634 1690 685 1718; x_wconf 88' lang='lat' dir='ltr'><em>est</em></span> <span class='ocrx_word' id='word_1_228' title='bbox 715 1681 959 1718; x_wconf 80' lang='lat' dir='ltr'><em>reformativa</em></span> <span class='ocrx_word' id='word_1_229' title='bbox 996 1682 1106 1720; x_wconf 71' lang='lat' dir='ltr'><em>tutius</em></span> <span class='ocrx_word' id='word_1_230' title='bbox 1136 1680 1273 1718; x_wconf 84' lang='lat' dir='ltr'><em>hnma-</em></span> 
     </span>
     <span class='ocr_line' id='line_1_32' title="bbox 165 1733 1273 1784; baseline -0.001 -11"><span class='ocrx_word' id='word_1_231' title='bbox 165 1765 192 1784; x_wconf 55' lang='grc' dir='ltr'><strong>υ</strong></span> <span class='ocrx_word' id='word_1_232' title='bbox 220 1748 282 1773; x_wconf 83' lang='lat' dir='ltr'><em>nae</em></span> <span class='ocrx_word' id='word_1_233' title='bbox 312 1743 489 1779; x_wconf 81' lang='lat' dir='ltr'><em>naturae3</em></span> <span class='ocrx_word' id='word_1_234' title='bbox 532 1733 565 1769; x_wconf 92' lang='grc'><em>8(</em></span> <span class='ocrx_word' id='word_1_235' title='bbox 596 1734 677 1771; x_wconf 88' lang='lat' dir='ltr'><em>ideo</em></span> <span class='ocrx_word' id='word_1_236' title='bbox 705 1746 780 1770; x_wconf 84' lang='lat' dir='ltr'><em>non</em></span> <span class='ocrx_word' id='word_1_237' title='bbox 811 1734 911 1771; x_wconf 84' lang='lat' dir='ltr'><em>cadit</em></span> <span class='ocrx_word' id='word_1_238' title='bbox 941 1734 1011 1772; x_wconf 90' lang='lat' dir='ltr'><em>sub</em></span> <span class='ocrx_word' id='word_1_239' title='bbox 1041 1736 1175 1772; x_wconf 79' lang='lat' dir='ltr'><em>merito</em></span> <span class='ocrx_word' id='word_1_240' title='bbox 1203 1733 1273 1772; x_wconf 81' lang='lat' dir='ltr'><em>ali-</em></span> 
     </span>
     <span class='ocr_line' id='line_1_33' title="bbox 163 1785 1274 1838; baseline -0.002 -12"><span class='ocrx_word' id='word_1_241' title='bbox 163 1818 190 1837; x_wconf 84' lang='lat'>„</span> <span class='ocrx_word' id='word_1_242' title='bbox 223 1789 334 1838; x_wconf 76' lang='lat' dir='ltr'><em>cnjus</em></span> <span class='ocrx_word' id='word_1_243' title='bbox 364 1787 529 1825; x_wconf 87' lang='lat' dir='ltr'><em>hominis</em></span> <span class='ocrx_word' id='word_1_244' title='bbox 558 1785 783 1837; x_wconf 77' lang='lat' dir='ltr'><em>singularis:</em></span> <span class='ocrx_word' id='word_1_245' title='bbox 813 1787 905 1837; x_wconf 87' lang='lat' dir='ltr'><em>quia</em></span> <span class='ocrx_word' id='word_1_246' title='bbox 932 1786 1078 1823; x_wconf 88' lang='lat' dir='ltr'><em>bonum</em></span> <span class='ocrx_word' id='word_1_247' title='bbox 1109 1786 1274 1836; x_wconf 81' lang='lat' dir='ltr'><em>alicujus</em></span> 
     </span>
     <span class='ocr_line' id='line_1_34' title="bbox 167 1838 1275 1892; baseline 0.001 -15"><span class='ocrx_word' id='word_1_248' title='bbox 167 1870 194 1890; x_wconf 87' lang='lat'>„</span> <span class='ocrx_word' id='word_1_249' title='bbox 223 1841 313 1892; x_wconf 87' lang='lat' dir='ltr'><em>puri</em></span> <span class='ocrx_word' id='word_1_250' title='bbox 343 1839 505 1878; x_wconf 88' lang='lat' dir='ltr'><em>hominis</em></span> <span class='ocrx_word' id='word_1_251' title='bbox 535 1852 611 1879; x_wconf 92' lang='lat' dir='ltr'><em>non</em></span> <span class='ocrx_word' id='word_1_252' title='bbox 639 1848 758 1891; x_wconf 84' lang='lat' dir='ltr'><em>potest</em></span> <span class='ocrx_word' id='word_1_253' title='bbox 792 1852 868 1876; x_wconf 84' lang='lat' dir='ltr'><em>esse</em></span> <span class='ocrx_word' id='word_1_254' title='bbox 897 1852 1011 1876; x_wconf 86' lang='lat' dir='ltr'><em>causa</em></span> <span class='ocrx_word' id='word_1_255' title='bbox 1039 1838 1131 1877; x_wconf 89' lang='lat' dir='ltr'><em>boni</em></span> <span class='ocrx_word' id='word_1_256' title='bbox 1162 1841 1275 1878; x_wconf 85' lang='lat' dir='ltr'><em>totius</em></span> 
     </span>
     <span class='ocr_line' id='line_1_35' title="bbox 166 1896 454 1942; baseline -0.003 -11"><span class='ocrx_word' id='word_1_257' title='bbox 166 1923 194 1942; x_wconf 93' lang='lat'><strong>„</strong></span> <span class='ocrx_word' id='word_1_258' title='bbox 223 1901 369 1931; x_wconf 73' lang='lat' dir='ltr'><em>naturae</em></span> <span class='ocrx_word' id='word_1_259' title='bbox 397 1896 425 1914; x_wconf 69' lang='lat'><em>‘⁶</em></span> <span class='ocrx_word' id='word_1_260' title='bbox 443 1917 454 1930; x_wconf 90' lang='grc'><strong><em>.</em></strong></span> 
     </span>
    </p>

    <p class='ocr_par' dir='ltr' id='par_1_5' title="bbox 161 1943 1277 2210">
     <span class='ocr_line' id='line_1_36' title="bbox 218 1943 1276 1997; baseline -0.001 -13"><span class='ocrx_word' id='word_1_261' title='bbox 218 1946 312 1992; x_wconf 73' lang='grc'><strong><em>442.</em></strong></span> <span class='ocrx_word' id='word_1_262' title='bbox 343 1945 414 1983; x_wconf 80' lang='lat' dir='ltr'><em>Ex</em></span> <span class='ocrx_word' id='word_1_263' title='bbox 442 1957 615 1997; x_wconf 77' lang='lat' dir='ltr'><em>congruo</em></span> <span class='ocrx_word' id='word_1_264' title='bbox 642 1953 782 1982; x_wconf 81' lang='lat' dir='ltr'><em>tamen</em></span> <span class='ocrx_word' id='word_1_265' title='bbox 811 1953 1041 1982; x_wconf 80' lang='lat' dir='ltr'><em>meruerunt</em></span> <span class='ocrx_word' id='word_1_266' title='bbox 1070 1944 1112 1983; x_wconf 88' lang='lat' dir='ltr'><em>S.</em></span> <span class='ocrx_word' id='word_1_267' title='bbox 1136 1943 1276 1983; x_wconf 78' lang='lat' dir='ltr'><em>Patres</em></span> 
     </span>
     <span class='ocr_line' id='line_1_37' title="bbox 165 1997 1274 2052; baseline -0.002 -15"><span class='ocrx_word' id='word_1_268' title='bbox 165 2002 182 2050; x_wconf 92' lang='lat'><strong>(</strong></span> <span class='ocrx_word' id='word_1_269' title='bbox 212 2009 324 2052; x_wconf 83' lang='lat' dir='ltr'><em>atque</em></span> <span class='ocrx_word' id='word_1_270' title='bbox 354 2001 450 2037; x_wconf 91' lang='lat' dir='ltr'><em>inter</em></span> <span class='ocrx_word' id='word_1_271' title='bbox 493 2013 552 2036; x_wconf 90' lang='lat' dir='ltr'><em>eos</em></span> <span class='ocrx_word' id='word_1_272' title='bbox 593 1999 833 2050; x_wconf 84' lang='lat' dir='ltr'><em>potissimum</em></span> <span class='ocrx_word' id='word_1_273' title='bbox 864 1997 1083 2035; x_wconf 83' lang='lat' dir='ltr'><em>Beatissima</em></span> <span class='ocrx_word' id='word_1_274' title='bbox 1112 1998 1231 2049; x_wconf 85' lang='lat' dir='ltr'><em>Virgo</em></span> <span class='ocrx_word' id='word_1_275' title='bbox 1259 1998 1274 2046; x_wconf 93' lang='lat'><strong>)</strong></span> 
     </span>
     <span class='ocr_line' id='line_1_38' title="bbox 161 2049 1277 2098; baseline -0.005 -6"><span class='ocrx_word' id='word_1_276' title='bbox 161 2052 496 2092; x_wconf 79' lang='lat' dir='ltr'><em>Incarnationem</em></span> <span class='ocrx_word' id='word_1_277' title='bbox 526 2049 790 2090; x_wconf 74' lang='lat' dir='ltr'><em>desiderando</em></span> <span class='ocrx_word' id='word_1_278' title='bbox 809 2080 819 2098; x_wconf 94' lang='lat'><em>,</em></span> <span class='ocrx_word' id='word_1_279' title='bbox 864 2051 913 2089; x_wconf 59' lang='grc' dir='ltr'><strong><em>ὢ</em></strong></span> <span class='ocrx_word' id='word_1_280' title='bbox 942 2049 1139 2098; x_wconf 79' lang='lat' dir='ltr'><em>petendo:</em></span> <span class='ocrx_word' id='word_1_281' title='bbox 1181 2062 1277 2087; x_wconf 87' lang='lat' dir='ltr'><em>con-</em></span> 
     </span>
     <span class='ocr_line' id='line_1_39' title="bbox 164 2102 1276 2160; baseline -0.004 -16"><span class='ocrx_word' id='word_1_282' title='bbox 164 2120 307 2160; x_wconf 73' lang='lat' dir='ltr'><em>gruum</em></span> <span class='ocrx_word' id='word_1_283' title='bbox 339 2111 447 2144; x_wconf 85' lang='lat' dir='ltr'><em>enim</em></span> <span class='ocrx_word' id='word_1_284' title='bbox 475 2114 591 2154; x_wconf 81' lang='lat' dir='ltr'><em>erat,</em></span> <span class='ocrx_word' id='word_1_285' title='bbox 627 2114 668 2141; x_wconf 88' lang='lat' dir='ltr'><em>ut</em></span> <span class='ocrx_word' id='word_1_286' title='bbox 696 2102 808 2142; x_wconf 85' lang='lat' dir='ltr'><em>Deus</em></span> <span class='ocrx_word' id='word_1_287' title='bbox 837 2102 1048 2141; x_wconf 69' lang='lat' dir='ltr'><em>exaudiret</em></span> <span class='ocrx_word' id='word_1_288' title='bbox 1075 2115 1169 2151; x_wconf 89' lang='lat' dir='ltr'><em>eos,</em></span> <span class='ocrx_word' id='word_1_289' title='bbox 1211 2106 1276 2153; x_wconf 78' lang='lat' dir='ltr'><em>qui</em></span> 
     </span>
     <span class='ocr_line' id='line_1_40' title="bbox 169 2156 843 2210; baseline -0.004 -12"><span class='ocrx_word' id='word_1_290' title='bbox 169 2164 206 2199; x_wconf 78' lang='lat' dir='ltr'><em>ei</em></span> <span class='ocrx_word' id='word_1_291' title='bbox 234 2158 464 2199; x_wconf 79' lang='lat' dir='ltr'><em>obediebant</em></span> <span class='ocrx_word' id='word_1_292' title='bbox 481 2186 491 2198; x_wconf 93' lang='lat'><strong>.</strong></span> <span class='ocrx_word' id='word_1_293' title='bbox 522 2160 575 2197; x_wconf 84' lang='lat' dir='ltr'><em>Ita</em></span> <span class='ocrx_word' id='word_1_294' title='bbox 605 2156 811 2210; x_wconf 81' lang='lat' dir='ltr'><em>Angelicus</em></span> <span class='ocrx_word' id='word_1_295' title='bbox 832 2183 843 2195; x_wconf 89' lang='lat'><strong>.</strong></span> 
     </span>
    </p>

    <p class='ocr_par' dir='ltr' id='par_1_6' title="bbox 164 2209 1279 2744">
     <span class='ocr_line' id='line_1_41' title="bbox 219 2209 1276 2266; baseline -0.004 -15"><span class='ocrx_word' id='word_1_296' title='bbox 219 2213 312 2259; x_wconf 81' lang='grc'><strong><em>445.</em></strong></span> <span class='ocrx_word' id='word_1_297' title='bbox 341 2214 509 2266; x_wconf 85' lang='lat' dir='ltr'><em>Opponit</em></span> <span class='ocrx_word' id='word_1_298' title='bbox 537 2221 662 2250; x_wconf 84' lang='lat' dir='ltr'><em>autem</em></span> <span class='ocrx_word' id='word_1_299' title='bbox 691 2210 765 2249; x_wconf 85' lang='lat' dir='ltr'><em>sibi</em></span> <span class='ocrx_word' id='word_1_300' title='bbox 795 2211 869 2263; x_wconf 89' lang='lat' dir='ltr'><em>ipsi</em></span> <span class='ocrx_word' id='word_1_301' title='bbox 899 2210 939 2249; x_wconf 92' lang='lat' dir='ltr'><em>S.</em></span> <span class='ocrx_word' id='word_1_302' title='bbox 969 2209 1136 2257; x_wconf 89' lang='lat' dir='ltr'><em>Doctor,</em></span> <span class='ocrx_word' id='word_1_303' title='bbox 1179 2209 1276 2247; x_wconf 83' lang='lat' dir='ltr'><em>anti-</em></span> 
     </span>
     <span class='ocr_line' id='line_1_42' title="bbox 165 2263 1276 2319; baseline -0.003 -15"><span class='ocrx_word' id='word_1_304' title='bbox 165 2280 262 2319; x_wconf 84' lang='lat' dir='ltr'><em>quos</em></span> <span class='ocrx_word' id='word_1_305' title='bbox 290 2265 415 2304; x_wconf 87' lang='lat' dir='ltr'><em>Patres</em></span> <span class='ocrx_word' id='word_1_306' title='bbox 443 2267 666 2318; x_wconf 88' lang='lat' dir='ltr'><em>promeritos</em></span> <span class='ocrx_word' id='word_1_307' title='bbox 696 2265 811 2302; x_wconf 82' lang='lat' dir='ltr'><em>fuisse</em></span> <span class='ocrx_word' id='word_1_308' title='bbox 841 2265 957 2302; x_wconf 86' lang='lat' dir='ltr'><em>vitam</em></span> <span class='ocrx_word' id='word_1_309' title='bbox 988 2271 1168 2301; x_wconf 84' lang='lat' dir='ltr'><em>aeternam</em></span> <span class='ocrx_word' id='word_1_310' title='bbox 1187 2292 1198 2311; x_wconf 91' lang='lat'><em>,</em></span> <span class='ocrx_word' id='word_1_311' title='bbox 1230 2263 1276 2301; x_wconf 88' lang='lat' dir='ltr'><em>ad</em></span> 
     </span>
     <span class='ocr_line' id='line_1_43' title="bbox 164 2317 1277 2372; baseline -0.004 -15"><span class='ocrx_word' id='word_1_312' title='bbox 164 2333 284 2372; x_wconf 83' lang='lat' dir='ltr'><em>quam</em></span> <span class='ocrx_word' id='word_1_313' title='bbox 313 2329 437 2358; x_wconf 86' lang='lat' dir='ltr'><em>tamen</em></span> <span class='ocrx_word' id='word_1_314' title='bbox 466 2320 614 2358; x_wconf 88' lang='lat' dir='ltr'><em>nonnisi</em></span> <span class='ocrx_word' id='word_1_315' title='bbox 637 2331 702 2371; x_wconf 87' lang='lat' dir='ltr'><em>per</em></span> <span class='ocrx_word' id='word_1_316' title='bbox 718 2317 838 2356; x_wconf 86' lang='lat' dir='ltr'><em>Verbi</em></span> <span class='ocrx_word' id='word_1_317' title='bbox 860 2317 1160 2355; x_wconf 84' lang='lat' dir='ltr'><em>lucarnationem</em></span> <span class='ocrx_word' id='word_1_318' title='bbox 1191 2329 1277 2367; x_wconf 85' lang='lat' dir='ltr'><em>per-</em></span> 
     </span>
     <span class='ocr_line' id='line_1_44' title="bbox 166 2369 1277 2426; baseline -0.005 -15"><span class='ocrx_word' id='word_1_319' title='bbox 166 2375 296 2412; x_wconf 81' lang='lat' dir='ltr'><em>venire</em></span> <span class='ocrx_word' id='word_1_320' title='bbox 326 2381 517 2426; x_wconf 85' lang='lat' dir='ltr'><em>poterant,</em></span> <span class='ocrx_word' id='word_1_321' title='bbox 547 2372 693 2410; x_wconf 87' lang='lat' dir='ltr'><em>dicente</em></span> <span class='ocrx_word' id='word_1_322' title='bbox 721 2371 762 2409; x_wconf 87' lang='lat' dir='ltr'><em>S.</em></span> <span class='ocrx_word' id='word_1_323' title='bbox 782 2370 968 2422; x_wconf 79' lang='lat' dir='ltr'><em>Gregorio</em></span> <span class='ocrx_word' id='word_1_324' title='bbox 995 2369 1067 2408; x_wconf 89' lang='lat' dir='ltr'><em>lib.</em></span> <span class='ocrx_word' id='word_1_325' title='bbox 1093 2370 1154 2407; x_wconf 84' lang='lat'><em>15.</em></span> <span class='ocrx_word' id='word_1_326' title='bbox 1185 2369 1277 2406; x_wconf 85' lang='lat' dir='ltr'><em>Mo-</em></span> 
     </span>
     <span class='ocr_line' id='line_1_45' title="bbox 165 2421 1276 2476; baseline -0.003 -13"><span class='ocrx_word' id='word_1_327' title='bbox 165 2427 314 2465; x_wconf 79' lang='lat' dir='ltr'><em>ralium</em></span> <span class='ocrx_word' id='word_1_328' title='bbox 343 2440 378 2465; x_wconf 90' lang='lat' dir='ltr'><em>c.</em></span> <span class='ocrx_word' id='word_1_329' title='bbox 412 2427 497 2466; x_wconf 85' lang='lat'><strong>15.:</strong></span> <span class='ocrx_word' id='word_1_330' title='bbox 546 2424 628 2472; x_wconf 88' lang='lat' dir='ltr'><em>Hi,</em></span> <span class='ocrx_word' id='word_1_331' title='bbox 671 2427 735 2476; x_wconf 82' lang='lat' dir='ltr'><em>qui</em></span> <span class='ocrx_word' id='word_1_332' title='bbox 763 2432 860 2462; x_wconf 85' lang='lat' dir='ltr'><em>ante</em></span> <span class='ocrx_word' id='word_1_333' title='bbox 893 2422 1033 2461; x_wconf 75' lang='lat' dir='ltr'><em>Christi</em></span> <span class='ocrx_word' id='word_1_334' title='bbox 1062 2421 1276 2461; x_wconf 65' lang='lat' dir='ltr'><em>adrentum</em></span> 
     </span>
     <span class='ocr_line' id='line_1_46' title="bbox 165 2474 1276 2529; baseline -0.005 -11"><span class='ocrx_word' id='word_1_335' title='bbox 165 2484 209 2518; x_wconf 68' lang='grc' dir='ltr'><em>ἐπ</em></span> <span class='ocrx_word' id='word_1_336' title='bbox 238 2479 338 2518; x_wconf 74' lang='lat' dir='ltr'><em>bunc</em></span> <span class='ocrx_word' id='word_1_337' title='bbox 368 2479 562 2518; x_wconf 73' lang='lat' dir='ltr'><em>muntium</em></span> <span class='ocrx_word' id='word_1_338' title='bbox 591 2486 804 2526; x_wconf 63' lang='lat' dir='ltr'><em>venerunt,</em></span> <span class='ocrx_word' id='word_1_339' title='bbox 844 2474 1136 2529; x_wconf 76' lang='lat' dir='ltr'><em>quantamlibet</em></span> <span class='ocrx_word' id='word_1_340' title='bbox 1159 2478 1276 2529; x_wconf 85' lang='lat' dir='ltr'><em>justi-</em></span> 
     </span>
     <span class='ocr_line' id='line_1_47' title="bbox 168 2529 1277 2582; baseline -0.003 -12"><span class='ocrx_word' id='word_1_341' title='bbox 168 2538 237 2571; x_wconf 83' lang='lat' dir='ltr'><em>tioe</em></span> <span class='ocrx_word' id='word_1_342' title='bbox 265 2537 444 2572; x_wconf 63' lang='lat' dir='ltr'><em>virtutem</em></span> <span class='ocrx_word' id='word_1_343' title='bbox 474 2531 688 2580; x_wconf 76' lang='lat' dir='ltr'><em>baberent,</em></span> <span class='ocrx_word' id='word_1_344' title='bbox 716 2544 770 2569; x_wconf 79' lang='lat' dir='ltr'><em>ex</em></span> <span class='ocrx_word' id='word_1_345' title='bbox 798 2531 1021 2582; x_wconf 79' lang='lat' dir='ltr'><em>corporibus</em></span> <span class='ocrx_word' id='word_1_346' title='bbox 1049 2529 1204 2579; x_wconf 71' lang='lat' dir='ltr'><em>educti,</em></span> <span class='ocrx_word' id='word_1_347' title='bbox 1234 2533 1277 2568; x_wconf 88' lang='lat' dir='ltr'><em>in</em></span> 
     </span>
     <span class='ocr_line' id='line_1_48' title="bbox 170 2582 1277 2637; baseline -0.003 -13"><span class='ocrx_word' id='word_1_348' title='bbox 170 2591 300 2625; x_wconf 83' lang='lat' dir='ltr'><em>sinum</em></span> <span class='ocrx_word' id='word_1_349' title='bbox 329 2588 498 2626; x_wconf 80' lang='lat' dir='ltr'><em>caelestis</em></span> <span class='ocrx_word' id='word_1_350' title='bbox 526 2589 670 2637; x_wconf 84' lang='lat' dir='ltr'><em>patrioe</em></span> <span class='ocrx_word' id='word_1_351' title='bbox 698 2589 838 2622; x_wconf 85' lang='lat' dir='ltr'><em>statim</em></span> <span class='ocrx_word' id='word_1_352' title='bbox 880 2589 1000 2637; x_wconf 82' lang='lat' dir='ltr'><em>recipi</em></span> <span class='ocrx_word' id='word_1_353' title='bbox 1027 2584 1133 2622; x_wconf 90' lang='lat' dir='ltr'><em>nullo</em></span> <span class='ocrx_word' id='word_1_354' title='bbox 1162 2582 1277 2622; x_wconf 76' lang='lat' dir='ltr'><em>modo</em></span> 
     </span>
     <span class='ocr_line' id='line_1_49' title="bbox 170 2638 1279 2692; baseline 0 -16"><span class='ocrx_word' id='word_1_355' title='bbox 170 2650 378 2690; x_wconf 80' lang='lat' dir='ltr'><em>poterant,</em></span> <span class='ocrx_word' id='word_1_356' title='bbox 409 2644 503 2692; x_wconf 84' lang='lat' dir='ltr'><em>quia</em></span> <span class='ocrx_word' id='word_1_357' title='bbox 531 2638 710 2678; x_wconf 79' lang='lat' dir='ltr'><em>nondum</em></span> <span class='ocrx_word' id='word_1_358' title='bbox 738 2639 814 2677; x_wconf 83' lang='lat' dir='ltr'><em>illis</em></span> <span class='ocrx_word' id='word_1_359' title='bbox 843 2648 1006 2677; x_wconf 73' lang='lat' dir='ltr'><em>venerat</em></span> <span class='ocrx_word' id='word_1_360' title='bbox 1024 2668 1034 2687; x_wconf 91' lang='lat'><em>,</em></span> <span class='ocrx_word' id='word_1_361' title='bbox 1063 2641 1129 2690; x_wconf 81' lang='lat' dir='ltr'><em>qui</em></span> <span class='ocrx_word' id='word_1_362' title='bbox 1150 2639 1279 2690; x_wconf 83' lang='lat' dir='ltr'><em>justo-</em></span> 
     </span>
     <span class='ocr_line' id='line_1_50' title="bbox 171 2690 1126 2744; baseline 0 -16"><span class='ocrx_word' id='word_1_363' title='bbox 171 2706 258 2730; x_wconf 78' lang='lat' dir='ltr'><em>rnm</em></span> <span class='ocrx_word' id='word_1_364' title='bbox 287 2698 450 2732; x_wconf 80' lang='lat' dir='ltr'><em>animas</em></span> <span class='ocrx_word' id='word_1_365' title='bbox 478 2698 519 2732; x_wconf 88' lang='lat' dir='ltr'><em>in</em></span> <span class='ocrx_word' id='word_1_366' title='bbox 550 2702 739 2744; x_wconf 79' lang='lat' dir='ltr'><em>perpetua</em></span> <span class='ocrx_word' id='word_1_367' title='bbox 766 2690 860 2731; x_wconf 78' lang='lat' dir='ltr'><em>secie</em></span> <span class='ocrx_word' id='word_1_368' title='bbox 888 2693 1126 2731; x_wconf 81' lang='lat' dir='ltr'><em>collocaret.</em></span> 
     </span>
    </p>

    <p class='ocr_par' dir='ltr' id='par_1_7' title="bbox 172 2743 1283 3222">
     <span class='ocr_line' id='line_1_51' title="bbox 227 2743 1281 2796; baseline -0.005 -9"><span class='ocrx_word' id='word_1_369' title='bbox 227 2746 316 2792; x_wconf 81' lang='grc'><strong><em>444.</em></strong></span> <span class='ocrx_word' id='word_1_370' title='bbox 343 2748 473 2796; x_wconf 84' lang='lat' dir='ltr'><em>Quam</em></span> <span class='ocrx_word' id='word_1_371' title='bbox 501 2745 769 2785; x_wconf 86' lang='lat' dir='ltr'><em>difficultatem</em></span> <span class='ocrx_word' id='word_1_372' title='bbox 798 2747 852 2784; x_wconf 85' lang='lat' dir='ltr'><em>ita</em></span> <span class='ocrx_word' id='word_1_373' title='bbox 880 2745 1066 2785; x_wconf 76' lang='lat' dir='ltr'><em>dissolvit:</em></span> <span class='ocrx_word' id='word_1_374' title='bbox 1096 2743 1173 2782; x_wconf 83' lang='lat' dir='ltr'><em>Est</em></span> <span class='ocrx_word' id='word_1_375' title='bbox 1189 2743 1281 2796; x_wconf 86' lang='lat' dir='ltr'><em>fal-</em></span> 
     </span>
     <span class='ocr_line' id='line_1_52' title="bbox 176 2797 1282 2852; baseline -0.003 -13"><span class='ocrx_word' id='word_1_376' title='bbox 176 2809 262 2835; x_wconf 72' lang='lat' dir='ltr'><em>sum</em></span> <span class='ocrx_word' id='word_1_377' title='bbox 279 2830 290 2848; x_wconf 86' lang='lat'><em>,</em></span> <span class='ocrx_word' id='word_1_378' title='bbox 335 2801 436 2852; x_wconf 74' lang='lat' dir='ltr'><em>quod</em></span> <span class='ocrx_word' id='word_1_379' title='bbox 464 2799 532 2840; x_wconf 83' lang='lat' dir='ltr'><em>sub</em></span> <span class='ocrx_word' id='word_1_380' title='bbox 560 2803 702 2839; x_wconf 87' lang='lat' dir='ltr'><em>merito</em></span> <span class='ocrx_word' id='word_1_381' title='bbox 730 2798 855 2838; x_wconf 77' lang='lat' dir='ltr'><em>cadat</em></span> <span class='ocrx_word' id='word_1_382' title='bbox 880 2812 1002 2837; x_wconf 87' lang='lat' dir='ltr'><em>omne</em></span> <span class='ocrx_word' id='word_1_383' title='bbox 1032 2797 1124 2836; x_wconf 78' lang='lat' dir='ltr'><em>illud</em></span> <span class='ocrx_word' id='word_1_384' title='bbox 1141 2826 1152 2846; x_wconf 97' lang='lat'><em>,</em></span> <span class='ocrx_word' id='word_1_385' title='bbox 1195 2800 1282 2836; x_wconf 86' lang='lat' dir='ltr'><em>sine</em></span> 
     </span>
     <span class='ocr_line' id='line_1_53' title="bbox 172 2850 1283 2904; baseline -0.003 -13"><span class='ocrx_word' id='word_1_386' title='bbox 172 2863 251 2901; x_wconf 72' lang='lat' dir='ltr'><em>quo</em></span> <span class='ocrx_word' id='word_1_387' title='bbox 277 2859 486 2901; x_wconf 62' lang='lat' dir='ltr'><em>praemium</em></span> <span class='ocrx_word' id='word_1_388' title='bbox 515 2867 601 2893; x_wconf 85' lang='lat' dir='ltr'><em>esse</em></span> <span class='ocrx_word' id='word_1_389' title='bbox 628 2866 711 2891; x_wconf 82' lang='lat' dir='ltr'><em>non</em></span> <span class='ocrx_word' id='word_1_390' title='bbox 737 2861 863 2904; x_wconf 77' lang='lat' dir='ltr'><em>potest</em></span> <span class='ocrx_word' id='word_1_391' title='bbox 880 2879 892 2892; x_wconf 91' lang='lat'><strong>.</strong></span> <span class='ocrx_word' id='word_1_392' title='bbox 943 2850 1144 2903; x_wconf 71' lang='lat' dir='ltr'><em>Quaedam</em></span> <span class='ocrx_word' id='word_1_393' title='bbox 1173 2855 1283 2889; x_wconf 88' lang='lat' dir='ltr'><em>enim</em></span> 
     </span>
     <span class='ocr_line' id='line_1_54' title="bbox 175 2905 1281 2958; baseline -0.005 -11"><span class='ocrx_word' id='word_1_394' title='bbox 175 2913 288 2952; x_wconf 70' lang='lat' dir='ltr'><em>Sum,</em></span> <span class='ocrx_word' id='word_1_395' title='bbox 317 2919 402 2955; x_wconf 71' lang='lat' dir='ltr'><em>quae</em></span> <span class='ocrx_word' id='word_1_396' title='bbox 430 2922 510 2946; x_wconf 82' lang='lat' dir='ltr'><em>non</em></span> <span class='ocrx_word' id='word_1_397' title='bbox 539 2909 666 2946; x_wconf 86' lang='lat' dir='ltr'><em>solum</em></span> <span class='ocrx_word' id='word_1_398' title='bbox 695 2910 946 2958; x_wconf 76' lang='lat' dir='ltr'><em>requiruntur</em></span> <span class='ocrx_word' id='word_1_399' title='bbox 964 2905 1019 2944; x_wconf 78' lang='lat' dir='ltr'><em>ad</em></span> <span class='ocrx_word' id='word_1_400' title='bbox 1047 2908 1281 2956; x_wconf 81' lang='lat' dir='ltr'><em>proemium,</em></span> 
     </span>
     <span class='ocr_line' id='line_1_55' title="bbox 177 2956 1283 3014; baseline 0.001 -18"><span class='ocrx_word' id='word_1_401' title='bbox 177 2956 248 2996; x_wconf 79' lang='lat' dir='ltr'><em>sed</em></span> <span class='ocrx_word' id='word_1_402' title='bbox 277 2962 398 2996; x_wconf 81' lang='lat' dir='ltr'><em>etiam</em></span> <span class='ocrx_word' id='word_1_403' title='bbox 427 2959 797 3014; x_wconf 73' lang='lat' dir='ltr'><em>proeexigunturad</em></span> <span class='ocrx_word' id='word_1_404' title='bbox 825 2964 1032 3007; x_wconf 85' lang='lat' dir='ltr'><em>meritum,</em></span> <span class='ocrx_word' id='word_1_405' title='bbox 1061 2963 1160 2997; x_wconf 83' lang='lat' dir='ltr'><em>sicut</em></span> <span class='ocrx_word' id='word_1_406' title='bbox 1189 2958 1283 2997; x_wconf 69' lang='lat' dir='ltr'><em>divi-</em></span> 
     </span>
     <span class='ocr_line' id='line_1_56' title="bbox 175 3008 1283 3068; baseline -0.005 -13"><span class='ocrx_word' id='word_1_407' title='bbox 175 3023 236 3049; x_wconf 75' lang='lat' dir='ltr'><em>na</em></span> <span class='ocrx_word' id='word_1_408' title='bbox 263 3008 415 3049; x_wconf 77' lang='lat' dir='ltr'><em>bonitas</em></span> <span class='ocrx_word' id='word_1_409' title='bbox 433 3043 442 3060; x_wconf 71' lang='lat'>‚</span> <span class='ocrx_word' id='word_1_410' title='bbox 470 3016 519 3054; x_wconf 70' lang='lat'><em>&lt;9⁰</em></span> <span class='ocrx_word' id='word_1_411' title='bbox 548 3018 634 3067; x_wconf 82' lang='lat' dir='ltr'><em>ejus</em></span> <span class='ocrx_word' id='word_1_412' title='bbox 652 3019 811 3068; x_wconf 80' lang='lat' dir='ltr'><em>gratia,</em></span> <span class='ocrx_word' id='word_1_413' title='bbox 840 3014 891 3055; x_wconf 56' lang='grc' dir='ltr'><em>Θ</em></span> <span class='ocrx_word' id='word_1_414' title='bbox 911 3017 998 3065; x_wconf 84' lang='lat' dir='ltr'><em>ipsa</em></span> <span class='ocrx_word' id='word_1_415' title='bbox 1018 3012 1188 3051; x_wconf 84' lang='lat' dir='ltr'><em>hominis</em></span> <span class='ocrx_word' id='word_1_416' title='bbox 1208 3025 1283 3050; x_wconf 84' lang='lat' dir='ltr'><em>na-</em></span> 
     </span>
     <span class='ocr_line' id='line_1_57' title="bbox 176 3063 1283 3121; baseline 0.002 -20"><span class='ocrx_word' id='word_1_417' title='bbox 176 3074 271 3101; x_wconf 71' lang='lat' dir='ltr'><em>tura</em></span> <span class='ocrx_word' id='word_1_418' title='bbox 286 3090 295 3102; x_wconf 92' lang='lat'><strong>.</strong></span> <span class='ocrx_word' id='word_1_419' title='bbox 326 3063 510 3103; x_wconf 76' lang='lat' dir='ltr'><em>Similiter</em></span> <span class='ocrx_word' id='word_1_420' title='bbox 525 3066 820 3106; x_wconf 64' lang='lat' dir='ltr'><em>incarnationis</em></span> <span class='ocrx_word' id='word_1_421' title='bbox 841 3070 1080 3121; x_wconf 78' lang='lat' dir='ltr'><em>mysterium</em></span> <span class='ocrx_word' id='word_1_422' title='bbox 1100 3075 1156 3104; x_wconf 84' lang='lat' dir='ltr'><em>est</em></span> <span class='ocrx_word' id='word_1_423' title='bbox 1175 3069 1283 3117; x_wconf 86' lang='lat' dir='ltr'><em>prin-</em></span> 
     </span>
     <span class='ocr_line' id='line_1_58' title="bbox 179 3119 1283 3174; baseline 0.003 -20"><span class='ocrx_word' id='word_1_424' title='bbox 179 3120 326 3167; x_wconf 67' lang='lat' dir='ltr'><em>cipium</em></span> <span class='ocrx_word' id='word_1_425' title='bbox 357 3119 565 3164; x_wconf 75' lang='lat' dir='ltr'><em>merendi5</em></span> <span class='ocrx_word' id='word_1_426' title='bbox 605 3125 698 3171; x_wconf 77' lang='lat' dir='ltr'><em>quia</em></span> <span class='ocrx_word' id='word_1_427' title='bbox 727 3123 772 3159; x_wconf 83' lang='lat' dir='ltr'><em>de</em></span> <span class='ocrx_word' id='word_1_428' title='bbox 810 3121 1048 3174; x_wconf 87' lang='lat' dir='ltr'><em>plenitudine</em></span> <span class='ocrx_word' id='word_1_429' title='bbox 1075 3120 1214 3159; x_wconf 84' lang='lat' dir='ltr'><em>Christi</em></span> <span class='ocrx_word' id='word_1_430' title='bbox 1242 3132 1283 3157; x_wconf 92' lang='lat' dir='ltr'><em>o-</em></span> 
     </span>
     <span class='ocr_line' id='line_1_59' title="bbox 179 3172 1033 3222; baseline -0.002 -13"><span class='ocrx_word' id='word_1_431' title='bbox 179 3183 287 3210; x_wconf 83' lang='lat' dir='ltr'><em>mnes</em></span> <span class='ocrx_word' id='word_1_432' title='bbox 314 3172 555 3222; x_wconf 86' lang='lat' dir='ltr'><em>accepimus,</em></span> <span class='ocrx_word' id='word_1_433' title='bbox 583 3183 622 3208; x_wconf 87' lang='lat' dir='ltr'><em>ut</em></span> <span class='ocrx_word' id='word_1_434' title='bbox 653 3174 790 3212; x_wconf 69' lang='lat' dir='ltr'><em>dicitur</em></span> <span class='ocrx_word' id='word_1_435' title='bbox 818 3174 877 3212; x_wconf 89' lang='lat' dir='ltr'><em>J0.</em></span> <span class='ocrx_word' id='word_1_436' title='bbox 908 3176 938 3213; x_wconf 84' lang='grc' dir='ltr'><em>Ι.</em></span> <span class='ocrx_word' id='word_1_437' title='bbox 972 3174 1033 3213; x_wconf 84' lang='lat'><em>16.</em></span> 
     </span>
    </p>

    <p class='ocr_par' dir='ltr' id='par_1_8' title="bbox 179 3223 1286 3330">
     <span class='ocr_line' id='line_1_60' title="bbox 234 3223 1284 3279; baseline 0.003 -18"><span class='ocrx_word' id='word_1_438' title='bbox 234 3224 325 3270; x_wconf 80' lang='grc'><strong><em>445.</em></strong></span> <span class='ocrx_word' id='word_1_439' title='bbox 356 3223 414 3262; x_wconf 91' lang='lat' dir='ltr'><em>De</em></span> <span class='ocrx_word' id='word_1_440' title='bbox 444 3223 556 3261; x_wconf 76' lang='lat' dir='ltr'><em>Beata</em></span> <span class='ocrx_word' id='word_1_441' title='bbox 584 3233 707 3263; x_wconf 84' lang='lat' dir='ltr'><em>autem</em></span> <span class='ocrx_word' id='word_1_442' title='bbox 728 3227 917 3279; x_wconf 79' lang='lat' dir='ltr'><em>Virgine,</em></span> <span class='ocrx_word' id='word_1_443' title='bbox 946 3228 991 3265; x_wconf 89' lang='lat' dir='ltr'><em>de</em></span> <span class='ocrx_word' id='word_1_444' title='bbox 1021 3241 1097 3279; x_wconf 87' lang='lat' dir='ltr'><em>qua</em></span> <span class='ocrx_word' id='word_1_445' title='bbox 1126 3239 1200 3266; x_wconf 89' lang='lat' dir='ltr'><em>non</em></span> <span class='ocrx_word' id='word_1_446' title='bbox 1229 3238 1284 3264; x_wconf 79' lang='lat' dir='ltr'><em>se-</em></span> 
     </span>
     <span class='ocr_line' id='line_1_61' title="bbox 179 3275 1286 3330; baseline 0.006 -15"><span class='ocrx_word' id='word_1_447' title='bbox 179 3277 259 3316; x_wconf 75' lang='lat' dir='ltr'><em>met</em></span> <span class='ocrx_word' id='word_1_448' title='bbox 288 3279 393 3317; x_wconf 75' lang='lat' dir='ltr'><em>cauit</em></span> <span class='ocrx_word' id='word_1_449' title='bbox 419 3275 613 3327; x_wconf 76' lang='lat' dir='ltr'><em>Ecclesia,</em></span> <span class='ocrx_word' id='word_1_450' title='bbox 641 3280 742 3330; x_wconf 82' lang='lat' dir='ltr'><em>quod</em></span> <span class='ocrx_word' id='word_1_451' title='bbox 757 3279 969 3320; x_wconf 79' lang='lat' dir='ltr'><em>Dominum</em></span> <span class='ocrx_word' id='word_1_452' title='bbox 996 3281 1174 3321; x_wconf 77' lang='lat' dir='ltr'><em>omnium</em></span> <span class='ocrx_word' id='word_1_453' title='bbox 1201 3292 1286 3321; x_wconf 83' lang='lat' dir='ltr'><em>me·</em></span> 
     </span>
    </p>
   </div>
   <div class='ocr_carea' id='block_1_3' title="bbox 164 1075 190 1094">
    <p class='ocr_par' dir='ltr' id='par_1_9' title="bbox 164 1075 190 1094">
     <span class='ocr_line' id='line_1_62' title="bbox 164 1075 190 1094; baseline 0.038 -1"><span class='ocrx_word' id='word_1_454' title='bbox 164 1075 190 1094; x_wconf 70' lang='lat'><em>³:</em></span> 
     </span>
    </p>
   </div>
   <div class='ocr_carea' id='block_1_4' title="bbox 716 48 1892 100">
    <p class='ocr_par' dir='ltr' id='par_1_10' title="bbox 716 48 1892 100">
     <span class='ocr_line' id='line_1_63' title="bbox 716 48 1892 100; baseline -0.002 0"><span class='ocrx_word' id='word_1_455' title='bbox 716 57 797 100; x_wconf 91' lang='lat' dir='ltr'><em>DE</em></span> <span class='ocrx_word' id='word_1_456' title='bbox 830 53 1076 96; x_wconf 82' lang='lat' dir='ltr'><strong>INCARN.</strong></span> <span class='ocrx_word' id='word_1_457' title='bbox 1109 48 1354 96; x_wconf 56' lang='lat' dir='ltr'><em>msam.</em></span> <span class='ocrx_word' id='word_1_458' title='bbox 1387 50 1555 94; x_wconf 82' lang='lat' dir='ltr'><strong>SECT.</strong></span> <span class='ocrx_word' id='word_1_459' title='bbox 1578 55 1633 96; x_wconf 84' lang='grc' dir='ltr'><em>Π.</em></span> <span class='ocrx_word' id='word_1_460' title='bbox 1665 55 1793 99; x_wconf 79' lang='lat' dir='ltr'><strong>CAP.</strong></span> <span class='ocrx_word' id='word_1_461' title='bbox 1816 57 1892 100; x_wconf 91' lang='lat' dir='ltr'><strong>III.</strong></span> 
     </span>
    </p>
   </div>
   <div class='ocr_carea' id='block_1_5' title="bbox 1335 132 2463 3273">
    <p class='ocr_par' dir='ltr' id='par_1_11' title="bbox 1335 132 2443 488">
     <span class='ocr_line' id='line_1_64' title="bbox 1337 132 2440 185; baseline 0.012 -20"><span class='ocrx_word' id='word_1_462' title='bbox 1337 132 1412 166; x_wconf 83' lang='lat' dir='ltr'><em>ruit</em></span> <span class='ocrx_word' id='word_1_463' title='bbox 1441 139 1624 180; x_wconf 81' lang='lat' dir='ltr'><em>portare3</em></span> <span class='ocrx_word' id='word_1_464' title='bbox 1669 132 1704 167; x_wconf 85' lang='lat'>&amp;</span> <span class='ocrx_word' id='word_1_465' title='bbox 1733 146 1802 183; x_wconf 84' lang='lat' dir='ltr'><em>per</em></span> <span class='ocrx_word' id='word_1_466' title='bbox 1828 146 1944 185; x_wconf 75' lang='lat' dir='ltr'><em>quam</em></span> <span class='ocrx_word' id='word_1_467' title='bbox 1987 141 2204 176; x_wconf 79' lang='lat' dir='ltr'><em>meruimus</em></span> <span class='ocrx_word' id='word_1_468' title='bbox 2246 144 2440 179; x_wconf 61' lang='lat' dir='ltr'><em>auctorem</em></span> 
     </span>
     <span class='ocr_line' id='line_1_65' title="bbox 1338 183 2442 243; baseline 0.01 -22"><span class='ocrx_word' id='word_1_469' title='bbox 1338 184 1424 222; x_wconf 79' lang='lat' dir='ltr'><em>vitae</em></span> <span class='ocrx_word' id='word_1_470' title='bbox 1455 185 1646 235; x_wconf 82' lang='lat' dir='ltr'><em>suscipere</em></span> <span class='ocrx_word' id='word_1_471' title='bbox 1662 212 1673 231; x_wconf 92' lang='lat'><em>,</em></span> <span class='ocrx_word' id='word_1_472' title='bbox 1703 183 1786 222; x_wconf 84' lang='lat' dir='ltr'><em>haec</em></span> <span class='ocrx_word' id='word_1_473' title='bbox 1806 187 1909 223; x_wconf 88' lang='lat' dir='ltr'><em>addit</em></span> <span class='ocrx_word' id='word_1_474' title='bbox 1923 187 1962 225; x_wconf 80' lang='lat' dir='ltr'><strong>S.</strong></span> <span class='ocrx_word' id='word_1_475' title='bbox 1978 188 2191 243; x_wconf 73' lang='lat' dir='ltr'><em>Ptaeceptor</em></span> <span class='ocrx_word' id='word_1_476' title='bbox 2209 192 2255 229; x_wconf 86' lang='lat' dir='ltr'><em>ad</em></span> <span class='ocrx_word' id='word_1_477' title='bbox 2272 193 2308 231; x_wconf 86' lang='lat'><strong>5.</strong></span> <span class='ocrx_word' id='word_1_478' title='bbox 2338 193 2442 231; x_wconf 81' lang='lat' dir='ltr'><em>Bea-</em></span> 
     </span>
     <span class='ocr_line' id='line_1_66' title="bbox 1335 233 2443 291; baseline 0.009 -17"><span class='ocrx_word' id='word_1_479' title='bbox 1335 246 1381 274; x_wconf 80' lang='lat' dir='ltr'><em>ta</em></span> <span class='ocrx_word' id='word_1_480' title='bbox 1411 233 1531 288; x_wconf 80' lang='lat' dir='ltr'><em>Virgo</em></span> <span class='ocrx_word' id='word_1_481' title='bbox 1560 235 1702 273; x_wconf 82' lang='lat' dir='ltr'><em>dicitur</em></span> <span class='ocrx_word' id='word_1_482' title='bbox 1743 240 1923 276; x_wconf 79' lang='lat' dir='ltr'><em>meruisse</em></span> <span class='ocrx_word' id='word_1_483' title='bbox 1964 253 2122 291; x_wconf 83' lang='lat' dir='ltr'><em>portare</em></span> <span class='ocrx_word' id='word_1_484' title='bbox 2151 244 2373 284; x_wconf 81' lang='lat' dir='ltr'><em>Dominum</em></span> <span class='ocrx_word' id='word_1_485' title='bbox 2400 259 2443 284; x_wconf 89' lang='lat' dir='ltr'><em>o-</em></span> 
     </span>
     <span class='ocr_line' id='line_1_67' title="bbox 1336 292 2442 345; baseline 0.009 -18"><span class='ocrx_word' id='word_1_486' title='bbox 1336 293 1492 328; x_wconf 84' lang='lat' dir='ltr'><em>mnium</em></span> <span class='ocrx_word' id='word_1_487' title='bbox 1509 319 1520 338; x_wconf 89' lang='lat'><em>,</em></span> <span class='ocrx_word' id='word_1_488' title='bbox 1562 301 1643 327; x_wconf 81' lang='lat' dir='ltr'><em>non</em></span> <span class='ocrx_word' id='word_1_489' title='bbox 1671 292 1762 341; x_wconf 86' lang='lat' dir='ltr'><em>quia</em></span> <span class='ocrx_word' id='word_1_490' title='bbox 1791 293 1930 329; x_wconf 86' lang='lat' dir='ltr'><em>meruit</em></span> <span class='ocrx_word' id='word_1_491' title='bbox 1958 295 2083 343; x_wconf 82' lang='lat' dir='ltr'><em>ipsum</em></span> <span class='ocrx_word' id='word_1_492' title='bbox 2111 299 2328 345; x_wconf 76' lang='lat' dir='ltr'><em>incarnari3</em></span> <span class='ocrx_word' id='word_1_493' title='bbox 2372 297 2442 337; x_wconf 78' lang='lat' dir='ltr'><em>sed</em></span> 
     </span>
     <span class='ocr_line' id='line_1_68' title="bbox 1337 343 2441 402; baseline 0.01 -22"><span class='ocrx_word' id='word_1_494' title='bbox 1337 348 1431 395; x_wconf 81' lang='lat' dir='ltr'><em>quia</em></span> <span class='ocrx_word' id='word_1_495' title='bbox 1460 345 1600 381; x_wconf 82' lang='lat' dir='ltr'><em>meruit</em></span> <span class='ocrx_word' id='word_1_496' title='bbox 1628 357 1675 380; x_wconf 85' lang='lat' dir='ltr'><em>ex</em></span> <span class='ocrx_word' id='word_1_497' title='bbox 1702 344 1823 394; x_wconf 81' lang='lat' dir='ltr'><em>gratia</em></span> <span class='ocrx_word' id='word_1_498' title='bbox 1864 343 1938 382; x_wconf 87' lang='lat' dir='ltr'><em>sibi</em></span> <span class='ocrx_word' id='word_1_499' title='bbox 1966 347 2051 383; x_wconf 81' lang='lat' dir='ltr'><em>data</em></span> <span class='ocrx_word' id='word_1_500' title='bbox 2092 350 2201 390; x_wconf 83' lang='lat' dir='ltr'><em>illum</em></span> <span class='ocrx_word' id='word_1_501' title='bbox 2228 357 2441 402; x_wconf 77' lang='lat' dir='ltr'><em>puritatiS,</em></span> 
     </span>
     <span class='ocr_line' id='line_1_69' title="bbox 1336 396 2443 455; baseline 0.005 -22"><span class='ocrx_word' id='word_1_502' title='bbox 1336 399 1386 438; x_wconf 51' lang='grc' dir='ltr'><em>(θ’</em></span> <span class='ocrx_word' id='word_1_503' title='bbox 1415 400 1643 434; x_wconf 69' lang='lat' dir='ltr'><em>sanctitatis</em></span> <span class='ocrx_word' id='word_1_504' title='bbox 1670 396 1869 449; x_wconf 76' lang='lat' dir='ltr'><em>gradum,</em></span> <span class='ocrx_word' id='word_1_505' title='bbox 1911 406 1951 434; x_wconf 83' lang='lat' dir='ltr'><em>ut</em></span> <span class='ocrx_word' id='word_1_506' title='bbox 1980 411 2150 451; x_wconf 77' lang='lat' dir='ltr'><em>congrue</em></span> <span class='ocrx_word' id='word_1_507' title='bbox 2191 416 2319 455; x_wconf 68' lang='lat' dir='ltr'><em>posset</em></span> <span class='ocrx_word' id='word_1_508' title='bbox 2357 417 2443 446; x_wconf 66' lang='lat' dir='ltr'><em>esse</em></span> 
     </span>
     <span class='ocr_line' id='line_1_70' title="bbox 1337 450 1604 488; baseline -0.004 0"><span class='ocrx_word' id='word_1_509' title='bbox 1337 461 1470 488; x_wconf 73' lang='lat' dir='ltr'><em>mater</em></span> <span class='ocrx_word' id='word_1_510' title='bbox 1499 450 1604 488; x_wconf 86' lang='lat' dir='ltr'><em>Dei.</em></span> 
     </span>
    </p>

    <p class='ocr_par' dir='ltr' id='par_1_12' title="bbox 1337 503 2445 596">
     <span class='ocr_line' id='line_1_71' title="bbox 1390 503 2445 555; baseline 0.01 -14"><span class='ocrx_word' id='word_1_511' title='bbox 1390 506 1587 552; x_wconf 80' lang='lat' dir='ltr'><em>Qnaeritur</em></span> <span class='ocrx_word' id='word_1_512' title='bbox 1608 503 1712 541; x_wconf 89' lang='lat' dir='ltr'><strong>VIII.</strong></span> <span class='ocrx_word' id='word_1_513' title='bbox 1743 517 1791 541; x_wconf 86' lang='lat' dir='ltr'><em>an</em></span> <span class='ocrx_word' id='word_1_514' title='bbox 1821 505 1941 555; x_wconf 85' lang='lat' dir='ltr'><em>gratia</em></span> <span class='ocrx_word' id='word_1_515' title='bbox 1971 505 2119 544; x_wconf 86' lang='lat' dir='ltr'><em>unionis</em></span> <span class='ocrx_word' id='word_1_516' title='bbox 2147 505 2261 546; x_wconf 82' lang='lat' dir='ltr'><em>fuerit</em></span> <span class='ocrx_word' id='word_1_517' title='bbox 2281 511 2319 548; x_wconf 89' lang='lat' dir='ltr'><em>in</em></span> <span class='ocrx_word' id='word_1_518' title='bbox 2333 512 2445 551; x_wconf 83' lang='lat' dir='ltr'><em>Chri·</em></span> 
     </span>
     <span class='ocr_line' id='line_1_72' title="bbox 1337 557 1637 596; baseline 0.007 -2"><span class='ocrx_word' id='word_1_519' title='bbox 1337 566 1392 594; x_wconf 87' lang='lat' dir='ltr'><em>sto</em></span> <span class='ocrx_word' id='word_1_520' title='bbox 1420 557 1637 596; x_wconf 71' lang='lat' dir='ltr'><em>naturalis?</em></span> 
     </span>
    </p>

    <p class='ocr_par' dir='ltr' id='par_1_13' title="bbox 1338 610 2453 1301">
     <span class='ocr_line' id='line_1_73' title="bbox 1392 610 2446 664; baseline 0.009 -15"><span class='ocrx_word' id='word_1_521' title='bbox 1392 610 1483 656; x_wconf 87' lang='grc'><strong><em>446.</em></strong></span> <span class='ocrx_word' id='word_1_522' title='bbox 1513 611 1554 650; x_wconf 92' lang='lat' dir='ltr'><em>S.</em></span> <span class='ocrx_word' id='word_1_523' title='bbox 1577 611 1745 649; x_wconf 80' lang='lat' dir='ltr'><em>Thomas</em></span> <span class='ocrx_word' id='word_1_524' title='bbox 1773 619 1844 649; x_wconf 84' lang='lat' dir='ltr'><em>art.</em></span> <span class='ocrx_word' id='word_1_525' title='bbox 1869 624 1930 649; x_wconf 70' lang='grc' dir='ltr'><em>η.</em></span> <span class='ocrx_word' id='word_1_526' title='bbox 1960 613 2161 664; x_wconf 68' lang='lat' dir='ltr'><em>praemittit</em></span> <span class='ocrx_word' id='word_1_527' title='bbox 2189 616 2446 658; x_wconf 76' lang='lat' dir='ltr'><em>auctoritatem</em></span> 
     </span>
     <span class='ocr_line' id='line_1_74' title="bbox 1338 661 2443 718; baseline 0.007 -19"><span class='ocrx_word' id='word_1_528' title='bbox 1338 661 1378 700; x_wconf 86' lang='lat' dir='ltr'><strong>S.</strong></span> <span class='ocrx_word' id='word_1_529' title='bbox 1401 664 1600 716; x_wconf 82' lang='lat' dir='ltr'><em>Augustini</em></span> <span class='ocrx_word' id='word_1_530' title='bbox 1630 665 1786 703; x_wconf 84' lang='lat' dir='ltr'><em>dicentis</em></span> <span class='ocrx_word' id='word_1_531' title='bbox 1817 666 1854 703; x_wconf 86' lang='lat' dir='ltr'><em>iu</em></span> <span class='ocrx_word' id='word_1_532' title='bbox 1875 663 2105 703; x_wconf 73' lang='lat' dir='ltr'><em>Enclziridio</em></span> <span class='ocrx_word' id='word_1_533' title='bbox 2125 680 2211 718; x_wconf 83' lang='lat' dir='ltr'><em>cap.</em></span> <span class='ocrx_word' id='word_1_534' title='bbox 2232 668 2297 713; x_wconf 89' lang='grc' dir='ltr'><strong><em>4ο.</em></strong></span> <span class='ocrx_word' id='word_1_535' title='bbox 2327 668 2443 710; x_wconf 80' lang='lat' dir='ltr'><em>Tom.</em></span> 
     </span>
     <span class='ocr_line' id='line_1_75' title="bbox 1339 714 2452 772; baseline 0.008 -20"><span class='ocrx_word' id='word_1_536' title='bbox 1339 714 1437 756; x_wconf 73' lang='lat' dir='ltr'><em>VL:</em></span> <span class='ocrx_word' id='word_1_537' title='bbox 1468 717 1617 756; x_wconf 81' lang='lat' dir='ltr'><em>Modus</em></span> <span class='ocrx_word' id='word_1_538' title='bbox 1645 722 1718 756; x_wconf 78' lang='lat' dir='ltr'><em>iste</em></span> <span class='ocrx_word' id='word_1_539' title='bbox 1735 748 1745 767; x_wconf 88' lang='lat'><em>,</em></span> <span class='ocrx_word' id='word_1_540' title='bbox 1775 732 1848 770; x_wconf 73' lang='lat' dir='ltr'><em>quo</em></span> <span class='ocrx_word' id='word_1_541' title='bbox 1877 727 1997 756; x_wconf 83' lang='lat' dir='ltr'><em>natus</em></span> <span class='ocrx_word' id='word_1_542' title='bbox 2025 728 2083 757; x_wconf 83' lang='lat' dir='ltr'><em>est</em></span> <span class='ocrx_word' id='word_1_543' title='bbox 2101 719 2274 759; x_wconf 76' lang='lat' dir='ltr'><em>Christus</em></span> <span class='ocrx_word' id='word_1_544' title='bbox 2293 720 2342 760; x_wconf 85' lang='lat' dir='ltr'><em>cle</em></span> <span class='ocrx_word' id='word_1_545' title='bbox 2362 722 2452 772; x_wconf 79' lang='lat' dir='ltr'><em>Spi—</em></span> 
     </span>
     <span class='ocr_line' id='line_1_76' title="bbox 1339 769 2450 821; baseline 0.005 -15"><span class='ocrx_word' id='word_1_546' title='bbox 1339 772 1417 806; x_wconf 74' lang='lat' dir='ltr'><em>ritu</em></span> <span class='ocrx_word' id='word_1_547' title='bbox 1433 769 1606 820; x_wconf 70' lang='lat' dir='ltr'><em>Sancto,</em></span> <span class='ocrx_word' id='word_1_548' title='bbox 1635 784 1717 810; x_wconf 87' lang='lat' dir='ltr'><em>non</em></span> <span class='ocrx_word' id='word_1_549' title='bbox 1745 776 1843 809; x_wconf 83' lang='lat' dir='ltr'><em>sicut</em></span> <span class='ocrx_word' id='word_1_550' title='bbox 1860 771 2000 821; x_wconf 82' lang='lat' dir='ltr'><em>Filius,</em></span> <span class='ocrx_word' id='word_1_551' title='bbox 2029 773 2080 813; x_wconf 68' lang='lat'><em>(9&#39;</em></span> <span class='ocrx_word' id='word_1_552' title='bbox 2109 772 2158 811; x_wconf 79' lang='lat' dir='ltr'><em>(le</em></span> <span class='ocrx_word' id='word_1_553' title='bbox 2187 773 2332 813; x_wconf 82' lang='lat' dir='ltr'><em>Maria</em></span> <span class='ocrx_word' id='word_1_554' title='bbox 2364 774 2450 814; x_wconf 87' lang='lat' dir='ltr'><em>Vir-</em></span> 
     </span>
     <span class='ocr_line' id='line_1_77' title="bbox 1338 823 2448 879; baseline 0.007 -20"><span class='ocrx_word' id='word_1_555' title='bbox 1338 826 1458 874; x_wconf 74' lang='lat' dir='ltr'><em>gine,</em></span> <span class='ocrx_word' id='word_1_556' title='bbox 1487 828 1587 861; x_wconf 80' lang='lat' dir='ltr'><em>sicut</em></span> <span class='ocrx_word' id='word_1_557' title='bbox 1615 823 1734 863; x_wconf 78' lang='lat' dir='ltr'><em>Filius</em></span> <span class='ocrx_word' id='word_1_558' title='bbox 1751 856 1761 874; x_wconf 85' lang='lat'><em>,</em></span> <span class='ocrx_word' id='word_1_559' title='bbox 1792 830 1968 863; x_wconf 57' lang='lat' dir='ltr'><em>insinuat</em></span> <span class='ocrx_word' id='word_1_560' title='bbox 1996 825 2106 865; x_wconf 85' lang='lat' dir='ltr'><em>nobis</em></span> <span class='ocrx_word' id='word_1_561' title='bbox 2134 832 2317 879; x_wconf 78' lang='lat' dir='ltr'><em>gratiam</em></span> <span class='ocrx_word' id='word_1_562' title='bbox 2346 827 2448 879; x_wconf 79' lang='lat' dir='ltr'><em>Det,</em></span> 
     </span>
     <span class='ocr_line' id='line_1_78' title="bbox 1340 875 2448 932; baseline 0.008 -20"><span class='ocrx_word' id='word_1_563' title='bbox 1340 889 1420 927; x_wconf 72' lang='lat' dir='ltr'><em>qua</em></span> <span class='ocrx_word' id='word_1_564' title='bbox 1449 875 1565 914; x_wconf 76' lang='lat' dir='ltr'><em>homo</em></span> <span class='ocrx_word' id='word_1_565' title='bbox 1592 878 1709 916; x_wconf 82' lang='lat' dir='ltr'><em>nullis</em></span> <span class='ocrx_word' id='word_1_566' title='bbox 1748 878 2058 928; x_wconf 64' lang='lat' dir='ltr'><em>praecedentibus</em></span> <span class='ocrx_word' id='word_1_567' title='bbox 2100 884 2252 919; x_wconf 84' lang='lat' dir='ltr'><em>meritis</em></span> <span class='ocrx_word' id='word_1_568' title='bbox 2294 885 2336 919; x_wconf 86' lang='lat' dir='ltr'><em>in</em></span> <span class='ocrx_word' id='word_1_569' title='bbox 2365 886 2448 932; x_wconf 77' lang='lat' dir='ltr'><em>ipso</em></span> 
     </span>
     <span class='ocr_line' id='line_1_79' title="bbox 1339 928 2445 983; baseline 0.007 -17"><span class='ocrx_word' id='word_1_570' title='bbox 1339 928 1504 967; x_wconf 74' lang='lat' dir='ltr'><em>exordio</em></span> <span class='ocrx_word' id='word_1_571' title='bbox 1532 939 1693 967; x_wconf 68' lang='lat' dir='ltr'><em>naturae</em></span> <span class='ocrx_word' id='word_1_572' title='bbox 1721 944 1825 979; x_wconf 83' lang='lat' dir='ltr'><em>suoe,</em></span> <span class='ocrx_word' id='word_1_573' title='bbox 1855 946 1927 983; x_wconf 79' lang='lat' dir='ltr'><em>quo</em></span> <span class='ocrx_word' id='word_1_574' title='bbox 1942 946 2028 970; x_wconf 83' lang='lat' dir='ltr'><em>esse</em></span> <span class='ocrx_word' id='word_1_575' title='bbox 2042 938 2157 983; x_wconf 73' lang='lat' dir='ltr'><em>coepit</em></span> <span class='ocrx_word' id='word_1_576' title='bbox 2174 964 2185 982; x_wconf 89' lang='lat'><em>,</em></span> <span class='ocrx_word' id='word_1_577' title='bbox 2218 933 2346 974; x_wconf 89' lang='lat' dir='ltr'><em>Verbo</em></span> <span class='ocrx_word' id='word_1_578' title='bbox 2366 935 2445 975; x_wconf 91' lang='lat' dir='ltr'><em>Dei</em></span> 
     </span>
     <span class='ocr_line' id='line_1_80' title="bbox 1338 983 2451 1038; baseline 0.008 -19"><span class='ocrx_word' id='word_1_579' title='bbox 1338 983 1588 1034; x_wconf 74' lang='lat' dir='ltr'><em>copularetur</em></span> <span class='ocrx_word' id='word_1_580' title='bbox 1617 986 1659 1019; x_wconf 87' lang='lat' dir='ltr'><em>in</em></span> <span class='ocrx_word' id='word_1_581' title='bbox 1684 991 1848 1022; x_wconf 79' lang='lat' dir='ltr'><em>tantam</em></span> <span class='ocrx_word' id='word_1_582' title='bbox 1878 999 2054 1034; x_wconf 78' lang='lat' dir='ltr'><em>personoe</em></span> <span class='ocrx_word' id='word_1_583' title='bbox 2083 992 2309 1038; x_wconf 82' lang='lat' dir='ltr'><em>unitatem,</em></span> <span class='ocrx_word' id='word_1_584' title='bbox 2351 997 2391 1027; x_wconf 78' lang='lat' dir='ltr'><em>ut</em></span> <span class='ocrx_word' id='word_1_585' title='bbox 2420 994 2451 1028; x_wconf 88' lang='lat' dir='ltr'><em>i-</em></span> 
     </span>
     <span class='ocr_line' id='line_1_81' title="bbox 1340 1034 2452 1093; baseline 0.005 -19"><span class='ocrx_word' id='word_1_586' title='bbox 1340 1035 1432 1074; x_wconf 77' lang='lat' dir='ltr'><em>dem</em></span> <span class='ocrx_word' id='word_1_587' title='bbox 1463 1040 1543 1085; x_wconf 81' lang='lat' dir='ltr'><em>ipse</em></span> <span class='ocrx_word' id='word_1_588' title='bbox 1573 1045 1675 1074; x_wconf 86' lang='lat' dir='ltr'><em>esset</em></span> <span class='ocrx_word' id='word_1_589' title='bbox 1705 1034 1826 1073; x_wconf 82' lang='lat' dir='ltr'><em>Filius</em></span> <span class='ocrx_word' id='word_1_590' title='bbox 1855 1036 1964 1086; x_wconf 86' lang='lat' dir='ltr'><em>Dei,</em></span> <span class='ocrx_word' id='word_1_591' title='bbox 2010 1045 2074 1088; x_wconf 79' lang='lat' dir='ltr'><em>qui</em></span> <span class='ocrx_word' id='word_1_592' title='bbox 2103 1041 2220 1093; x_wconf 85' lang='lat' dir='ltr'><em>filius</em></span> <span class='ocrx_word' id='word_1_593' title='bbox 2248 1040 2418 1080; x_wconf 75' lang='lat' dir='ltr'><em>hominis</em></span> <span class='ocrx_word' id='word_1_594' title='bbox 2440 1073 2452 1092; x_wconf 92' lang='lat'><em>,</em></span> 
     </span>
     <span class='ocr_line' id='line_1_82' title="bbox 1340 1089 2452 1141; baseline 0.003 -11"><span class='ocrx_word' id='word_1_595' title='bbox 1340 1091 1390 1130; x_wconf 47' lang='grc' dir='ltr'><em>(ἓν</em></span> <span class='ocrx_word' id='word_1_596' title='bbox 1423 1089 1525 1128; x_wconf 69' lang='lat' dir='ltr'><em>filius</em></span> <span class='ocrx_word' id='word_1_597' title='bbox 1554 1089 1724 1127; x_wconf 80' lang='lat' dir='ltr'><em>hominis</em></span> <span class='ocrx_word' id='word_1_598' title='bbox 1742 1119 1753 1137; x_wconf 89' lang='lat'><em>,</em></span> <span class='ocrx_word' id='word_1_599' title='bbox 1782 1093 1847 1140; x_wconf 83' lang='lat' dir='ltr'><em>qui</em></span> <span class='ocrx_word' id='word_1_600' title='bbox 1863 1090 1980 1141; x_wconf 80' lang='lat' dir='ltr'><em>filius</em></span> <span class='ocrx_word' id='word_1_601' title='bbox 2009 1091 2114 1130; x_wconf 88' lang='lat' dir='ltr'><em>Dei:</em></span> <span class='ocrx_word' id='word_1_602' title='bbox 2143 1107 2194 1132; x_wconf 84' lang='lat' dir='ltr'><em>ac</em></span> <span class='ocrx_word' id='word_1_603' title='bbox 2222 1099 2278 1132; x_wconf 84' lang='lat' dir='ltr'><em>sic</em></span> <span class='ocrx_word' id='word_1_604' title='bbox 2307 1099 2348 1132; x_wconf 88' lang='lat' dir='ltr'><em>in</em></span> <span class='ocrx_word' id='word_1_605' title='bbox 2376 1109 2452 1133; x_wconf 84' lang='lat' dir='ltr'><em>na-</em></span> 
     </span>
     <span class='ocr_line' id='line_1_83' title="bbox 1341 1142 2453 1197; baseline 0.006 -17"><span class='ocrx_word' id='word_1_606' title='bbox 1341 1153 1443 1180; x_wconf 80' lang='lat' dir='ltr'><em>turae</em></span> <span class='ocrx_word' id='word_1_607' title='bbox 1472 1142 1663 1181; x_wconf 66' lang='lat' dir='ltr'><em>humanae</em></span> <span class='ocrx_word' id='word_1_608' title='bbox 1691 1146 1937 1192; x_wconf 82' lang='lat' dir='ltr'><em>susceptione</em></span> <span class='ocrx_word' id='word_1_609' title='bbox 1953 1142 2079 1195; x_wconf 84' lang='lat' dir='ltr'><em>fieret</em></span> <span class='ocrx_word' id='word_1_610' title='bbox 2107 1146 2400 1197; x_wconf 79' lang='lat' dir='ltr'><em>quodammodo</em></span> <span class='ocrx_word' id='word_1_611' title='bbox 2422 1153 2453 1187; x_wconf 81' lang='lat' dir='ltr'><em>i-</em></span> 
     </span>
     <span class='ocr_line' id='line_1_84' title="bbox 1339 1195 2451 1250; baseline 0.005 -16"><span class='ocrx_word' id='word_1_612' title='bbox 1339 1208 1415 1248; x_wconf 78' lang='lat' dir='ltr'><em>psa.</em></span> <span class='ocrx_word' id='word_1_613' title='bbox 1442 1201 1579 1249; x_wconf 75' lang='lat' dir='ltr'><em>gratia</em></span> <span class='ocrx_word' id='word_1_614' title='bbox 1607 1198 1662 1234; x_wconf 87' lang='lat' dir='ltr'><em>illi</em></span> <span class='ocrx_word' id='word_1_615' title='bbox 1704 1195 1854 1234; x_wconf 72' lang='lat' dir='ltr'><em>homini</em></span> <span class='ocrx_word' id='word_1_616' title='bbox 1895 1197 2122 1248; x_wconf 77' lang='lat' dir='ltr'><em>naturalis,</em></span> <span class='ocrx_word' id='word_1_617' title='bbox 2168 1213 2258 1250; x_wconf 83' lang='lat' dir='ltr'><em>quae</em></span> <span class='ocrx_word' id='word_1_618' title='bbox 2298 1203 2451 1240; x_wconf 83' lang='lat' dir='ltr'><em>nullum</em></span> 
     </span>
     <span class='ocr_line' id='line_1_85' title="bbox 1340 1250 1971 1301; baseline 0 -13"><span class='ocrx_word' id='word_1_619' title='bbox 1340 1255 1462 1301; x_wconf 78' lang='lat' dir='ltr'><em>possit</em></span> <span class='ocrx_word' id='word_1_620' title='bbox 1490 1250 1704 1289; x_wconf 64' lang='lat' dir='ltr'><em>admittere</em></span> <span class='ocrx_word' id='word_1_621' title='bbox 1733 1259 1941 1301; x_wconf 75' lang='lat' dir='ltr'><em>peccatum</em></span> <span class='ocrx_word' id='word_1_622' title='bbox 1960 1277 1971 1288; x_wconf 92' lang='lat'><strong>.</strong></span> 
     </span>
    </p>

    <p class='ocr_par' dir='ltr' id='par_1_14' title="bbox 1342 1303 2461 2420">
     <span class='ocr_line' id='line_1_86' title="bbox 1395 1303 2455 1357; baseline 0.002 -15"><span class='ocrx_word' id='word_1_623' title='bbox 1395 1305 1489 1356; x_wconf 77' lang='grc'><strong><em>447.</em></strong></span> <span class='ocrx_word' id='word_1_624' title='bbox 1521 1303 1603 1342; x_wconf 83' lang='lat' dir='ltr'><em>Post</em></span> <span class='ocrx_word' id='word_1_625' title='bbox 1631 1313 1758 1342; x_wconf 88' lang='lat' dir='ltr'><em>autem</em></span> <span class='ocrx_word' id='word_1_626' title='bbox 1788 1304 1990 1357; x_wconf 81' lang='lat' dir='ltr'><em>quaestioni</em></span> <span class='ocrx_word' id='word_1_627' title='bbox 2012 1304 2229 1357; x_wconf 84' lang='lat' dir='ltr'><em>respondet:</em></span> <span class='ocrx_word' id='word_1_628' title='bbox 2260 1335 2286 1355; x_wconf 84' lang='lat'><em>,‚</em></span> <span class='ocrx_word' id='word_1_629' title='bbox 2316 1305 2455 1344; x_wconf 89' lang='lat' dir='ltr'><em>Dicen-</em></span> 
     </span>
     <span class='ocr_line' id='line_1_87' title="bbox 1342 1357 2456 1410; baseline 0.004 -16"><span class='ocrx_word' id='word_1_630' title='bbox 1342 1387 1369 1407; x_wconf 89' lang='lat'>„</span> <span class='ocrx_word' id='word_1_631' title='bbox 1397 1358 1490 1397; x_wconf 89' lang='lat' dir='ltr'><em>dum</em></span> <span class='ocrx_word' id='word_1_632' title='bbox 1509 1388 1519 1406; x_wconf 93' lang='lat'><em>,</em></span> <span class='ocrx_word' id='word_1_633' title='bbox 1549 1358 1651 1410; x_wconf 90' lang='lat' dir='ltr'><em>quod</em></span> <span class='ocrx_word' id='word_1_634' title='bbox 1680 1359 1888 1396; x_wconf 87' lang='lat' dir='ltr'><em>secundum</em></span> <span class='ocrx_word' id='word_1_635' title='bbox 1920 1357 2193 1410; x_wconf 87' lang='lat' dir='ltr'><em>Philosophum</em></span> <span class='ocrx_word' id='word_1_636' title='bbox 2223 1361 2262 1398; x_wconf 91' lang='lat' dir='ltr'><em>in</em></span> <span class='ocrx_word' id='word_1_637' title='bbox 2284 1358 2334 1397; x_wconf 92' lang='lat' dir='ltr'><em>V.</em></span> <span class='ocrx_word' id='word_1_638' title='bbox 2363 1359 2456 1398; x_wconf 82' lang='lat' dir='ltr'><em>Me·</em></span> 
     </span>
     <span class='ocr_line' id='line_1_88' title="bbox 1343 1411 2455 1465; baseline 0.003 -17"><span class='ocrx_word' id='word_1_639' title='bbox 1343 1441 1369 1460; x_wconf 84' lang='lat'><em>,‚</em></span> <span class='ocrx_word' id='word_1_640' title='bbox 1398 1411 1508 1462; x_wconf 77' lang='lat' dir='ltr'><em>taplz.</em></span> <span class='ocrx_word' id='word_1_641' title='bbox 1526 1441 1537 1460; x_wconf 88' lang='lat'><em>,</em></span> <span class='ocrx_word' id='word_1_642' title='bbox 1566 1421 1703 1450; x_wconf 84' lang='lat' dir='ltr'><em>natura</em></span> <span class='ocrx_word' id='word_1_643' title='bbox 1734 1424 1807 1449; x_wconf 90' lang='lat' dir='ltr'><em>uno</em></span> <span class='ocrx_word' id='word_1_644' title='bbox 1834 1412 1947 1449; x_wconf 86' lang='lat' dir='ltr'><em>modo</em></span> <span class='ocrx_word' id='word_1_645' title='bbox 1975 1412 2115 1450; x_wconf 88' lang='lat' dir='ltr'><em>dicitur</em></span> <span class='ocrx_word' id='word_1_646' title='bbox 2135 1413 2218 1465; x_wconf 86' lang='lat' dir='ltr'><em>ipsa</em></span> <span class='ocrx_word' id='word_1_647' title='bbox 2238 1417 2455 1462; x_wconf 60' lang='lat' dir='ltr'><em>nativitas,</em></span> 
     </span>
     <span class='ocr_line' id='line_1_89' title="bbox 1345 1463 2456 1519; baseline 0.003 -17"><span class='ocrx_word' id='word_1_648' title='bbox 1345 1494 1371 1514; x_wconf 92' lang='lat'><strong>„</strong></span> <span class='ocrx_word' id='word_1_649' title='bbox 1401 1463 1478 1503; x_wconf 82' lang='lat' dir='ltr'><em>alio</em></span> <span class='ocrx_word' id='word_1_650' title='bbox 1498 1467 1619 1507; x_wconf 75' lang='lat' dir='ltr'><em>,modo</em></span> <span class='ocrx_word' id='word_1_651' title='bbox 1647 1468 1823 1504; x_wconf 74' lang='lat' dir='ltr'><em>essentia</em></span> <span class='ocrx_word' id='word_1_652' title='bbox 1852 1468 1935 1504; x_wconf 87' lang='lat' dir='ltr'><em>rei.</em></span> <span class='ocrx_word' id='word_1_653' title='bbox 1966 1465 2079 1504; x_wconf 88' lang='lat' dir='ltr'><em>Unde</em></span> <span class='ocrx_word' id='word_1_654' title='bbox 2107 1465 2279 1504; x_wconf 85' lang='lat' dir='ltr'><em>naturale</em></span> <span class='ocrx_word' id='word_1_655' title='bbox 2307 1467 2456 1519; x_wconf 81' lang='lat' dir='ltr'><em>aliquid</em></span> 
     </span>
     <span class='ocr_line' id='line_1_90' title="bbox 1343 1518 2454 1572; baseline 0.003 -16"><span class='ocrx_word' id='word_1_656' title='bbox 1343 1548 1369 1567; x_wconf 86' lang='lat'><em>,‚</em></span> <span class='ocrx_word' id='word_1_657' title='bbox 1399 1519 1474 1557; x_wconf 90' lang='lat' dir='ltr'><em>dici</em></span> <span class='ocrx_word' id='word_1_658' title='bbox 1505 1528 1623 1570; x_wconf 87' lang='lat' dir='ltr'><em>potest</em></span> <span class='ocrx_word' id='word_1_659' title='bbox 1651 1518 1879 1571; x_wconf 85' lang='lat' dir='ltr'><em>dupliciter:</em></span> <span class='ocrx_word' id='word_1_660' title='bbox 1917 1532 1992 1556; x_wconf 83' lang='lat' dir='ltr'><em>nno</em></span> <span class='ocrx_word' id='word_1_661' title='bbox 2019 1518 2133 1558; x_wconf 85' lang='lat' dir='ltr'><em>modo</em></span> <span class='ocrx_word' id='word_1_662' title='bbox 2160 1521 2263 1572; x_wconf 87' lang='lat' dir='ltr'><em>quod</em></span> <span class='ocrx_word' id='word_1_663' title='bbox 2292 1529 2344 1558; x_wconf 82' lang='lat' dir='ltr'><em>est</em></span> <span class='ocrx_word' id='word_1_664' title='bbox 2373 1530 2454 1559; x_wconf 85' lang='lat' dir='ltr'><em>tan·</em></span> 
     </span>
     <span class='ocr_line' id='line_1_91' title="bbox 1344 1571 2455 1625; baseline 0 -14"><span class='ocrx_word' id='word_1_665' title='bbox 1344 1602 1370 1622; x_wconf 90' lang='lat'>„</span> <span class='ocrx_word' id='word_1_666' title='bbox 1401 1583 1481 1611; x_wconf 87' lang='lat' dir='ltr'><em>tum</em></span> <span class='ocrx_word' id='word_1_667' title='bbox 1512 1585 1556 1609; x_wconf 85' lang='lat' dir='ltr'><em>ex</em></span> <span class='ocrx_word' id='word_1_668' title='bbox 1588 1573 1789 1625; x_wconf 87' lang='lat' dir='ltr'><em>principiis</em></span> <span class='ocrx_word' id='word_1_669' title='bbox 1831 1571 2092 1612; x_wconf 81' lang='lat' dir='ltr'><em>essentialibus</em></span> <span class='ocrx_word' id='word_1_670' title='bbox 2120 1574 2204 1621; x_wconf 90' lang='lat' dir='ltr'><em>rei,</em></span> <span class='ocrx_word' id='word_1_671' title='bbox 2247 1574 2345 1611; x_wconf 84' lang='lat' dir='ltr'><em>sicut</em></span> <span class='ocrx_word' id='word_1_672' title='bbox 2373 1574 2455 1625; x_wconf 84' lang='lat' dir='ltr'><em>igni</em></span> 
     </span>
     <span class='ocr_line' id='line_1_92' title="bbox 1343 1625 2457 1675; baseline 0.002 -13"><span class='ocrx_word' id='word_1_673' title='bbox 1343 1655 1370 1675; x_wconf 89' lang='lat'>„</span> <span class='ocrx_word' id='word_1_674' title='bbox 1399 1625 1572 1663; x_wconf 85' lang='lat' dir='ltr'><em>naturale</em></span> <span class='ocrx_word' id='word_1_675' title='bbox 1600 1635 1652 1664; x_wconf 82' lang='lat' dir='ltr'><em>est</em></span> <span class='ocrx_word' id='word_1_676' title='bbox 1679 1639 1830 1663; x_wconf 70' lang='lat' dir='ltr'><em>sursum</em></span> <span class='ocrx_word' id='word_1_677' title='bbox 1860 1626 1980 1673; x_wconf 80' lang='lat' dir='ltr'><em>ferri,</em></span> <span class='ocrx_word' id='word_1_678' title='bbox 2009 1625 2087 1663; x_wconf 82' lang='lat' dir='ltr'><em>alio</em></span> <span class='ocrx_word' id='word_1_679' title='bbox 2108 1627 2219 1664; x_wconf 84' lang='lat' dir='ltr'><em>modo</em></span> <span class='ocrx_word' id='word_1_680' title='bbox 2233 1625 2378 1664; x_wconf 88' lang='lat' dir='ltr'><em>homini</em></span> <span class='ocrx_word' id='word_1_681' title='bbox 2398 1626 2457 1663; x_wconf 87' lang='lat' dir='ltr'><em>di-</em></span> 
     </span>
     <span class='ocr_line' id='line_1_93' title="bbox 1342 1677 2455 1731; baseline -0.001 -14"><span class='ocrx_word' id='word_1_682' title='bbox 1342 1706 1368 1728; x_wconf 90' lang='lat'><strong>„</strong></span> <span class='ocrx_word' id='word_1_683' title='bbox 1397 1680 1495 1717; x_wconf 87' lang='lat' dir='ltr'><em>citur</em></span> <span class='ocrx_word' id='word_1_684' title='bbox 1525 1693 1600 1718; x_wconf 81' lang='lat' dir='ltr'><em>esse</em></span> <span class='ocrx_word' id='word_1_685' title='bbox 1629 1679 1844 1726; x_wconf 79' lang='lat' dir='ltr'><em>naturale,</em></span> <span class='ocrx_word' id='word_1_686' title='bbox 1874 1679 1973 1731; x_wconf 83' lang='lat' dir='ltr'><em>quod</em></span> <span class='ocrx_word' id='word_1_687' title='bbox 2004 1679 2054 1716; x_wconf 89' lang='lat' dir='ltr'><em>ab</em></span> <span class='ocrx_word' id='word_1_688' title='bbox 2074 1681 2156 1730; x_wconf 86' lang='lat' dir='ltr'><em>ipsa</em></span> <span class='ocrx_word' id='word_1_689' title='bbox 2176 1680 2369 1716; x_wconf 85' lang='lat' dir='ltr'><em>nativitate</em></span> <span class='ocrx_word' id='word_1_690' title='bbox 2388 1677 2455 1717; x_wconf 80' lang='lat' dir='ltr'><em>ha-</em></span> 
     </span>
     <span class='ocr_line' id='line_1_94' title="bbox 1342 1731 2457 1783; baseline 0 -13"><span class='ocrx_word' id='word_1_691' title='bbox 1342 1763 1369 1782; x_wconf 93' lang='lat'>„</span> <span class='ocrx_word' id='word_1_692' title='bbox 1397 1731 1461 1770; x_wconf 82' lang='lat' dir='ltr'><em>bet</em></span> <span class='ocrx_word' id='word_1_693' title='bbox 1479 1763 1489 1781; x_wconf 93' lang='lat'><em>,</em></span> <span class='ocrx_word' id='word_1_694' title='bbox 1519 1733 1729 1771; x_wconf 88' lang='lat' dir='ltr'><em>secundnm</em></span> <span class='ocrx_word' id='word_1_695' title='bbox 1759 1732 1856 1769; x_wconf 84' lang='lat' dir='ltr'><em>illud</em></span> <span class='ocrx_word' id='word_1_696' title='bbox 1875 1731 2016 1783; x_wconf 78' lang='lat' dir='ltr'><em>Ephes.</em></span> <span class='ocrx_word' id='word_1_697' title='bbox 2038 1733 2088 1769; x_wconf 89' lang='lat' dir='ltr'><strong>II.</strong></span> <span class='ocrx_word' id='word_1_698' title='bbox 2111 1732 2149 1770; x_wconf 82' lang='lat'><strong>3.</strong></span> <span class='ocrx_word' id='word_1_699' title='bbox 2178 1731 2360 1769; x_wconf 75' lang='lat' dir='ltr'><em>Eramus</em></span> <span class='ocrx_word' id='word_1_700' title='bbox 2381 1745 2457 1770; x_wconf 80' lang='lat' dir='ltr'><em>nn-</em></span> 
     </span>
     <span class='ocr_line' id='line_1_95' title="bbox 1345 1784 2456 1839; baseline 0.003 -18"><span class='ocrx_word' id='word_1_701' title='bbox 1345 1816 1370 1834; x_wconf 74' lang='lat'><strong>„</strong></span> <span class='ocrx_word' id='word_1_702' title='bbox 1400 1794 1492 1823; x_wconf 76' lang='lat' dir='ltr'><em>tufa</em></span> <span class='ocrx_word' id='word_1_703' title='bbox 1508 1786 1593 1839; x_wconf 74' lang='lat' dir='ltr'><em>filii</em></span> <span class='ocrx_word' id='word_1_704' title='bbox 1622 1790 1715 1835; x_wconf 84' lang='lat' dir='ltr'><em>irce,</em></span> <span class='ocrx_word' id='word_1_705' title='bbox 1760 1785 1794 1821; x_wconf 97' lang='grc'><em>8(</em></span> <span class='ocrx_word' id='word_1_706' title='bbox 1824 1784 1914 1838; x_wconf 85' lang='lat' dir='ltr'><em>Sap.</em></span> <span class='ocrx_word' id='word_1_707' title='bbox 1944 1784 2033 1822; x_wconf 84' lang='lat' dir='ltr'><strong>XII.</strong></span> <span class='ocrx_word' id='word_1_708' title='bbox 2069 1798 2130 1823; x_wconf 87' lang='lat'><strong>10.</strong></span> <span class='ocrx_word' id='word_1_709' title='bbox 2177 1784 2367 1837; x_wconf 77' lang='lat' dir='ltr'><em>IVequam</em></span> <span class='ocrx_word' id='word_1_710' title='bbox 2397 1794 2456 1824; x_wconf 74' lang='lat' dir='ltr'><em>est</em></span> 
     </span>
     <span class='ocr_line' id='line_1_96' title="bbox 1343 1838 2453 1890; baseline 0.003 -15"><span class='ocrx_word' id='word_1_711' title='bbox 1343 1868 1369 1886; x_wconf 91' lang='lat'><strong>„</strong></span> <span class='ocrx_word' id='word_1_712' title='bbox 1398 1843 1511 1876; x_wconf 73' lang='lat' dir='ltr'><em>natio</em></span> <span class='ocrx_word' id='word_1_713' title='bbox 1540 1853 1677 1878; x_wconf 86' lang='lat' dir='ltr'><em>eorum</em></span> <span class='ocrx_word' id='word_1_714' title='bbox 1695 1869 1705 1888; x_wconf 90' lang='lat'><em>,</em></span> <span class='ocrx_word' id='word_1_715' title='bbox 1753 1840 1802 1879; x_wconf 57' lang='lat' dir='ltr'><em>a&amp;</em></span> <span class='ocrx_word' id='word_1_716' title='bbox 1832 1838 2032 1877; x_wconf 81' lang='lat' dir='ltr'><em>naturalis</em></span> <span class='ocrx_word' id='word_1_717' title='bbox 2061 1839 2220 1878; x_wconf 79' lang='lat' dir='ltr'><em>malitia</em></span> <span class='ocrx_word' id='word_1_718' title='bbox 2249 1844 2453 1890; x_wconf 84' lang='lat' dir='ltr'><em>ipsorum.</em></span> 
     </span>
     <span class='ocr_line' id='line_1_97' title="bbox 1343 1891 2457 1945; baseline 0.003 -17"><span class='ocrx_word' id='word_1_719' title='bbox 1343 1919 1370 1939; x_wconf 90' lang='lat'>„</span> <span class='ocrx_word' id='word_1_720' title='bbox 1402 1891 1537 1930; x_wconf 83' lang='lat' dir='ltr'><em>Gratia</em></span> <span class='ocrx_word' id='word_1_721' title='bbox 1566 1895 1682 1945; x_wconf 77' lang='lat' dir='ltr'><em>igitur</em></span> <span class='ocrx_word' id='word_1_722' title='bbox 1709 1893 1877 1940; x_wconf 89' lang='lat' dir='ltr'><em>Christi,</em></span> <span class='ocrx_word' id='word_1_723' title='bbox 1915 1894 1994 1931; x_wconf 85' lang='lat' dir='ltr'><em>sive</em></span> <span class='ocrx_word' id='word_1_724' title='bbox 2022 1893 2197 1942; x_wconf 86' lang='lat' dir='ltr'><em>unionis,</em></span> <span class='ocrx_word' id='word_1_725' title='bbox 2239 1894 2318 1931; x_wconf 84' lang='lat' dir='ltr'><em>sive</em></span> <span class='ocrx_word' id='word_1_726' title='bbox 2346 1891 2457 1931; x_wconf 83' lang='lat' dir='ltr'><em>habi-</em></span> 
     </span>
     <span class='ocr_line' id='line_1_98' title="bbox 1343 1943 2458 1998; baseline 0.004 -19"><span class='ocrx_word' id='word_1_727' title='bbox 1343 1973 1371 1992; x_wconf 88' lang='lat'>„</span> <span class='ocrx_word' id='word_1_728' title='bbox 1402 1943 1542 1992; x_wconf 87' lang='lat' dir='ltr'><em>tualis,</em></span> <span class='ocrx_word' id='word_1_729' title='bbox 1571 1960 1648 1984; x_wconf 90' lang='lat' dir='ltr'><em>non</em></span> <span class='ocrx_word' id='word_1_730' title='bbox 1679 1955 1794 1997; x_wconf 84' lang='lat' dir='ltr'><em>potest</em></span> <span class='ocrx_word' id='word_1_731' title='bbox 1824 1945 1901 1983; x_wconf 90' lang='lat' dir='ltr'><em>dici</em></span> <span class='ocrx_word' id='word_1_732' title='bbox 1930 1947 2158 1995; x_wconf 86' lang='lat' dir='ltr'><em>naturalis,</em></span> <span class='ocrx_word' id='word_1_733' title='bbox 2188 1947 2296 1998; x_wconf 83' lang='lat' dir='ltr'><em>quasi</em></span> <span class='ocrx_word' id='word_1_734' title='bbox 2325 1960 2458 1984; x_wconf 86' lang='lat' dir='ltr'><em>causa-</em></span> 
     </span>
     <span class='ocr_line' id='line_1_99' title="bbox 1343 1997 2453 2049; baseline 0.002 -15"><span class='ocrx_word' id='word_1_735' title='bbox 1343 2005 1436 2045; x_wconf 82' lang='lat' dir='ltr'><em>„ta</em></span> <span class='ocrx_word' id='word_1_736' title='bbox 1467 2010 1511 2034; x_wconf 85' lang='lat' dir='ltr'><em>ex</em></span> <span class='ocrx_word' id='word_1_737' title='bbox 1554 1999 1757 2049; x_wconf 86' lang='lat' dir='ltr'><em>principiis</em></span> <span class='ocrx_word' id='word_1_738' title='bbox 1799 1997 1979 2035; x_wconf 69' lang='lat' dir='ltr'><em>hnmanae</em></span> <span class='ocrx_word' id='word_1_739' title='bbox 2022 2009 2168 2037; x_wconf 82' lang='lat' dir='ltr'><em>naturae</em></span> <span class='ocrx_word' id='word_1_740' title='bbox 2211 2001 2249 2038; x_wconf 89' lang='lat' dir='ltr'><em>in</em></span> <span class='ocrx_word' id='word_1_741' title='bbox 2277 1999 2453 2045; x_wconf 74' lang='lat' dir='ltr'><em>Christ03</em></span> 
     </span>
     <span class='ocr_line' id='line_1_100' title="bbox 1345 2050 2458 2103; baseline 0.002 -16"><span class='ocrx_word' id='word_1_742' title='bbox 1345 2077 1372 2098; x_wconf 88' lang='lat'><em>,‚</em></span> <span class='ocrx_word' id='word_1_743' title='bbox 1400 2052 1578 2101; x_wconf 87' lang='lat' dir='ltr'><em>quamvis</em></span> <span class='ocrx_word' id='word_1_744' title='bbox 1607 2052 1721 2103; x_wconf 88' lang='lat' dir='ltr'><em>possit</em></span> <span class='ocrx_word' id='word_1_745' title='bbox 1749 2050 1826 2088; x_wconf 86' lang='lat' dir='ltr'><em>dici</em></span> <span class='ocrx_word' id='word_1_746' title='bbox 1847 2052 2074 2099; x_wconf 73' lang='lat' dir='ltr'><em>naturalis,</em></span> <span class='ocrx_word' id='word_1_747' title='bbox 2104 2054 2213 2102; x_wconf 88' lang='lat' dir='ltr'><em>quasi</em></span> <span class='ocrx_word' id='word_1_748' title='bbox 2235 2054 2458 2102; x_wconf 78' lang='lat' dir='ltr'><em>proveniens</em></span> 
     </span>
     <span class='ocr_line' id='line_1_101' title="bbox 1346 2102 2457 2152; baseline 0.005 -14"><span class='ocrx_word' id='word_1_749' title='bbox 1346 2129 1373 2149; x_wconf 93' lang='lat'>„</span> <span class='ocrx_word' id='word_1_750' title='bbox 1402 2103 1444 2138; x_wconf 85' lang='lat' dir='ltr'><em>in</em></span> <span class='ocrx_word' id='word_1_751' title='bbox 1473 2112 1649 2141; x_wconf 84' lang='lat' dir='ltr'><em>naturam</em></span> <span class='ocrx_word' id='word_1_752' title='bbox 1679 2102 1889 2141; x_wconf 85' lang='lat' dir='ltr'><em>humanam</em></span> <span class='ocrx_word' id='word_1_753' title='bbox 1918 2103 2085 2152; x_wconf 89' lang='lat' dir='ltr'><em>Christi,</em></span> <span class='ocrx_word' id='word_1_754' title='bbox 2120 2113 2295 2142; x_wconf 82' lang='lat' dir='ltr'><em>causante</em></span> <span class='ocrx_word' id='word_1_755' title='bbox 2323 2105 2457 2143; x_wconf 73' lang='lat' dir='ltr'><em>divina</em></span> 
     </span>
     <span class='ocr_line' id='line_1_102' title="bbox 1345 2155 2456 2210; baseline 0.003 -19"><span class='ocrx_word' id='word_1_756' title='bbox 1345 2183 1371 2202; x_wconf 90' lang='lat'>„</span> <span class='ocrx_word' id='word_1_757' title='bbox 1401 2162 1536 2193; x_wconf 85' lang='lat' dir='ltr'><em>natura</em></span> <span class='ocrx_word' id='word_1_758' title='bbox 1565 2156 1706 2205; x_wconf 85' lang='lat' dir='ltr'><em>ipsius.</em></span> <span class='ocrx_word' id='word_1_759' title='bbox 1736 2155 1893 2192; x_wconf 85' lang='lat' dir='ltr'><em>Dicitur</em></span> <span class='ocrx_word' id='word_1_760' title='bbox 1922 2167 2045 2193; x_wconf 85' lang='lat' dir='ltr'><em>autem</em></span> <span class='ocrx_word' id='word_1_761' title='bbox 2068 2157 2265 2194; x_wconf 80' lang='lat' dir='ltr'><em>naturalis</em></span> <span class='ocrx_word' id='word_1_762' title='bbox 2296 2166 2456 2210; x_wconf 75' lang='lat' dir='ltr'><em>utraque</em></span> 
     </span>
     <span class='ocr_line' id='line_1_103' title="bbox 1346 2206 2457 2259; baseline 0.004 -15"><span class='ocrx_word' id='word_1_763' title='bbox 1346 2236 1372 2256; x_wconf 93' lang='lat'><strong>„</strong></span> <span class='ocrx_word' id='word_1_764' title='bbox 1403 2209 1522 2258; x_wconf 82' lang='lat' dir='ltr'><em>gratia</em></span> <span class='ocrx_word' id='word_1_765' title='bbox 1550 2207 1592 2245; x_wconf 87' lang='lat' dir='ltr'><em>in</em></span> <span class='ocrx_word' id='word_1_766' title='bbox 1620 2206 1796 2255; x_wconf 82' lang='lat' dir='ltr'><em>Christo,</em></span> <span class='ocrx_word' id='word_1_767' title='bbox 1839 2208 2068 2259; x_wconf 86' lang='lat' dir='ltr'><em>inquantum</em></span> <span class='ocrx_word' id='word_1_768' title='bbox 2099 2222 2184 2245; x_wconf 83' lang='lat' dir='ltr'><em>eam</em></span> <span class='ocrx_word' id='word_1_769' title='bbox 2213 2224 2235 2246; x_wconf 85' lang='lat' dir='ltr'><em>a</em></span> <span class='ocrx_word' id='word_1_770' title='bbox 2263 2212 2457 2247; x_wconf 75' lang='lat' dir='ltr'><em>nativitate</em></span> 
     </span>
     <span class='ocr_line' id='line_1_104' title="bbox 1347 2259 2460 2313; baseline 0.002 -15"><span class='ocrx_word' id='word_1_771' title='bbox 1347 2290 1372 2309; x_wconf 87' lang='lat'>„</span> <span class='ocrx_word' id='word_1_772' title='bbox 1404 2260 1562 2299; x_wconf 83' lang='lat' dir='ltr'><em>habuit:</em></span> <span class='ocrx_word' id='word_1_773' title='bbox 1600 2261 1692 2313; x_wconf 83' lang='lat' dir='ltr'><em>quia</em></span> <span class='ocrx_word' id='word_1_774' title='bbox 1721 2259 1772 2298; x_wconf 81' lang='lat' dir='ltr'><em>ab</em></span> <span class='ocrx_word' id='word_1_775' title='bbox 1800 2261 1910 2298; x_wconf 89' lang='lat' dir='ltr'><em>initio</em></span> <span class='ocrx_word' id='word_1_776' title='bbox 1938 2262 2196 2313; x_wconf 88' lang='lat' dir='ltr'><em>conceptionis</em></span> <span class='ocrx_word' id='word_1_777' title='bbox 2225 2262 2298 2300; x_wconf 89' lang='lat' dir='ltr'><em>fuit</em></span> <span class='ocrx_word' id='word_1_778' title='bbox 2326 2271 2460 2300; x_wconf 81' lang='lat' dir='ltr'><em>natura</em></span> 
     </span>
     <span class='ocr_line' id='line_1_105' title="bbox 1346 2314 2461 2368; baseline 0.003 -16"><span class='ocrx_word' id='word_1_779' title='bbox 1346 2343 1373 2364; x_wconf 91' lang='lat'>„</span> <span class='ocrx_word' id='word_1_780' title='bbox 1406 2314 1578 2352; x_wconf 79' lang='lat' dir='ltr'><em>humana</em></span> <span class='ocrx_word' id='word_1_781' title='bbox 1606 2316 1750 2353; x_wconf 83' lang='lat' dir='ltr'><em>divinae</em></span> <span class='ocrx_word' id='word_1_782' title='bbox 1781 2327 1950 2366; x_wconf 81' lang='lat' dir='ltr'><em>personae</em></span> <span class='ocrx_word' id='word_1_783' title='bbox 1981 2317 2114 2364; x_wconf 81' lang='lat' dir='ltr'><em>unita,</em></span> <span class='ocrx_word' id='word_1_784' title='bbox 2156 2314 2191 2352; x_wconf 89' lang='grc'><em>8(</em></span> <span class='ocrx_word' id='word_1_785' title='bbox 2219 2317 2350 2354; x_wconf 84' lang='lat' dir='ltr'><em>anima</em></span> <span class='ocrx_word' id='word_1_786' title='bbox 2378 2315 2461 2368; x_wconf 70' lang='lat' dir='ltr'><em>ejus</em></span> 
     </span>
     <span class='ocr_line' id='line_1_106' title="bbox 1343 2367 2084 2420; baseline 0 -14"><span class='ocrx_word' id='word_1_787' title='bbox 1343 2397 1372 2417; x_wconf 87' lang='lat'><strong>„</strong></span> <span class='ocrx_word' id='word_1_788' title='bbox 1402 2369 1476 2407; x_wconf 84' lang='lat' dir='ltr'><em>fuit</em></span> <span class='ocrx_word' id='word_1_789' title='bbox 1504 2381 1665 2407; x_wconf 88' lang='lat' dir='ltr'><em>munere</em></span> <span class='ocrx_word' id='word_1_790' title='bbox 1693 2370 1826 2419; x_wconf 68' lang='lat' dir='ltr'><em>gratiae</em></span> <span class='ocrx_word' id='word_1_791' title='bbox 1856 2367 2027 2420; x_wconf 85' lang='lat' dir='ltr'><em>repleta.</em></span> <span class='ocrx_word' id='word_1_792' title='bbox 2057 2372 2084 2390; x_wconf 92' lang='lat'><strong>“</strong></span> 
     </span>
    </p>

    <p class='ocr_par' dir='ltr' id='par_1_15' title="bbox 1342 2421 2458 2741">
     <span class='ocr_line' id='line_1_107' title="bbox 1397 2421 2452 2476; baseline 0.003 -16"><span class='ocrx_word' id='word_1_793' title='bbox 1397 2422 1491 2468; x_wconf 83' lang='grc'><strong><em>448.</em></strong></span> <span class='ocrx_word' id='word_1_794' title='bbox 1521 2421 1738 2460; x_wconf 82' lang='lat' dir='ltr'><em>Difficultas</em></span> <span class='ocrx_word' id='word_1_795' title='bbox 1766 2430 1892 2460; x_wconf 83' lang='lat' dir='ltr'><em>autem</em></span> <span class='ocrx_word' id='word_1_796' title='bbox 1922 2422 2113 2472; x_wconf 87' lang='lat' dir='ltr'><em>occurrit,</em></span> <span class='ocrx_word' id='word_1_797' title='bbox 2142 2422 2244 2476; x_wconf 87' lang='lat' dir='ltr'><em>qnod</em></span> <span class='ocrx_word' id='word_1_798' title='bbox 2271 2423 2391 2475; x_wconf 85' lang='lat' dir='ltr'><em>gratia</em></span> <span class='ocrx_word' id='word_1_799' title='bbox 2412 2424 2452 2463; x_wconf 85' lang='lat' dir='ltr'><em>in</em></span> 
     </span>
     <span class='ocr_line' id='line_1_108' title="bbox 1342 2475 2458 2528; baseline 0.002 -15"><span class='ocrx_word' id='word_1_800' title='bbox 1342 2475 1491 2514; x_wconf 86' lang='lat' dir='ltr'><em>Christo</em></span> <span class='ocrx_word' id='word_1_801' title='bbox 1519 2476 1718 2514; x_wconf 81' lang='lat' dir='ltr'><em>naturalis</em></span> <span class='ocrx_word' id='word_1_802' title='bbox 1746 2475 1913 2513; x_wconf 87' lang='lat' dir='ltr'><em>dicinon</em></span> <span class='ocrx_word' id='word_1_803' title='bbox 1943 2477 2083 2528; x_wconf 83' lang='lat' dir='ltr'><em>possit,</em></span> <span class='ocrx_word' id='word_1_804' title='bbox 2111 2477 2319 2516; x_wconf 87' lang='lat' dir='ltr'><em>secundum</em></span> <span class='ocrx_word' id='word_1_805' title='bbox 2348 2485 2458 2515; x_wconf 84' lang='lat' dir='ltr'><em>natu-</em></span> 
     </span>
     <span class='ocr_line' id='line_1_109' title="bbox 1345 2529 2457 2583; baseline -0.001 -15"><span class='ocrx_word' id='word_1_806' title='bbox 1345 2542 1429 2568; x_wconf 86' lang='lat' dir='ltr'><em>ram</em></span> <span class='ocrx_word' id='word_1_807' title='bbox 1458 2529 1649 2568; x_wconf 84' lang='lat' dir='ltr'><em>divinam:</em></span> <span class='ocrx_word' id='word_1_808' title='bbox 1679 2529 1771 2582; x_wconf 82' lang='lat' dir='ltr'><em>quia</em></span> <span class='ocrx_word' id='word_1_809' title='bbox 1799 2529 1853 2567; x_wconf 85' lang='lat' dir='ltr'><em>sic</em></span> <span class='ocrx_word' id='word_1_810' title='bbox 1873 2530 2092 2568; x_wconf 86' lang='lat' dir='ltr'><em>conveniret</em></span> <span class='ocrx_word' id='word_1_811' title='bbox 2111 2529 2198 2568; x_wconf 86' lang='lat' dir='ltr'><em>aliis</em></span> <span class='ocrx_word' id='word_1_812' title='bbox 2214 2531 2381 2583; x_wconf 87' lang='lat' dir='ltr'><em>personis</em></span> <span class='ocrx_word' id='word_1_813' title='bbox 2399 2530 2457 2567; x_wconf 85' lang='lat' dir='ltr'><em>di-</em></span> 
     </span>
     <span class='ocr_line' id='line_1_110' title="bbox 1344 2582 2456 2622; baseline -0.004 0"><span class='ocrx_word' id='word_1_814' title='bbox 1344 2583 1466 2622; x_wconf 89' lang='lat' dir='ltr'><em>vinis.</em></span> <span class='ocrx_word' id='word_1_815' title='bbox 1495 2583 1577 2622; x_wconf 84' lang='lat' dir='ltr'><em>Nec</em></span> <span class='ocrx_word' id='word_1_816' title='bbox 1606 2584 1722 2622; x_wconf 84' lang='lat' dir='ltr'><em>etiam</em></span> <span class='ocrx_word' id='word_1_817' title='bbox 1750 2582 1936 2622; x_wconf 86' lang='lat' dir='ltr'><em>naturalis</em></span> <span class='ocrx_word' id='word_1_818' title='bbox 1965 2592 2017 2620; x_wconf 87' lang='lat' dir='ltr'><em>est</em></span> <span class='ocrx_word' id='word_1_819' title='bbox 2045 2585 2080 2622; x_wconf 91' lang='lat' dir='ltr'><em>ei</em></span> <span class='ocrx_word' id='word_1_820' title='bbox 2109 2584 2318 2622; x_wconf 87' lang='lat' dir='ltr'><em>secundnm</em></span> <span class='ocrx_word' id='word_1_821' title='bbox 2347 2590 2456 2620; x_wconf 83' lang='lat' dir='ltr'><em>natu-</em></span> 
     </span>
     <span class='ocr_line' id='line_1_111' title="bbox 1349 2633 2455 2689; baseline -0.003 -15"><span class='ocrx_word' id='word_1_822' title='bbox 1349 2649 1434 2674; x_wconf 85' lang='lat' dir='ltr'><em>ram</em></span> <span class='ocrx_word' id='word_1_823' title='bbox 1463 2635 1673 2674; x_wconf 84' lang='lat' dir='ltr'><em>humanam</em></span> <span class='ocrx_word' id='word_1_824' title='bbox 1692 2665 1703 2684; x_wconf 90' lang='lat'><em>,</em></span> <span class='ocrx_word' id='word_1_825' title='bbox 1739 2637 1831 2689; x_wconf 83' lang='lat' dir='ltr'><em>quia</em></span> <span class='ocrx_word' id='word_1_826' title='bbox 1860 2638 1912 2675; x_wconf 88' lang='lat' dir='ltr'><em>sic</em></span> <span class='ocrx_word' id='word_1_827' title='bbox 1941 2638 2158 2676; x_wconf 86' lang='lat' dir='ltr'><em>conveniret</em></span> <span class='ocrx_word' id='word_1_828' title='bbox 2185 2635 2364 2674; x_wconf 87' lang='lat' dir='ltr'><em>omnibus</em></span> <span class='ocrx_word' id='word_1_829' title='bbox 2392 2633 2455 2671; x_wconf 87' lang='lat' dir='ltr'><em>ho-</em></span> 
     </span>
     <span class='ocr_line' id='line_1_112' title="bbox 1350 2689 2385 2741; baseline -0.004 -12"><span class='ocrx_word' id='word_1_830' title='bbox 1350 2689 1542 2737; x_wconf 87' lang='lat' dir='ltr'><em>minibus,</em></span> <span class='ocrx_word' id='word_1_831' title='bbox 1571 2690 1636 2741; x_wconf 90' lang='lat' dir='ltr'><em>qui</em></span> <span class='ocrx_word' id='word_1_832' title='bbox 1668 2698 1754 2727; x_wconf 89' lang='lat' dir='ltr'><em>sunt</em></span> <span class='ocrx_word' id='word_1_833' title='bbox 1783 2689 1954 2741; x_wconf 81' lang='lat' dir='ltr'><em>ejusdem</em></span> <span class='ocrx_word' id='word_1_834' title='bbox 1983 2700 2127 2728; x_wconf 80' lang='lat' dir='ltr'><em>naturae</em></span> <span class='ocrx_word' id='word_1_835' title='bbox 2156 2703 2245 2728; x_wconf 89' lang='lat' dir='ltr'><em>cnm</em></span> <span class='ocrx_word' id='word_1_836' title='bbox 2276 2690 2385 2739; x_wconf 87' lang='lat' dir='ltr'><em>ipso.</em></span> 
     </span>
    </p>

    <p class='ocr_par' dir='ltr' id='par_1_16' title="bbox 1349 2740 2463 3273">
     <span class='ocr_line' id='line_1_113' title="bbox 1405 2740 2462 2796; baseline -0.002 -16"><span class='ocrx_word' id='word_1_837' title='bbox 1405 2742 1499 2794; x_wconf 80' lang='grc'><strong><em>449.</em></strong></span> <span class='ocrx_word' id='word_1_838' title='bbox 1529 2741 1640 2780; x_wconf 87' lang='lat' dir='ltr'><em>Hanc</em></span> <span class='ocrx_word' id='word_1_839' title='bbox 1667 2741 1930 2781; x_wconf 84' lang='lat' dir='ltr'><em>difficultatem</em></span> <span class='ocrx_word' id='word_1_840' title='bbox 1959 2743 2012 2780; x_wconf 87' lang='lat' dir='ltr'><em>ita</em></span> <span class='ocrx_word' id='word_1_841' title='bbox 2041 2743 2190 2796; x_wconf 81' lang='lat' dir='ltr'><em>expedit</em></span> <span class='ocrx_word' id='word_1_842' title='bbox 2219 2741 2259 2779; x_wconf 88' lang='lat' dir='ltr'><em>S.</em></span> <span class='ocrx_word' id='word_1_843' title='bbox 2290 2740 2462 2779; x_wconf 83' lang='lat' dir='ltr'><em>Thomas</em></span> 
     </span>
     <span class='ocr_line' id='line_1_114' title="bbox 1350 2793 2459 2843; baseline -0.003 -8"><span class='ocrx_word' id='word_1_844' title='bbox 1350 2796 1497 2836; x_wconf 90' lang='lat' dir='ltr'><em>ibidem</em></span> <span class='ocrx_word' id='word_1_845' title='bbox 1526 2795 1574 2833; x_wconf 87' lang='lat' dir='ltr'><em>ad</em></span> <span class='ocrx_word' id='word_1_846' title='bbox 1603 2795 1661 2833; x_wconf 80' lang='lat'><strong>5.:</strong></span> <span class='ocrx_word' id='word_1_847' title='bbox 1690 2825 1716 2843; x_wconf 88' lang='lat'>„</span> <span class='ocrx_word' id='word_1_848' title='bbox 1747 2796 1882 2834; x_wconf 86' lang='lat' dir='ltr'><em>Gratia</em></span> <span class='ocrx_word' id='word_1_849' title='bbox 1910 2796 2062 2834; x_wconf 80' lang='lat' dir='ltr'><em>unionis</em></span> <span class='ocrx_word' id='word_1_850' title='bbox 2090 2807 2163 2833; x_wconf 90' lang='lat' dir='ltr'><em>non</em></span> <span class='ocrx_word' id='word_1_851' title='bbox 2194 2802 2244 2832; x_wconf 83' lang='lat' dir='ltr'><em>est</em></span> <span class='ocrx_word' id='word_1_852' title='bbox 2272 2793 2459 2832; x_wconf 77' lang='lat' dir='ltr'><em>naturalis</em></span> 
     </span>
     <span class='ocr_line' id='line_1_115' title="bbox 1352 2848 2460 2899; baseline -0.001 -13"><span class='ocrx_word' id='word_1_853' title='bbox 1352 2878 1379 2899; x_wconf 88' lang='lat'>„</span> <span class='ocrx_word' id='word_1_854' title='bbox 1406 2849 1556 2887; x_wconf 85' lang='lat' dir='ltr'><em>Christo</em></span> <span class='ocrx_word' id='word_1_855' title='bbox 1582 2849 1791 2887; x_wconf 85' lang='lat' dir='ltr'><em>secundum</em></span> <span class='ocrx_word' id='word_1_856' title='bbox 1819 2848 2028 2887; x_wconf 85' lang='lat' dir='ltr'><em>humanam</em></span> <span class='ocrx_word' id='word_1_857' title='bbox 2057 2857 2254 2895; x_wconf 84' lang='lat' dir='ltr'><em>naturam,</em></span> <span class='ocrx_word' id='word_1_858' title='bbox 2284 2849 2391 2898; x_wconf 86' lang='lat' dir='ltr'><em>quasi</em></span> <span class='ocrx_word' id='word_1_859' title='bbox 2414 2859 2460 2885; x_wconf 77' lang='lat' dir='ltr'><em>ex</em></span> 
     </span>
     <span class='ocr_line' id='line_1_116' title="bbox 1350 2900 2456 2953; baseline -0.002 -13"><span class='ocrx_word' id='word_1_860' title='bbox 1350 2933 1377 2953; x_wconf 89' lang='lat'><em>„</em></span> <span class='ocrx_word' id='word_1_861' title='bbox 1408 2901 1613 2953; x_wconf 85' lang='lat' dir='ltr'><em>principiis</em></span> <span class='ocrx_word' id='word_1_862' title='bbox 1642 2900 1821 2940; x_wconf 85' lang='lat' dir='ltr'><em>humanae</em></span> <span class='ocrx_word' id='word_1_863' title='bbox 1850 2910 1996 2939; x_wconf 84' lang='lat' dir='ltr'><em>naturae</em></span> <span class='ocrx_word' id='word_1_864' title='bbox 2016 2910 2183 2940; x_wconf 86' lang='lat' dir='ltr'><em>causata:</em></span> <span class='ocrx_word' id='word_1_865' title='bbox 2214 2901 2248 2938; x_wconf 92' lang='grc'><em>8(</em></span> <span class='ocrx_word' id='word_1_866' title='bbox 2277 2902 2362 2939; x_wconf 90' lang='lat' dir='ltr'><em>ideo</em></span> <span class='ocrx_word' id='word_1_867' title='bbox 2381 2913 2456 2939; x_wconf 80' lang='lat' dir='ltr'><em>non</em></span> 
     </span>
     <span class='ocr_line' id='line_1_117' title="bbox 1351 2953 2460 3007; baseline 0 -15"><span class='ocrx_word' id='word_1_868' title='bbox 1351 2985 1378 3006; x_wconf 89' lang='lat'>„</span> <span class='ocrx_word' id='word_1_869' title='bbox 1407 2963 1576 3006; x_wconf 89' lang='lat' dir='ltr'><em>oportet,</em></span> <span class='ocrx_word' id='word_1_870' title='bbox 1623 2956 1724 3007; x_wconf 87' lang='lat' dir='ltr'><em>quod</em></span> <span class='ocrx_word' id='word_1_871' title='bbox 1753 2956 1948 2993; x_wconf 87' lang='lat' dir='ltr'><em>conveniat</em></span> <span class='ocrx_word' id='word_1_872' title='bbox 1987 2955 2167 2994; x_wconf 86' lang='lat' dir='ltr'><em>omnibus</em></span> <span class='ocrx_word' id='word_1_873' title='bbox 2208 2953 2460 2993; x_wconf 88' lang='lat' dir='ltr'><em>hominibus.</em></span> 
     </span>
     <span class='ocr_line' id='line_1_118' title="bbox 1352 3007 2463 3059; baseline -0.002 -12"><span class='ocrx_word' id='word_1_874' title='bbox 1352 3039 1381 3059; x_wconf 91' lang='lat'><strong>„</strong></span> <span class='ocrx_word' id='word_1_875' title='bbox 1411 3008 1479 3047; x_wconf 87' lang='lat' dir='ltr'><em>Est</em></span> <span class='ocrx_word' id='word_1_876' title='bbox 1507 3017 1635 3047; x_wconf 85' lang='lat' dir='ltr'><em>tamen</em></span> <span class='ocrx_word' id='word_1_877' title='bbox 1665 3007 1846 3046; x_wconf 86' lang='lat' dir='ltr'><em>naturalis</em></span> <span class='ocrx_word' id='word_1_878' title='bbox 1877 3010 1910 3045; x_wconf 90' lang='lat' dir='ltr'><em>ei</em></span> <span class='ocrx_word' id='word_1_879' title='bbox 1931 3009 2138 3047; x_wconf 89' lang='lat' dir='ltr'><em>secundum</em></span> <span class='ocrx_word' id='word_1_880' title='bbox 2169 3007 2378 3046; x_wconf 83' lang='lat' dir='ltr'><em>humanam</em></span> <span class='ocrx_word' id='word_1_881' title='bbox 2399 3021 2463 3045; x_wconf 83' lang='lat' dir='ltr'><em>na·</em></span> 
     </span>
     <span class='ocr_line' id='line_1_119' title="bbox 1349 3062 2458 3115; baseline -0.004 -15"><span class='ocrx_word' id='word_1_882' title='bbox 1349 3092 1378 3113; x_wconf 89' lang='lat'>„</span> <span class='ocrx_word' id='word_1_883' title='bbox 1408 3071 1558 3112; x_wconf 88' lang='lat' dir='ltr'><em>turam,</em></span> <span class='ocrx_word' id='word_1_884' title='bbox 1600 3071 1756 3115; x_wconf 84' lang='lat' dir='ltr'><em>propter</em></span> <span class='ocrx_word' id='word_1_885' title='bbox 1784 3063 2052 3114; x_wconf 87' lang='lat' dir='ltr'><em>proprietatem</em></span> <span class='ocrx_word' id='word_1_886' title='bbox 2082 3063 2286 3101; x_wconf 86' lang='lat' dir='ltr'><em>nativitatis</em></span> <span class='ocrx_word' id='word_1_887' title='bbox 2314 3062 2458 3114; x_wconf 85' lang='lat' dir='ltr'><em>ipsius,</em></span> 
     </span>
     <span class='ocr_line' id='line_1_120' title="bbox 1350 3115 2459 3169; baseline -0.001 -17"><span class='ocrx_word' id='word_1_888' title='bbox 1350 3145 1380 3166; x_wconf 87' lang='lat'><strong>„</strong></span> <span class='ocrx_word' id='word_1_889' title='bbox 1408 3123 1518 3169; x_wconf 86' lang='lat' dir='ltr'><em>prout</em></span> <span class='ocrx_word' id='word_1_890' title='bbox 1546 3115 1598 3153; x_wconf 91' lang='lat' dir='ltr'><em>sic</em></span> <span class='ocrx_word' id='word_1_891' title='bbox 1627 3123 1830 3166; x_wconf 89' lang='lat' dir='ltr'><em>conceptus</em></span> <span class='ocrx_word' id='word_1_892' title='bbox 1859 3124 1909 3152; x_wconf 81' lang='lat' dir='ltr'><em>est</em></span> <span class='ocrx_word' id='word_1_893' title='bbox 1939 3129 1982 3153; x_wconf 87' lang='lat' dir='ltr'><em>ex</em></span> <span class='ocrx_word' id='word_1_894' title='bbox 2012 3115 2161 3168; x_wconf 88' lang='lat' dir='ltr'><em>Spiritu</em></span> <span class='ocrx_word' id='word_1_895' title='bbox 2190 3116 2254 3165; x_wconf 90' lang='lat' dir='ltr'><em>S.,</em></span> <span class='ocrx_word' id='word_1_896' title='bbox 2301 3123 2341 3152; x_wconf 90' lang='lat' dir='ltr'><em>ut</em></span> <span class='ocrx_word' id='word_1_897' title='bbox 2370 3119 2459 3149; x_wconf 82' lang='lat' dir='ltr'><em>esset</em></span> 
     </span>
     <span class='ocr_line' id='line_1_121' title="bbox 1353 3166 2458 3219; baseline -0.006 -12"><span class='ocrx_word' id='word_1_898' title='bbox 1353 3199 1380 3219; x_wconf 86' lang='lat'><strong>„</strong></span> <span class='ocrx_word' id='word_1_899' title='bbox 1410 3171 1510 3207; x_wconf 87' lang='lat' dir='ltr'><em>idem</em></span> <span class='ocrx_word' id='word_1_900' title='bbox 1539 3167 1721 3208; x_wconf 87' lang='lat' dir='ltr'><em>naturalis</em></span> <span class='ocrx_word' id='word_1_901' title='bbox 1751 3168 1855 3206; x_wconf 84' lang='lat' dir='ltr'><em>filius</em></span> <span class='ocrx_word' id='word_1_902' title='bbox 1885 3169 1985 3218; x_wconf 85' lang='lat' dir='ltr'><em>Dei,</em></span> <span class='ocrx_word' id='word_1_903' title='bbox 2015 3168 2048 3205; x_wconf 87' lang='grc'><em>8(</em></span> <span class='ocrx_word' id='word_1_904' title='bbox 2079 3169 2274 3208; x_wconf 87' lang='lat' dir='ltr'><em>hominis.</em></span> <span class='ocrx_word' id='word_1_905' title='bbox 2314 3166 2458 3203; x_wconf 87' lang='lat' dir='ltr'><em>Secun-</em></span> 
     </span>
     <span class='ocr_line' id='line_1_122' title="bbox 1353 3217 2456 3273; baseline -0.006 -13"><span class='ocrx_word' id='word_1_906' title='bbox 1353 3252 1381 3273; x_wconf 91' lang='lat'><strong>„</strong></span> <span class='ocrx_word' id='word_1_907' title='bbox 1409 3223 1502 3261; x_wconf 89' lang='lat' dir='ltr'><em>dum</em></span> <span class='ocrx_word' id='word_1_908' title='bbox 1531 3234 1620 3259; x_wconf 87' lang='lat' dir='ltr'><em>vero</em></span> <span class='ocrx_word' id='word_1_909' title='bbox 1648 3221 1817 3259; x_wconf 85' lang='lat' dir='ltr'><em>divinam</em></span> <span class='ocrx_word' id='word_1_910' title='bbox 1835 3230 2009 3261; x_wconf 86' lang='lat' dir='ltr'><em>naturam</em></span> <span class='ocrx_word' id='word_1_911' title='bbox 2039 3231 2090 3261; x_wconf 88' lang='lat' dir='ltr'><em>est</em></span> <span class='ocrx_word' id='word_1_912' title='bbox 2119 3225 2154 3261; x_wconf 88' lang='lat' dir='ltr'><em>ei</em></span> <span class='ocrx_word' id='word_1_913' title='bbox 2168 3217 2370 3264; x_wconf 81' lang='lat' dir='ltr'><em>naturalis,</em></span> <span class='ocrx_word' id='word_1_914' title='bbox 2400 3218 2456 3254; x_wconf 87' lang='lat' dir='ltr'><em>iu-</em></span> 
     </span>
    </p>
   </div>
   <div class='ocr_carea' id='block_1_6' title="bbox 1354 3271 2460 3375">
    <p class='ocr_par' dir='ltr' id='par_1_17' title="bbox 1354 3271 2460 3375">
     <span class='ocr_line' id='line_1_123' title="bbox 1354 3271 2460 3362; baseline -0.005 -47"><span class='ocrx_word' id='word_1_915' title='bbox 1354 3305 1383 3329; x_wconf 87' lang='lat'>„</span> <span class='ocrx_word' id='word_1_916' title='bbox 1411 3284 1596 3328; x_wconf 77' lang='lat' dir='ltr'><em>quautum</em></span> <span class='ocrx_word' id='word_1_917' title='bbox 1625 3275 1759 3318; x_wconf 79' lang='lat' dir='ltr'><em>divina</em></span> <span class='ocrx_word' id='word_1_918' title='bbox 1786 3284 1923 3316; x_wconf 81' lang='lat' dir='ltr'><em>natura</em></span> <span class='ocrx_word' id='word_1_919' title='bbox 1951 3285 2004 3316; x_wconf 85' lang='lat' dir='ltr'><em>est</em></span> <span class='ocrx_word' id='word_1_920' title='bbox 2026 3276 2262 3329; x_wconf 87' lang='lat' dir='ltr'><em>principium</em></span> <span class='ocrx_word' id='word_1_921' title='bbox 2291 3271 2460 3362; x_wconf 46' lang='lat' dir='ltr'><em>activum</em></span> 
     </span>
     <span class='ocr_line' id='line_1_124' title="bbox 2281 3337 2408 3375; baseline 0.008 -14"><span class='ocrx_word' id='word_1_922' title='bbox 2281 3352 2310 3375; x_wconf 91' lang='lat'><strong>„</strong></span> <span class='ocrx_word' id='word_1_923' title='bbox 2352 3337 2408 3362; x_wconf 69' lang='lat' dir='ltr'><em>iu-</em></span> 
     </span>
    </p>
   </div>
  </div>
 </body>
</html>
