2583 3685
795 130 876 176 DE
911 132 1146 178 VIRGIN.
1179 133 1644 181 CONCEPTIONE.
2271 144 2327 200 89

126 226 219 260 502·
251 216 297 256 At
322 224 417 253 vero
444 218 591 251 certum
610 243 621 261 ,
668 210 702 250 8(
733 211 846 266 plane
889 212 1184 254 demonstratum

73 282 153 323 est,
195 281 324 311 vocem
355 266 577 305 hebraicam
615 266 784 305 haalmn.
814 268 1011 320 designare
1052 269 1184 307 adole-

72 323 293 368 scentulam
315 351 327 369 ,
355 333 429 358 non
445 319 645 371 cujuscum
679 335 724 357 ue
743 323 914 372 generis,
944 323 1005 360 sed
1027 323 1185 360 abscon·

72 381 217 424 duam,
247 375 479 425 incognitam
510 375 620 422 viro,
650 336 860 425 ίΚΙΞιῈὶικίιι
891 389 912 412 a
943 375 1069 413 radice
1090 383 1185 426 την

73 431 238 471 Almam
268 426 429 476 celare,
460 423 729 473 absc012‹lere‚·
758 427 1050 465 adolescentula:
1081 429 1184 464 enim

69 485 245 535 innuptae
277 490 414 533 magna
456 479 654 532 diligentia
683 481 783 533 apud
816 481 998 518 Hebraeos
1039 480 1088 518 ab
1119 480 1184 516 lio-

69 539 222 576 minum
252 543 408 587 aspectu
438 534 769 582 custodiebantur,
801 541 839 570 ut
863 542 961 586 patet
977 547 1020 571 cx
1050 546 1184 570 secun-

69 592 118 632 do
144 590 246 630 libro
275 587 539 628 Machabaeor.
569 589 634 626 lll.
671 601 758 640 19.,
789 585 855 623 ubi
884 586 1049 635 dicitur,
1094 584 1184 622 Vir-

68 647 175 698 gines
192 674 203 692 ,
250 654 340 693 quoe
378 641 576 680 conclusae
604 649 722 679 erant
741 670 752 687 ,
796 640 1025 689 percurrisse
1053 639 1100 676 ad
1129 639 1182 676 Ο-

68 702 189 738 uiam.
219 697 259 735 ld
276 697 390 734 etiam
420 703 574 734 testatur
592 692 776 745 Joseplius
796 691 984 730 Hebraeus
1005 691 1076 730 lib.
1097 691 1183 729 Vll.

71 754 262 804 Antiquit.
290 747 450 788 Judaic.
479 761 564 800 cap.
587 760 646 785 ro.
678 745 850 784 Maxime
879 754 1004 783 autem
1036 746 1184 797 signifi-

69 815 179 845 catur
220 803 352 855 virgo,
397 801 551 854 qnando
579 812 649 837 vox
679 791 814 848 huby
840 798 955 836 alma
1002 800 1186 836 scribitur

68 873 159 898 cum
202 855 468 911 praepositione
495 853 630 892 litterae
661 857 696 893 Π
727 848 794 896 he,
844 861 882 889 ut
912 851 974 890 hic
1004 853 1185 891 scribitur

66 907 236 962 nobyn
265 907 458 947 haalma..
487 905 588 945 Sane
607 903 759 943 nonnisi
781 903 903 942 tribus
921 907 959 943 in
992 905 1080 944 locis
1099 905 1182 943 liaec

64 977 140 1002 vox
170 963 384 1009 invenitur,
414 958 448 995 ἃ
466 971 617 1009 semper
644 955 836 1006 significat
855 956 1055 1010 Virginem
1075 984 1086 997 .
1117 959 1182 996 Sic

65 1017 166 1057 Gen.
194 1011 342 1055 XXIV.
378 1010 438 1051 16.
468 1010 503 1048 ⁸:
530 1011 597 1058 43.
628 1009 800 1048 Rebecca
830 1012 935 1062 virgo
963 1013 1182 1064 appellatur

68 1084 158 1110 cum
187 1067 313 1107 littera
342 1075 378 1111 n
407 1064 455 1103 he
483 1066 689 1117 praeposita
717 1062 916 1102 haalma.
961 1065 1082 1104 Exodi
1115 1081 1180 1117 pa·

66 1124 161 1162 riter
179 1120 227 1159 Π.
257 1118 296 1159 8.
325 1117 456 1158 Maria
485 1131 588 1156 soror
617 1118 794 1168 Moysis,
824 1131 913 1169 qua:
944 1120 1051 1171 virgo
1081 1128 1179 1168 erat,

61 1173 441 1215 vocatur-haalma.
483 1169 562 1210 Nec
606 1170 718 1208 ullibi
764 1171 803 1208 in
832 1179 905 1208 tota
941 1185 1048 1210 sacra
1075 1173 1180 1211 Scri-

62 1237 177 1283 ptura
217 1226 354 1281 legitur
397 1224 482 1263 haec
511 1236 583 1263 vox
618 1222 789 1261 haalma
817 1224 863 1261 ad
910 1225 1179 1277 designandam

64 1281 267 1336 puellam,
296 1292 386 1332 quae
414 1279 523 1328 virgo
543 1285 625 1315 ‘non
657 1277 798 1322 suerit3
827 1277 920 1314 adeo
949 1288 987 1316 ut
1017 1279 1058 1317 S.
1088 1280 1181 1317 Hie-

63 1348 251 1386 ronymus
281 1333 320 1371 iu
349 1343 456 1370 sacro
483 1338 583 1368 textu
614 1329 796 1368 hebraico
826 1333 1099 1370 versatissimus
1129 1335 1181 1372 ita

62 1387 226 1427 fidenter
256 1385 416 1437 potuerit
445 1396 608 1423 asserere
638 1383 906 1422 inComment.
937 1386 982 1424 ad
1005 1385 1104 1424 hunc
1126 1386 1181 1424 lo-

65 1451 179 1480 cum:
201 1468 228 1488 ,‚
251 1438 450 1486 Quantum
480 1450 568 1476 cum
586 1451 671 1474 mea
695 1450 822 1489 pugno
841 1441 1027 1477 memoria
1043 1470 1054 1487 ,
1085 1453 1181 1478 nun-

64 1523 92 1543 „
121 1506 239 1546 quarn
270 1505 332 1530 me
359 1490 526 1529 arbitror
560 1490 677 1528 alma
707 1492 746 1528 in
777 1489 941 1530 muliere
983 1503 1097 1545 nupta
1129 1494 1182 1530 le-

62 1561 90 1595 5,
117 1547 214 1598 gisse
235 1574 247 1594 ,
277 1543 343 1582 sed
372 1544 411 1581 in
442 1556 512 1588 ea,
541 1555 631 1595 quae
651 1544 758 1593 virgo
779 1552 854 1580 est:
886 1554 925 1582 ut
954 1558 1029 1583 nou
1057 1545 1181 1583 solum

63 1629 92 1650 „
121 1600 228 1651 virgo
256 1598 328 1646 sit,
357 1595 421 1636 sed
451 1597 558 1648 virgo
584 1595 748 1647 junioris
778 1599 896 1634 aetatis
915 1628 925 1645 ,
956 1597 989 1633 8<
1007 1600 1043 1635 in
1073 1600 1182 1636 aunis

62 1681 90 1703 ‚,
118 1650 385 1690 adolescentiae
402 1673 414 1687 .
442 1648 547 1701 Ergo
576 1649 708 1687 Atmoe
738 1649 966 1688 non.solum
986 1680 996 1697 ‚
1027 1650 1181 1702 puella,

60 1734 89 1756 ‚,
116 1703 178 1744 vel
207 1706 337 1758 virgo,
366 1702 430 1743 sed
459 1715 548 1741 cum
579 1703 763 1745 στιτοῖςειν
795 1699 915 1756 Virgo
945 1703 1181 1742 abscondita

63 1788 91 1808 „
119 1759 286 1806 dicitur,
317 1757 535 1804 &secreta,
565 1767 653 1808 quae
683 1768 879 1808 nunquam
910 1759 1082 1795 virorum
1114 1773 1180 1810 pa-

64 1841 92 1862 „
122 1813 236 1850 tuerit
265 1809 507 1863 aspectibus,
537 1809 601 1846 sed
622 1820 758 1858 magna
788 1819 988 1860 parentum
1018 1811 1182 1862 diligen-

61 1894 90 1914 „
119 1867 173 1904 tia
200 1864 383 1903 custodita
411 1864 484 1900 sit.
513 1860 560 1899 Et
575 1861 703 1899 addit:
733 1860 864 1913 lingua
891 1876 1044 1916 quoque
1066 1863 1179 1902 Puni-

65 1947 93 1967 „
123 1932 194 1966 ca,
223 1931 312 1971 quae
341 1918 389 1956 de
418 1915 674 1954 Hebraeorum
704 1913 873 1954 fontibus
902 1931 1056 1956 manare
1084 1918 1181 1956 dici-

62 1999 90 2021 „
119 1979 205 2019 tur,
235 1972 389 2024 proprie
419 1967 538 2022 Virgo
567 1969 683 2006 alma
711 1968 957 2020 appellatur.
980 1973 1005 1992 ‘⁶

118 2024 209 2064 203.
238 2023 372 2076 Neque
401 2035 489 2060 vero
517 2021 753 2060 contrarium
775 2023 966 2061 *evincunt
994 2024 1069 2062 duo
1097 2024 1182 2062 loca

61 2076 211 2130 objecta
237 2091 285 2116 ex
304 2076 492 2124 Canticis,
523 2074 558 2112 ἃ
587 2088 631 2114 ex
648 2073 885 2114 Proverbiis.
916 2074 1013 2115 Nam
1045 2079 1084 2115 in
1102 2080 1181 2129 pri-

62 2143 126 2170 mo
152 2128 236 2168 inae
272 2127 563 2170 adolescentulae
581 2159 592 2178 ,
635 2140 725 2181 quae
768 2138 953 2168 vocantur
982 2131 1150 2168 Alamor
1169 2161 1181 2179 ,

60 2185 231 2236 virginea
255 2193 388 2231 erant5
430 2191 557 2235 utpote
600 2195 690 2236 quae
734 2182 896 2221 iuferius
923 2197 1010 2235 cap.
1041 2184 1110 2220 Vl.
1143 2197 1180 2234 7.

59 2237 347 2291 distinguuntur
374 2251 398 2276 a
426 2235 604 2285 Reginis,
634 2248 699 2274 seu
731 2235 913 2272 uxoribus
943 2236 1180 2284 Salomonis,

61 2288 97 2326 ἃ
125 2304 147 2328 a
175 2291 424 2330 concubinis:
461 2288 696 2340 Sexaginta
725 2296 815 2325 sunt
844 2292 1023 2339 reginae,
1061 2289 1110 2328 <9¹
1138 2301 1179 2325 o-

60 2345 239 2394 ctoginta
280 2337 537 2388 concubinae,
580 2342 631 2381 Θ·
660 2339 1054 2377 adolescentularum
1096 2354 1180 2379 non

62 2403 122 2433 est
151 2407 366 2439 numerus;
395 2407 534 2445 nempe
549 2392 755 2445 Virginum
774 2422 785 2439 ,
815 2406 903 2444 quae
936 2395 972 2430 in
995 2407 1180 2446 gynecaeo

63 2448 382 2496 asservabantur,
413 2456 452 2486 ut
471 2445 634 2499 ,quando
661 2458 754 2498 opus
783 2455 902 2495 esset,
933 2447 972 2484 iu
1002 2447 1180 2500 conjuges

61 2511 343 2541 assumerentur
359 2526 371 2539 .

117 2554 209 2601 204.
241 2556 282 2594 ln
311 2568 397 2607 cap.
435 2561 562 2592 autem
594 2550 728 2592 XXX.
773 2551 954 2591 Pro'verb.
997 2553 1181 2596 Salomon

61 2607 182 2656 dicit,
212 2610 284 2647 tria
314 2622 391 2646 esse
419 2607 492 2646 sibi
522 2605 718 2654 difficilia,
760 2605 906 2645 scilicet
937 2608 1039 2646 viam
1070 2611 1180 2661 aqui·

59 2658 112 2698 1ae
143 2661 182 2699 in
213 2662 342 2708 coelo,
372 2662 475 2699 viam
506 2659 655 2700 colubri
686 2669 958 2712 superterram
978 2691 988 2708 ‚
1019 2662 1051 2697 8<
1075 2665 1178 2701 viam

58 2715 170 2754 navis
199 2715 238 2753 in
269 2715 395 2754 medio
423 2714 545 2758 mari;
591 2722 771 2766 quartum
801 2722 928 2752 autem
957 2729 996 2752 se
1024 2720 1178 2763 penitus

61 2769 254 2821 ignorare
273 2798 284 2816 ,
326 2781 463 2821 nempe
493 2771 599 2805 viam
629 2770 698 2804 viri
726 2771 768 2805 in
797 2766 1070 2806 adolescentia.
1088 2799 1098 2817 ‚
1138 2779 1178 2808 ut

62 2829 188 2860 noster
216 2820 404 2874 Vulgatus
432 2820 543 2874 legit,
575 2834 652 2859 una
681 2834 769 2858 cum
801 2819 925 2859 LXX.
957 2822 1176 2874 interpreti-

57 2869 158 2921 bns,
187 2875 280 2914 idest
308 2875 501 2929 quomodo
530 2888 618 2912 usus
647 2876 801 2912 rationis
829 2875 982 2912 anobis
1011 2877 1173 2924 sensim,

61 2936 107 2962 te
133 2929 271 2966 sensim
299 2930 546 2982 acquiratur,
576 2927 610 2963 &
641 2942 717 2966 una
747 2941 834 2966 cum
868 2938 975 2966 aetate
998 2930 1034 2967 in
1066 2929 1175 2968 nobis

62 2987 226 3019 crescat.
270 2980 350 3030 Qui
378 2990 506 3022 autem
537 2995 614 3021 una
642 2995 731 3021 cuin
762 2981 938 3020 Hebraeis
973 2981 1103 3035 legunt
1134 2984 1174 3022 in

112 3166 159 3202 (α)
184 3163 312 3209 Aquila
351 3167 465 3211 primo
488 3169 639 3204 Gentilis
673 3169 762 3211 suit,
806 3178 923 3216 postea
951 3168 1173 3205 Christianus

63 3219 103 3242 ac
128 3207 270 3244 demum
295 3213 491 3257 proselytus
515 3214 657 3250 „Iudaeus
679 3239 688 3249 .
730 3219 891 3251 Gra-cam
918 3230 1017 3251 suam
1044 3218 1175 3249 versio-

60 3265 140 3289 nem
166 3255 277 3290 edidit
304 3259 459 3302 primum
483 3272 575 3293 anno
600 3261 660 3293 [Ε.
687 3263 727 3295 C.
747 3274 856 3308 929.;
882 3265 1028 3298 alteram
1055 3271 1173 3307 postea

62 3299 194 3334 addidit
215 3324 224 3343 ‚
250 3316 356 3348 quam
378 3303 588 3339 Denter-asin
603 3327 613 3346 ‚
637 3319 707 3340 una
725 3320 804 3342 cum
825 3319 942 3344 annot·
959 3332 969 3351 ‚
998 3314 1028 3342 &
1046 3321 1172 3342 comm·

63 3344 254 3393 inpietatis
281 3350 392 3394 plenis
490 3350 707 3386 Theodotion
742 3365 827 3389 vero
852 3355 1026 3401 Ephesius
1057 3356 1174 3400 primo

170 3393 409 3450 Gazzaniga·
441 3397 571 3439 Theol.
602 3398 715 3439 Tom.
736 3399 786 3439 V.

1253 210 1579 262 adolescentula,
1615 216 1675 253 vel
1708 216 1745 254 id
1777 217 1947 255 referunt
1977 217 2022 256 ad
2052 217 2278 271 mysterium
2313 220 2374 260 ln-

1252 269 1479 304 carnationis
1509 268 1749 316 Dominicae,
1779 271 1880 323 quod
1910 281 2008 309 certe
2041 273 2236 323 ignorabat
2265 273 2374 312 Salo-

1254 332 1369 366 mon,
1418 321 1609 371 quomodo
1640 323 1678 358 in
1723 333 1827 360 utero
1860 323 2029 375 Virginis
2075 335 2270 377 peractum
2301 329 2371 366 sit:

1254 371 1313 409 vel
1344 372 1474 409 dicunt
1492 401 1502 419 ‚
1531 372 1775 413 Salomonem
1808 378 1995 427 ignorasse
2017 380 2171 416 modum
2190 410 2200 427 ,
2230 393 2307 432 quo
2327 393 2374 420 ex

1254 426 1506 476 permixtione
1536 428 1733 478 utriusque
1762 443 1869 467 sexus
1914 431 1978 467 fiat
2010 431 2174 469 hominis
2216 447 2372 484 genera-

1254 479 1333 522 tio;
1363 477 1424 515 vet
1455 478 1611 517 demum
1641 491 1867 530 autumant,
1899 485 2061 521 voluisse
2093 483 2192 522 huuc
2223 489 2372 537 sapien-

1252 531 1441 583 tissimum
1476 530 1613 583 Regem
1644 543 1739 571 artes
1770 536 1936 572 iudicare
1959 567 1968 584 ‚
2017 537 2160 590 quibus
2190 541 2372 577 astutissi-

1254 598 1328 621 mae
1359 583 1503 636 puellae
1535 595 1662 638 turpes
1692 600 1776 624 suos
1807 588 1933 640 lapsus
1967 591 2195 628 abscondere
2226 591 2370 631 solent.

1253 639 1299 675 At
1331 650 1420 675 vero
1447 639 1594 676 etiamsi
1632 641 1860 678 concedatur
1892 641 2103 690 Rabbiuis‚
2149 645 2263 681 fuisse
2294 645 2366 684 hoc

1253 690 1336 729 loco
1352 704 1490 728 nomeu
1509 691 1629 730 Alma.
1647 693 1863 732 adhibitum
1880 695 1927 732 ad
1947 698 2239 746 significandam
2264 699 2373 750 puel-

1252 743 1329 782 lam
1362 757 1436 781 non
1467 759 1555 782 vere
1572 776 1582 793 ‚
1614 747 1675 783 sed
1697 748 1875 785 simulate
1896 750 2081 799 virginem
2101 780 2110 796 ‚
2142 765 2216 789 nnn
2240 753 2370 802 video,

1251 798 1435 848 quidnam
1467 799 1552 835 inde
1584 800 1717 838 inferri
1750 803 1860 852 possit
1881 813 2008 839 contra
2025 803 2131 841 Isaiae
2152 803 2371 843 oraculum:

1252 852 1361 901 quasi
1393 864 1481 888 vero
1511 852 1623 890 isaias
1653 866 1728 892 uon
1772 855 1818 891 de
1849 869 1964 903 veta,
2013 858 2074 894 sed
2104 859 2149 894 de
2191 858 2372 898 simulata.

1254 903 1415 956 Virgine
1446 902 1593 943 locutus
1624 908 1696 944 sit.

1308 958 1400 995 205.
1432 957 1546 996 Dices
1576 957 1728 1011 primo.
1776 960 1933 998 Hebraei
1966 962 2012 999 ad
2045 961 2240 1014 Virginem
2271 965 2371 1004 desi·

1249 1011 1444 1062 gnandam
1476 1021 1632 1050 utuntur
1662 1027 1754 1051 voce
1788 1014 1939 1059 nb'mn
1970 1014 2110 1053 Beeula
2129 1048 2138 1064 ‚
2170 1027 2209 1056 ut
2236 1030 2283 1055 ex
2313 1020 2370 1057 iu—

1249 1066 1420 1102 ntuneris
1451 1064 1541 1103 locis
1568 1068 1711 1105 ostendi
1732 1076 1860 1120 ‚potest
1878 1093 1888 1104 .

1305 1117 1396 1156 206.
1430 1117 1540 1170 Resp.
1557 1149 1567 1167 ,
1600 1119 1699 1158 hauc
1731 1134 1862 1158 vocem
1881 1120 2022 1160 Secula
2044 1124 2262 1175 significare
2280 1124 2371 1163 Vir-

1247 1171 1375 1222 ginem
1405 1171 1685 1225 cujuscumque
1717 1176 1864 1219 aetatis;
1909 1188 2041 1213 vocem
2085 1187 2214 1214 autem
2247 1180 2370 1216 Alma

1245 1225 1463 1274 significare
1503 1224 1700 1276 Virginem
1744 1227 2093 1277 adolescentulam,
2143 1233 2363 1280 cujusmodi

1249 1278 1321 1315 fuit
1351 1277 1506 1326 Maria,
1555 1280 1710 1331 quando
1751 1281 1797 1318 de
1826 1278 1974 1327 Spiritu
2013 1280 2152 1319 Sancto
2195 1297 2312 1322 conce
2345 1287 2372 1323 it

1249 1330 1459 1369 Dominum
1489 1341 1658 1370 nostrum
1687 1333 1818 1372 Jesum
1847 1332 2044 1372 Christum
2062 1361 2072 1373 .
2104 1335 2186 1372 lmo
2206 1350 2278 1374 vox
2296 1300 2371 1374 [5-

1251 1385 1335 1421 tula
1364 1385 1574 1438 aliquando
1604 1396 1783 1439 usurpata
1806 1388 1996 1425 invenitur
2015 1388 2062 1426 ad
2078 1389 2370 1440 significandam

1251 1439 1430 1486 viduam,
1480 1448 1518 1476 ut
1547 1439 1663 1477 Joelis
1707 1441 1736 1477 l.
1767 1440 1806 1477 8.
1850 1437 2037 1492 Plange,
2085 1446 2200 1491 quasi
2245 1439 2367 1497 Virgo

1253 1495 1267 1543 (
1291 1491 1410 1529 Hebr.
1433 1490 1606 1540 Betula)
1637 1498 1826 1531 accincta.
1855 1505 1975 1530 sacco
2005 1507 2121 1545 super
2142 1499 2270 1533 virum
2298 1509 2368 1548 pu-

1251 1543 1416 1582 hernicis
1445 1559 1530 1583 suae
1548 1573 1558 1583 .

1307 1611 1398 1648 207.
1430 1598 1544 1636 Dices
1570 1600 1755 1639 secundo.
1810 1599 1979 1652 Aquila,
2024 1600 2261 1641 Theodotion
2281 1633 2291 1650 ‚
2335 1604 2370 1640 δε

1249 1648 1511 1699 Symmachus
1539 1664 1664 1702 graece
1695 1654 1794 1691 hanc
1817 1654 1923 1690 Isaiae
1955 1667 2087 1692 vocem
2119 1657 2368 1708 interpretan-

1250 1710 1324 1749 tes,
1355 1717 1426 1741 non
1458 1713 1651 1743 verterunt
1682 1702 1868 1753 παρθένον
1903 1706 2113 1757 parthenon
2144 1712 2368 1759 virginem,

1250 1756 1313 1793 sed
1344 1756 1495 1795 ιεαιίἲῗα
1523 1758 1703 1796 ηθαηίιῖα.
1732 1757 2074 1795 adolescentulam
2094 1785 2104 1797 .

1307 1810 1397 1847 208.
1431 1808 1569 1861 Restm,
1619 1811 1678 1849 liis
1718 1810 1840 1847 tribus
1871 1811 2142 1864 interpretibus
2186 1824 2372 1867 suspectae

1250 1861 1342 1900 fidei
1365 1891 1375 1908 ‚
1407 1870 1536 1914 utpote
1565 1865 1630 1916 qui
1663 1861 1847 1916 proselyti
1867 1863 2089 1904 Judaeorum
2123 1868 2277 1907 fuerunt
2295 1900 2305 1917 ,
2336 1870 2371 1907 δε

1250 1926 1331 1967 post
1359 1925 1488 1954 natam
1517 1915 1775 1956 Christianam
1807 1915 2032 1969 religionem
2065 1934 2148 1957 suas
2180 1924 2371 1961 versiones

1250 1967 1449 2007 ediderunt
1480 1971 1573 2020 (a),
1604 1970 1865 2024 praeferendos
1895 1986 1971 2009 esse
1993 1962 2119 2010 LX‘X.
2149 1987 2271 2022 senes,
2299 1977 2371 2028 qui

1249 2031 1334 2060 ante
1362 2021 1546 2071 dissidia,
1578 2023 1612 2060 8t
1640 2025 1807 2063 schisma
1838 2023 2103 2063 Rabbinorum
2134 2039 2267 2064 vocem
2298 2030 2369 2066 Al-

1249 2089 1323 2113 ma
1351 2084 1545 2114 verterunt
1579 2073 1767 2126 παρθῖνοι
1795 2076 2017 2126 parthenon
2047 2078 2246 2131 Virginem
2265 2106 2275 2118 .
2314 2083 2370 2121 Ita

1249 2142 1402 2180 quoque
1439 2138 1633 2167 verterunt
1662 2127 1928 2181 paraphrastes
1959 2130 2199 2181 Onltelosus,
2242 2133 2276 2170 8<
2304 2134 2370 2173 Jo-

1250 2182 1414 2227 nathan5
1443 2181 1476 2218 &
1507 2183 1560 2220 ita
1587 2183 1701 2219 etiam
1725 2192 1867 2220 veteres
1884 2183 2032 2237 aliquos
2050 2184 2243 2225 Rabbinns
2265 2188 2368 2227 hunc

1248 2232 1376 2272 locum
1411 2233 1638 2273 intellexisse
1668 2243 1848 2274 testantur
1864 2235 2130 2277 Tertullianus
2145 2249 2289 2278 contra
2303 2241 2370 2278 Ju-

1248 2286 1358 2324 daeos
1388 2301 1423 2325 c.
1453 2300 1520 2340 9.,
1551 2289 1584 2325 &
1615 2287 1805 2327 Eusebius
1825 2288 1915 2329 Lib.
1938 2291 2024 2328 Vll.
2055 2291 2290 2333 Demonstr.
2311 2294 2371 2333 E-

1247 2341 1406 2393 vczngel.
1435 2354 1470 2379 c.
1495 2356 1532 2392 7.
1562 2341 1673 2380 Unde
1702 2355 1950 2382 communem
1980 2342 2097 2397 hujus
2127 2349 2228 2386 vocis
2258 2348 2370 2386 intel-

1246 2392 1445 2445 ligentiam
1475 2393 1720 2448 Evangelista
1750 2396 1956 2437 Matthaeus
1986 2409 2136 2438 secutus
2164 2409 2242 2449 est,
2273 2403 2368 2455 quin

1249 2447 1391 2500 aliquis
1421 2461 1464 2485 eo
1494 2458 1664 2502 tempore
1693 2451 1727 2488 ei
1757 2452 2056 2490 contradixerit.

1306 2514 1397 2552 209.
1427 2501 1545 2541 Dices
1575 2503 1712 2541 tertio.
1743 2501 1815 2542 llla
1831 2505 1972 2544 verba:
2002 2502 2113 2543 Ecce
2131 2500 2252 2558 Virgo
2272 2519 2368 2545 con·

1249 2557 1362 2602 cipiet
1380 2584 1390 2601 ,
1420 2556 1469 2596 <J
1497 2560 1653 2604 pariet,
1682 2556 1846 2608 intelligi
1904 2567 2028 2596 ossunt
2060 2561 2098 2596 in
2126 2573 2235 2597 sensu
2264 2562 2366 2599 divi·

1247 2620 1312 2651 so;
1343 2621 1480 2658 nempe
1511 2622 1580 2656 ea,
1609 2621 1698 2659 quae
1730 2609 1842 2645 modo
1871 2573 1991 2651 Virao
2020 2619 2098 2657 est,
2148 2621 2273 2662 postea
2303 2628 2368 2652 sn·

1247 2669 1371 2710 scepto
1401 2660 1505 2698 virili
1535 2663 1678 2698 semine
1697 2661 1913 2712 concipiet,
1944 2659 1977 2697 &
2011 2663 2145 2708 ›ariet3
2175 2668 2365 2715 quomodo

1247 2713 1398 2750 dicebat
1413 2712 1519 2752 Jesus
1542 2713 1680 2752 Matth.
1702 2710 1769 2750 Vl.
1789 2715 1825 2751 5.
1846 2678 2047 2767 discipulis
2067 2715 2242 2755 Joannis:
2273 2717 2362 2757 Cae-

1247 2770 1283 2803 ci
1312 2766 1466 2815 vitient,
1509 2765 1618 2804 surdi
1647 2764 1813 2805 audiunt
1835 2797 1846 2815 ‚
1888 2767 2020 2806 claudi
2049 2765 2260 2808 ambulant
2290 2770 2363 2812 Sec.

1246 2820 1287 2858 ld
1317 2830 1414 2872 patet
1444 2834 1488 2858 ex
1519 2820 1602 2859 loco
1630 2819 1773 2868 Joelis,
1803 2835 1843 2859 su
1878 2835 1918 2859 ra
1947 2818 2096 2860 maoss.
2125 2819 2264 2872 allato,
2296 2826 2363 2864 ubi

1245 2886 1380 2912 nomen
1398 2872 1569 2926 Virginis
1598 2872 1803 2912 adhibetur
1821 2836 1873 2912 ag
1897 2874 2147 2914 denotandam
2178 2874 2361 2928 viduam,

1243 2941 1331 2978 qnae
1365 2926 1486 2979 plorat
1516 2941 1629 2980 super
1659 2928 1809 2974 virum,
1856 2929 1918 2965 cui
1950 2930 2059 2981 virgo
2085 2928 2180 2967 olim
2224 2941 2362 2984 nupse-

1242 2989 1325 3019 rat.
1374 2982 1455 3025 lmo
1485 2996 1552 3020 nec
1581 2981 1750 3033 profanis
1788 2980 2038 3033 scriptoribus
2079 2983 2243 3022 insolens
2286 2987 2362 3026 fuit

2243 3051 2306 3077 no-

1243 3165 1437 3202 Marcionis
1465 3173 1618 3201 :eet-ator
1646 3165 1709 3199 sui.-
1727 3188 1738 3206 ,
1780 3176 1898 3212 postea
1923 3166 1966 3203 ad
1991 3169 2130 3205 Judaeos
2167 3171 2356 3217 migravit.

1243 3215 1330 3258 Ejus
1359 3214 1473 3246 versio
1510 3213 1641 3258 pejoris
1679 3223 1729 3246 est
1757 3223 1874 3255 notae,
1915 3227 2022 3261 quam
2058 3218 2173 3251 versio
2199 3219 2359 3263 Aquilae.

1243 3259 1478 3305 Symmachus
1505 3261 1747 3293 Samaritanus
1773 3270 1873 3301 παις
1910 3261 2136 3297 Christianus
2164 3270 2279 3297 autem
2306 3263 2357 3295 sa-

1242 3316 1318 3339 ctus
1347 3306 1520 3339 Eliionitis
1548 3305 1715 3346 adhaesit,
1742 3307 1777 3339 in
1801 3313 1951 3352 quorum
1978 3311 2132 3354 gratiam
2156 3320 2255 3343 suam
2282 3306 2355 3340 edi-

1241 3352 1292 3387 dit
1318 3359 1469 3397 graecam
1495 3351 1692 3387 Bibliorum
1715 3354 1911 3389 versionem
1929 3377 1939 3387 .

1763 3411 1807 3436 12
