2583 3685
218 135 272 180 54
726 123 806 166 DE
839 120 1310 166 INCARNATJONE
1345 119 1513 164 SECT.
1537 121 1570 163 Ι.
1606 120 1734 165 (ΖΑΡ.
1758 122 1881 166 vni.

163 209 253 254 aad,
283 214 323 242 ut
351 207 554 253 requirant
583 205 701 238 cereri
722 199 925 237 hominum
947 201 1189 249 Dominum,
1220 202 1267 241 ζ’)

160 272 298 298 onmes
325 265 483 307 gentes,
514 267 628 301 super
658 267 758 304 quas
778 257 1002 290 invocatum
1035 262 1092 291 est
1122 267 1268 291 nomen

160 324 315 355 meum,
345 308 438 346 dicit
467 306 690 355 Dominus,
709 306 876 357 faciens
906 305 986 342 baec
1005 333 1014 344 .

214 362 303 401 205.
334 361 475 398 Omnia
490 373 575 411 ergo
596 370 666 397 vet.
691 360 921 397 Testamenti
944 361 1124 398 vaticinia
1142 390 1151 406 ,
1182 361 1268 412 qui-

157 417 228 455 bus
267 415 500 466 promittitur
542 413 733 451 renovatio
761 412 999 458 Jerusalem,
1047 412 1081 448 8<
1111 412 1266 465 ''Peinpli

155 468 432 514 reaedificatio,
463 467 642 504 restitutio
670 468 758 504 item
778 497 787 513 ,
819 466 852 501 8(
881 465 1132 517 amplificatio
1162 467 1267 516 regni

156 522 299 568 lsrael,
343 535 385 558 ac
415 520 569 557 demum
601 519 774 558 liberatio
803 519 955 556 Judaici
986 519 1119 569 populi
1148 533 1169 555 a
1198 519 1267 555 du—

155 577 332 621 rissima,
363 586 437 625 qua
468 574 674 624 premitur,
705 574 947 624 captivitate,
987 572 1126 608 debent
1157 572 1269 622 spiri-

154 629 306 666 tualiter
336 625 494 677 intelligi
524 627 570 663 de
599 626 794 672 Ecclesia,
824 639 867 662 ac
897 625 944 661 de
974 637 1087 674 regno
1106 623 1268 668 Cliristi5

154 694 231 719 nou
260 689 387 718 autem
417 692 505 716 cum
535 679 816 717 somniantibus
835 678 1058 715 Judaeorum
1081 677 1270 727 magistris

154 733 389 780 litteraliter,
421 732 453 768 &
482 731 685 769 carnaliter
714 733 760 769 de
790 740 940 768 terrena
969 730 1200 767 restitutione
1231 743 1268 765 a·

151 786 262 825 boliti
295 799 360 837 per
389 785 659 838 septemdecim
688 785 721 821 8(
751 785 919 836 amplius
948 782 1088 821 saecula
1120 781 1269 820 Israeli-

152 841 219 878 tici
249 840 431 891 imperii.
476 838 576 876 Hinc
608 838 688 875 illae
718 841 817 876 vivae
849 838 1034 888 imagines
1064 835 1269 887 Propheta·

153 906 240 930 rum
261 923 271 940 ,
302 907 345 929 ac
375 892 572 944 praecipue
594 892 701 929 Isaiae
720 921 731 938 ,
761 905 828 943 qui
859 890 1040 929 describit
1069 888 1185 926 coelos
1206 901 1269 925 no-

156 959 250 992 vos,
280 959 324 982 ac
354 954 492 982 terram
524 958 659 981 novam
678 975 687 992 ,
734 945 799 982 ubi
829 945 942 995 copia
985 943 1180 979 fructuum
1212 943 1269 979 in-

153 998 374 1046 credibilis,
404 996 604 1036 affluentia
625 995 946 1043 consolationum,
970 995 1002 1029 8<
1018 994 1273 1043 deliciarum,

154 1052 297 1089 fluvius
326 1052 430 1102 pacis
452 1080 462 1098 ,
512 1049 545 1084 8(
574 1052 683 1101 quasi
714 1059 857 1087 torrens
888 1048 1080 1087 inundans
1108 1047 1271 1097 gloriam

151 1106 322 1155 gentium
342 1134 352 1150 ,
381 1105 431 1144 Θ
453 1106 526 1140 erit
543 1107 692 1140 mensis
722 1116 775 1140 ex
796 1115 935 1140 mense
953 1131 962 1149 ,
992 1101 1042 1141 <9¹
1061 1099 1271 1138 sabbatum

152 1171 206 1195 ex
222 1156 408 1206 sabbato,
438 1157 532 1195 idest
551 1166 734 1208 perpetua
753 1157 939 1194 successio
961 1155 1244 1192 neomeniarum
1259 1184 1269 1201 ,

154 1210 188 1246 ἃ
218 1212 424 1256 festorum3
461 1223 550 1262 qnae
580 1211 707 1248 omnia
737 1210 808 1248 sub
837 1209 970 1260 figuris
1000 1208 1270 1258 exprimuntur

152 1279 240 1316 cap.
272 1273 486 1316 postremo,
517 1263 583 1300 ubi
613 1263 769 1301 demum
800 1276 909 1300 versu
933 1260 1147 1313 penultimo
1176 1273 1267 1298 con„

154 1317 347 1355 cluditur:
383 1315 498 1354 Venit
526 1320 657 1353 omnis
686 1329 783 1354 caro
814 1321 827 1366 (
858 1328 929 1352 non
959 1311 1074 1351 Israel
1105 1321 1270 1351 tantum-⁵

152 1371 289 1417 modo,
320 1370 382 1406 sed
411 1370 537 1406 omnis
566 1369 726 1418 natio),
756 1378 796 1406 ut
824 1368 963 1406 adoret
993 1378 1133 1404 coram
1149 1366 1270 1418 facie

152 1436 247 1461 mea
266 1452 275 1469 ,
306 1422 397 1459 dicit
427 1421 624 1459 Dominus
641 1448 652 1460 .

205 1475 298 1521 204.
325 1475 524 1512 Coronidis
553 1474 636 1513 loco
665 1488 738 1512 non
769 1476 839 1512 erit
860 1475 996 1513 inutile
1016 1474 1182 1514 breviter
1202 1471 1269 1511 Ju-

147 1529 242 1567 daeis
271 1541 571 1566 commemorare
594 1528 705 1566 falsas
727 1529 980 1566 recentiorum
1000 1528 1266 1567 Rabbinorum

150 1581 396 1634 prophetias,
425 1580 569 1633 quibus
599 1596 701 1634 saepe
730 1583 810 1619 ausi
841 1591 924 1619 sunt
944 1583 1020 1620 suis
1041 1579 1266 1619 contribuli-

150 1635 223 1673 bus
252 1635 465 1687 praedicere
483 1644 634 1685 tempus
652 1664 662 1682 ,
692 1649 768 1685 quo
788 1643 1005 1686 expectatus
1025 1633 1184 1671 Messias
1204 1645 1268 1669 ve·-

149 1690 236 1725 nire
264 1687 454 1734 debebat,
483 1688 576 1737 quin
605 1696 731 1724 tamen
748 1697 902 1724 eventus
924 1687 1102 1723 inanibus
1126 1685 1182 1722 his
1204 1698 1268 1723 va-

148 1741 293 1777 ticiniis
324 1740 583 1790 responderit.
625 1740 908 1777 Celeberrimus
938 1740 1036 1777 inter
1072 1739 1167 1777 alios
1197 1738 1270 1775 fuit

151 1791 198 1830 R.
216 1792 473 1830 Maimonides
486 1822 496 1839 ,
525 1805 640 1843 quem
658 1791 789 1844 Moysi
811 1791 1014 1843 legislatori
1029 1792 1150 1844 aliqui
1167 1804 1269 1828 com-

149 1858 290 1898 parare
318 1858 391 1882 non
431 1844 680 1882 dubitarunt.
729 1846 802 1883 Hic
833 1847 869 1883 in
899 1846 1066 1897 quadam
1109 1844 1269 1897 epistola

150 1900 200 1936 ad
230 1898 415 1936 Hebraeos
444 1898 483 1934 in
514 1897 649 1935 Africa
676 1908 949 1937 commorantes
987 1908 1087 1936 certo
1127 1898 1269 1950 praedi-

149 1953 232 1998 xit,
270 1950 452 1989 Messiam
483 1958 685 1988 venturum
717 1966 794 1989 esse
823 1965 921 1989 anno
950 1953 1086 1990 mundi
1117 1952 1264 2004 4972.;

151 2006 219 2055 qui
250 2013 376 2041 tamen
418 2015 540 2040 annus
570 2005 777 2054 praeteriit,
826 2006 921 2057 quin
964 2006 1171 2057 expectatio
1199 2004 1265 2042 Ju-

147 2059 321 2095 daeorum
351 2055 500 2107 expleta
530 2056 671 2094 fuerit.
715 2056 844 2095 Postea
875 2057 920 2094 R.
951 2057 1131 2095 Salomon
1164 2056 1264 2094 Mal-

148 2125 238 2158 cus,
268 2111 337 2162 qui
366 2108 508 2147 saeculo
528 2107 640 2147 XVI.
671 2109 847 2148 Mantuae
877 2120 1057 2162 tanquam
1088 2110 1265 2148 solemnis

147 2165 330 2215 impostor
359 2165 444 2214 igne
472 2162 670 2200 damnatus
700 2164 797 2212 fuit,
828 2163 1011 2202 Messiam
1042 2174 1144 2201 certe
1176 2178 1264 2201 ven-

146 2226 278 2254 turum
307 2217 481 2267 promisit
501 2228 600 2252 anno
621 2226 699 2268 post
719 2217 908 2255 mundum
930 2225 1099 2256 creatum
1124 2216 1263 2266 5550„

147 2270 357 2307 secundum
387 2270 695 2320 supputationem
728 2271 980 2309 Hebraeorum
998 2301 1008 2319 ,
1039 2284 1125 2323 quae
1155 2285 1177 2307 a
1197 2283 1263 2308 no-

150 2331 226 2360 stra
253 2321 508 2372 Clironologia
548 2321 679 2360 deficit
720 2326 831 2362 annis
863 2324 980 2371 240„
1028 2324 1092 2361 sed
1136 2333 1265 2361 neuter

149 2389 270 2413 annus
298 2376 394 2412 vidit
422 2388 516 2412 vane
537 2385 776 2426 expectatum
799 2376 979 2415 Messiam
999 2405 1009 2416 .
1042 2376 1086 2415 R.
1116 2377 1265 2416 Jechiel

146 2428 223 2467 ben
253 2426 347 2466 Zevi
376 2428 502 2466 natale
533 2427 684 2466 Messiae
716 2430 800 2468 fixit
828 2443 927 2469 anno
963 2430 1079 2481 1724.
1121 2442 1260 2469 nostrae

148 2495 266 2519 aerae.
304 2481 641 2531 Supervacaneum
671 2493 750 2532 est,
780 2484 945 2536 singulos
976 2483 1084 2521 hosce
1115 2484 1260 2522 vanilo-

147 2549 241 2586 quos
270 2535 473 2586 Prophetas
503 2549 722 2584 recensere,
771 2550 863 2589 qucs
893 2539 1005 2574 etiam
1052 2538 1260 2578 confutavit

149 2588 190 2626 B.
223 2590 376 2627 Azarias
406 2589 466 2626 De
496 2588 601 2627 Rossi
631 2589 668 2627 in
698 2604 764 2628 sno
793 2590 914 2629 Meor
944 2589 1122 2628 Ena‘im.

487 2694 770 2735 CAPUT
853 2697 923 2736 IX.

228 2799 477 2850 ostenditur,
510 2801 711 2840 Messinm
741 2805 782 2840 ἱη
811 2802 920 2856 Lege
949 2807 1188 2855 promissum

351 2854 543 2906 ficturum
574 2869 707 2893 verum
735 2857 783 2898 <9-
814 2858 1047 2895 naturalem

571 2908 712 2947 Filium
742 2909 820 2948 Det⁴
836 2937 846 2949 .

209 2974 586 3067 205.Qnamquam
634 3017 837 3069 reprobata
883 3017 996 3054 modo
1041 3015 1266 3054 Judaeorum

152 3062 354 3115 Synagoga
369 3065 594 3106 Trinitatem
616 3070 846 3108 Divinarum
868 3084 1117 3123 personarum
1138 3072 1264 3108 omni-

154 3129 204 3153 no
233 3127 369 3167 neget,
400 3132 459 3176 fic
489 3134 761 3174 consequenter
803 3125 964 3172 doceat,
1015 3124 1197 3162 Messiam
1227 3125 1266 3161 in

154 3168 254 3221 Lege
285 3183 514 3222 promissum
543 3174 714 3214 futurum
745 3183 886 3229 purum
916 3177 1133 3227 hominem,
1163 3177 1266 3216 haud

1336 199 1495 238 difficile
1524 210 1649 237 tamen
1680 200 1787 238 nobis
1815 203 1910 249 erit,
1952 201 2056 242 hunc
2083 203 2196 241 etiam
2226 204 2442 246 maximum

1337 265 1503 289 errorem
1535 265 1579 288 ex
1610 251 1840 303 propheticis
1869 264 1941 293 vet.
1971 260 2178 295 testamenti
2199 260 2363 297 oraculis
2384 273 2441 296 re·

1337 305 1468 343 fellere
1486 331 1494 342 .
1540 305 1586 342 Et
1617 305 1773 356 quidem
1802 307 1849 342 de
1877 311 2055 359 mysterio
2084 309 2278 349 Trinitatis
2305 314 2389 350 satis
2418 327 2443 352 α.

1336 358 1446 396 nobis
1475 367 1601 396 actum
1633 358 1704 394 fuit
1735 357 1783 396 T.
1814 359 1878 396 lll.
1907 360 2061 400 Dissert.
2094 364 2121 400 l.
2151 377 2236 416 cap.
2260 378 2296 403 2.
2325 366 2438 405 Nunc

1336 411 1442 449 locus
1471 421 1519 448 est
1549 419 1808 462 opportunus,
1853 420 1892 448 ut
1921 415 2162 463 peculiariter
2203 427 2331 455 contra
2359 432 2437 456 eos·

1336 462 1423 502 dem
1453 465 1608 503 Jndaeos
1636 477 1765 502 veram
1808 467 1983 515 promissi
2013 466 2166 505 Messiae
2207 470 2443 509 divinitatem

1336 520 1659 556 demonstremus.
1690 517 1936 568 Quamquam
1967 520 1997 556 si
2026 522 2109 570 cogi
2129 519 2332 572 aliquando
2361 538 2444 577 pos-

1339 581 1444 619 sent,
1494 581 1531 608 ut
1563 572 1793 618 faterentur,
1835 569 1965 607 ,Iesum
1995 571 2248 611 Nazaraenum
2277 589 2353 613 esse
2381 592 2445 616 ve·-

1339 638 1425 662 rum
1448 623 1629 662 Messiam
1648 654 1657 670 ,
1687 624 1899 661 necessario
1928 624 2041 661 etiam
2073 625 2179 662 fateri
2201 638 2443 679 cogerentur,

1339 690 1469 715 veram
1501 691 1578 715 esse
1607 678 1817 714 doctrinam
1848 675 1897 713 ab
1918 689 1960 712 eo
1980 677 2085 715 toties
2105 678 2281 716 traditam
2298 681 2345 716 de
2359 696 2447 721 con-

1337 728 1574 768 substantiali
1604 731 1724 783 ipsius
1752 730 1976 777 divinitate,
2018 730 2064 767 de
2092 745 2169 782 qua
2199 732 2280 770 fuse
2319 742 2447 772 actum

1341 792 1393 820 est
1425 784 1463 820 in
1493 784 1622 821 eodem
1654 783 1703 820 T.
1734 784 1800 820 ΙΙΙ.
1830 783 2074 822 Dissert.111.
2103 798 2188 837 cap.
2211 785 2248 823 5.
2276 784 2350 823 Sed
2371 799 2450 823 mo-

1339 836 1385 873 do
1413 850 1498 872 eam
1527 835 1782 875 demonstrare
1819 837 2062 888 aggredimur
2105 851 2151 876 ex
2180 838 2267 877 solis
2296 847 2369 878 vet.
2397 847 2450 877 te-

1337 891 1510 926 stamenti
1542 888 1706 927 oraculis
1723 916 1734 927 .

1396 942 1486 979 206.
1516 941 1564 979 Et
1592 942 1748 994 quidem
1780 943 1952 981 futurum
1983 943 2055 982 Dei
2086 943 2232 983 Filium
2251 975 2261 992 ,
2292 945 2366 998 ipsi
2383 944 2451 983 Ju-

1342 994 1415 1030 daei
1446 1003 1574 1045 aperte
1603 995 1761 1032 confessi
1783 1005 1895 1044 sunt,
1924 998 2077 1048 quando
2096 999 2198 1049 apud
2218 997 2453 1036 Matthaeum

1341 1046 1491 1084 XXVI.
1520 1047 1587 1085 63.
1618 1046 1796 1098 Princeps
1824 1049 2071 1087 Sacer-dotum
2100 1050 2227 1090 Jesum
2258 1054 2308 1090 ita
2337 1053 2454 1090 intera-

1340 1100 1509 1150 rogavit:
1557 1099 1702 1150 adjuro
1730 1108 1769 1136 te
1796 1113 1866 1149 per
1893 1101 2026 1140 Deum
2069 1109 2192 1142 viar-nm
2211 1135 2221 1153 ,
2269 1114 2310 1141 ut
2339 1104 2451 1143 dicas

1338 1151 1477 1201 nobis,
1508 1157 1540 1189 si
1571 1162 1612 1189 tu
1639 1165 1683 1190 es
1715 1152 1888 1191 Christus
1906 1154 2023 1206 filius
2050 1156 2167 1195 Dei?
2195 1157 2353 1196 Putabat
2382 1159 2453 1209 igi-

1336 1213 1398 1242 tur
1427 1205 1611 1258 Princeps
1639 1205 1915 1254 Sacerdotum,
1964 1208 2146 1248 Messiam
2190 1212 2362 1249 futurum
2405 1210 2452 1250 fi-

1336 1259 1434 1296 lium
1464 1259 1562 1297 Dei.
1591 1258 1743 1297 Clarius
1772 1258 1982 1297 Nathanael
2011 1261 2122 1300 Joan.
2143 1263 2174 1300 Ι.
2204 1263 2271 1314 49.
2301 1263 2452 1302 Divini-

1337 1320 1452 1350 tatem
1485 1312 1639 1350 Messiae
1669 1313 1860 1351 confessus
1890 1322 1941 1350 est
1971 1313 2125 1353 dicens:
2164 1313 2313 1364 Rabbt,
2343 1325 2383 1353 tu
2411 1328 2453 1356 es

1339 1364 1461 1403 Filius
1491 1365 1596 1414 Dei,
1627 1376 1668 1403 tit
1697 1379 1740 1403 es
1768 1365 1858 1404 Rex
1879 1365 2034 1406 Israel.
2064 1367 2113 1405 Et
2141 1367 2270 1406 Petrus
2299 1370 2455 1407 nomine

1338 1432 1434 1467 suo,
1477 1419 1721 1471 aliorumque
1762 1419 2043 1471 discipulorum
2080 1420 2218 1459 Maith.
2249 1421 2357 1460 XVI.
2393 1421 2455 1461 16.

1341 1470 1400 1509 Tu
1429 1485 1471 1510 es
1503 1471 1677 1510 Christus
1706 1469 1828 1510 Filius
1857 1471 1935 1510 Dei
1963 1477 2058 1512 vivi.
2106 1474 2202 1512 Haec
2244 1475 2452 1526 peculiaris

1338 1526 1596 1563 denominatio
1611 1525 1695 1577 filii
1724 1524 1803 1563 Dei
1833 1525 1973 1564 tributa
1988 1525 2170 1575 Messiae,
2199 1540 2275 1565 non
2303 1528 2454 1566 denotat

1336 1588 1437 1615 certe
1453 1608 1463 1625 ,
1494 1592 1582 1616 enm
1605 1580 1777 1616 futurum
1799 1577 1927 1616 filium
1948 1580 2169 1631 adoptivum
2185 1610 2196 1629 ,
2226 1579 2260 1616 8(
2282 1593 2349 1632 per
2368 1594 2453 1632 gra-

1336 1632 1451 1678 tiam,
1483 1641 1522 1669 ut
1550 1632 1803 1670 communiter
1832 1641 1915 1670 sunt
1943 1631 2115 1671 homines
2144 1633 2262 1684 Justi,
2299 1634 2360 1671 sed
2391 1634 2450 1672 di-

1336 1686 1471 1722 stincta
1503 1697 1651 1736 prorsus
1684 1686 1828 1722 ratione
1847 1715 1857 1732 ,
1888 1699 2026 1737 nempe
2056 1697 2123 1738 per
2152 1699 2280 1723 veram
2299 1715 2309 1733 ,
2344 1695 2452 1723 aeter-

1337 1751 1502 1790 namque
1530 1740 1812 1789 generationem
1831 1767 1840 1785 ,
1872 1747 1911 1774 ut
1940 1739 2099 1790 proinde
2119 1752 2194 1776 non
2216 1740 2452 1790 ignoraretur

1337 1793 1377 1828 in
1407 1791 1524 1828 veteri
1553 1790 1756 1842 Synagoga
1784 1791 1913 1828 divina
1943 1793 2092 1829 venturi
2114 1790 2266 1829 Messiae
2297 1801 2452 1830 natura.

1337 1844 1410 1882 Sed
1441 1845 1479 1882 id
1508 1845 1759 1896 comprobare
1788 1845 2031 1894 aggredimur
2051 1843 2207 1892 multis,
2237 1846 2453 1897 apertisque

1337 1898 1559 1936 testimoniis
1588 1910 1632 1934 ex
1664 1898 1782 1935 veteri
1812 1905 2030 1935 testamento
2064 1897 2299 1949 desumptis,
2340 1908 2453 1951 atque

1338 1964 1383 1988 ex
1414 1950 1491 1988 illis
1522 1951 1747 2002 praecipue,
1790 1950 1933 2002 quibus
1960 1950 2132 1988 Christus
2162 1952 2373 2000 Dominus,
2414 1966 2453 1989 e-

1333 2003 1470 2055 jusque
1492 2002 1685 2055 Discipuli
1715 2003 1763 2042 ad
1791 2002 1861 2041 hoc
1890 2004 2026 2055 dogma
2054 2004 2362 2043 confirmandum
2393 2001 2452 2043 usi

1334 2067 1422 2095 sunt
1453 2057 1516 2107 (a)
1535 2083 1546 2094 .

1388 2123 1479 2161 207.
1510 2109 1637 2148 Primo
1665 2110 1850 2148 Jeremias
1897 2110 2068 2161 antiquas
2098 2110 2250 2149 Messiae
2290 2112 2450 2163 promis·

1332 2164 1454 2201 aiones
1483 2171 1653 2215 repetens
1667 2176 1752 2216 cap.
1774 2162 1920 2201 XVlll.
1949 2162 1988 2200 6.
2018 2162 2214 2201 Ιηιίὶεῖιαε
2243 2164 2344 2212 illis,
2375 2165 2450 2211 ait,

1334 2219 1350 2266 (
1381 2230 1446 2253 seu
1476 2226 1516 2253 ut
1545 2215 1655 2254 hebr.
1686 2217 1765 2254 fons
1796 2216 1934 2263 habet,
1965 2217 2002 2253 in
2031 2217 2166 2254 diebus
2183 2217 2285 2255 illius
2303 2246 2313 2265 ,
2343 2231 2451 2255 nem-

1333 2282 1381 2320 pe
1411 2268 1564 2307 Messiae
1594 2268 1609 2316 )
1640 2269 1855 2306 salvabitur
1883 2268 2044 2308 sacza...
2092 2270 2141 2310 ζ’)
2184 2269 2253 2308 lzoc
2296 2279 2355 2307 est:
2382 2282 2454 2307 no-

1332 2335 1456 2370 men,
1485 2321 1586 2373 quod
1615 2321 1809 2360 vocabunt
1836 2335 1927 2359 eum
1949 2352 1959 2370 ,
1990 2322 2188 2361 Dominus
2219 2328 2234 2375 (
2264 2328 2364 2375 ,ΠΡ-(θ
2392 2323 2454 2360 Je-

1333 2374 1458 2414 hovah
1488 2377 1615 2427 justus
1643 2386 1805 2424 noster,
1836 2375 1894 2413 vel
1919 2377 2079 2428 justitia
2108 2386 2248 2414 nostru,
2278 2380 2322 2426 ).
2363 2375 2453 2414 Por-

1332 2442 1402 2478 το,
1432 2425 1612 2468 ut'Judaei
1632 2430 1824 2478 fatentur,
1855 2442 2006 2467 sacrum
2027 2430 2060 2466 8(
2088 2429 2286 2469 ineffabile
2314 2438 2455 2468 nomen

1331 2483 1502 2521 Jehovah
1533 2484 1683 2522 nonnisi
1713 2496 1803 2522 vero
1820 2483 1901 2521 Deo
1929 2483 2138 2530 tribuitur3
2169 2485 2321 2522 messias
2343 2496 2451 2535 ergo,

1333 2538 1403 2590 qui
1431 2547 1532 2575 certe
1562 2551 1606 2575 eo
1635 2537 1720 2576 loco
1748 2537 1998 2589 indigitatur,
2029 2551 2139 2576 verus
2169 2537 2273 2575 Deus
2304 2538 2453 2575 futurus

1336 2600 1446 2629 erat.
1480 2591 1535 2628 Ad
1564 2605 1681 2643 quem
1710 2590 1838 2629 locum
1870 2590 2048 2628 Jeremiae
2076 2590 2215 2628 alludit
2244 2591 2283 2628 S.
2314 2588 2454 2626 Paulus

1341 2657 1375 2683 ι.
1404 2643 1577 2682 Corinth.
1599 2645 1629 2681 I.
1661 2644 1725 2681 50.
1757 2645 1929 2695 inquiens
1948 2644 1994 2680 de
2009 2643 2179 2680 Christo:
2215 2640 2453 2693 Qnifactus

1335 2706 1395 2735 esc
1423 2695 1534 2733 nobis
1562 2700 1763 2745 sapientia
1791 2709 1819 2732 a
1848 2695 1958 2744 Deo,
1989 2696 2039 2736 ὠ
2060 2698 2249 2748 justitia,
2278 2695 2327 2735 (9⁴
2356 2706 2452 2731 san-

1335 2749 1529 2803 ctificatio
1546 2779 1556 2796 ,
1586 2749 1636 2789 (θ’
1665 2749 1882 2799 redemptio
1899 2775 1910 2786 .

1392 2802 1485 2841 208.
1514 2801 1567 2839 Ut
1598 2804 1801 2840 temeraria
1831 2812 1955 2840 autem
1974 2801 2184 2853 rejicienda
2214 2809 2266 2839 est
2292 2799 2360 2838 illa
2390 2814 2454 2852 pc-

1333 2855 1476 2895 riochae
1507 2856 1800 2903 interturbatio,
1829 2869 1906 2907 qua
1934 2854 2056 2907 aliqui
2086 2857 2136 2893 ita
2164 2855 2366 2906 legendum
2383 2868 2454 2905 pu-

1334 2918 1440 2947 tant:
1488 2907 1544 2945 Et
1573 2907 1644 2945 hoc
1674 2918 1732 2946 est
1761 2921 1908 2946 nomen
1937 2909 2050 2960 ejtts,
2080 2922 2153 2960 quo
2182 2906 2332 2946 vocabit
2361 2921 2453 2945 eum

1335 2962 1562 3010 Dominus,
1605 2962 1764 3014 justitia
1793 2970 1958 3010 nostra,
2006 2963 2084 3000 sive
2106 2964 2238 3015 justus
2285 2971 2417 2999 noster
2440 2987 2451 3000 .

1334 3016 1434 3054 Nam
1467 3015 1592 3066 primo
1619 3023 1739 3053 textus
1769 3014 1997 3064 hebraicus,
2027 3018 2089 3053 cni
2123 3016 2351 3054 concordant
2367 3029 2451 3053 ver⁴

1335 3070 1456 3107 siones
1485 3068 1647 3120 Syriaca
1665 3098 1675 3116 ,
1705 3068 1738 3104 8(
1771 3065 1934 3106 Arabica
1952 3099 1962 3115 ,
1994 3071 2071 3106 imo
2100 3070 2132 3106 8<
2161 3069 2367 3107 Chaldaeus
2383 3068 2452 3106 Pa-

1332 3121 1572 3175 raphrastes,
1619 3121 1710 3172 legit
1740 3119 1883 3174 ‘wop’
1914 3121 2020 3174 jikru
2064 3123 2253 3161 vocabunt
2290 3136 2381 3161 eum
2411 3122 2450 3158 in

1334 3188 1493 3215 numero
1522 3174 1694 3227 plurali.
1725 3175 1899 3224 Deinde,
1931 3174 2032 3214 haud
2060 3185 2161 3215 recte
2189 3177 2274 3216 Deo
2300 3187 2448 3214 accom-

2310 3240 2390 3267 mo-

205 3346 253 3382 (a)
282 3341 468 3376 Brevitatis
507 3354 613 3379 causa.
650 3356 689 3378 ea
714 3347 924 3382 omittuntur
942 3368 953 3389 >
995 3361 1072 3394 qnae
1116 3350 1151 3384 in
1177 3351 1268 3386 hanc
1292 3360 1367 3387 rem
1393 3349 1498 3385 allata
1525 3356 1605 3384 sunt
1633 3348 1668 3382 in
1695 3348 1795 3384 Tom.
1823 3349 1882 3382 111.
1909 3360 1988 3394 pag·
2013 3360 2067 3384 ει.
2096 3352 2125 3383 Sc
2152 3359 2222 3391 seq·
