2583 3685
828 86 909 131 DE
942 87 1138 131 OPERE
1172 86 1441 143 QUINTAE
1476 89 1626 132 DIEI.
2260 116 2315 156 79

151 173 238 217 166.
266 168 357 223 Legi
385 170 430 208 de
457 168 516 207 his
545 175 711 207 meretur
739 165 780 205 S.
812 167 927 206 Basil.
959 169 1074 207 Hom.
1096 164 1200 206 Vlll.

95 235 137 272 in
165 228 435 268 Hexaemeron
452 237 467 268 ,·
509 235 555 260 ex
584 232 663 275 qno
691 222 841 260 nonnisi
873 222 956 260 lioec
984 236 1109 275 pauca
1139 234 1201 259 ex·

94 281 280 326 scribam:
326 303 355 326 ,‚
383 274 565 314 Humana
593 275 866 314 consuetudine
895 274 1068 314 volucres
1095 287 1203 327 quae-

148 335 236 373 dam
264 329 450 384 gaudent,
498 327 537 365 ἃ
562 327 711 367 easdem
754 337 866 381 atque
894 341 961 367 nos
992 329 1062 380 ipsi
1095 328 1203 365 habi-

94 367 122 401 ’3
145 387 300 433 tationes
329 383 544 435 recipiunt:
574 382 662 420 alioe
693 382 863 420 incolunt
892 390 1034 420 montes
1050 409 1060 428 ,
1083 380 1124 416 ἃ
1147 393 1202 418 so-

88 418 305 495 xlitudine
332 436 620 476 delectantur...
670 434 770 473 Atiae
809 434 985 488 loquaces
1013 442 1120 480 sunt,
1168 431 1202 468 8t

104 524 116 545 ,
169 491 310 531 arrulae
329 521 340 540 ,
366 485 453 529 aliae
484 492 712 529 taciturnae.
743 489 815 527 riae
845 488 1000 540 quidem
1029 498 1201 534 canoras,

87 525 100 547 ³
143 506 179 583 {t
208 544 374 585 multum
393 542 571 582 clamosa:
589 573 600 592 ,
630 542 709 580 illae
725 542 884 580 omnino
910 536 1200 586 modulationis,

143 613 187 638 ac
215 607 347 638 cantus
375 606 572 650 expertes.
615 595 804 644 Quoedam
833 601 920 631 suut
947 593 1168 630 imitatrices
1189 621 1201 640 ,

145 650 431 691 aemulationem
463 650 570 689 illam
601 648 660 687 vel
690 663 711 686 a
730 655 864 685 natura
885 676 896 695 ‚
925 645 986 684 vel
1016 644 1066 683 ab
1095 658 1201 682 exer-

144 707 235 745 citio
262 706 341 744 acci
377 706 514 743 ientes:
543 703 722 755 quaedam
751 699 925 737 eamdem
954 711 1125 750 semper,
1155 712 1199 736 ac

143 719 424 798 immutabilem
443 769 575 796 vocem
596 756 766 793 emittunt
781 778 794 792 .
822 751 1018 805 Superbus
1038 762 1089 790 est
1117 752 1199 804 gal-

85 791 115 866 ΞΖ
146 813 230 858 lus;
276 819 452 857 ornatus,
499 808 534 846 ἃ
563 807 759 860 elegantias
803 815 949 844 amator
985 815 1037 843 est
1068 819 1196 858 pavo3

102 897 115 916 ,
144 864 360 904 libidinosae
389 860 582 902 columbae
603 891 614 910 ‚
644 858 798 914 perinde
813 868 925 912 atque
953 859 1108 910 gallinae
1129 859 1195 897 do-

85 897 111 971 ζ,
142 912 307 957 mesticae
323 947 335 966 ,
363 924 451 970 quae
469 914 575 954 nullo
601 927 677 952 non
698 923 868 966 tempore
888 912 1046 952 libidini
1066 912 1194 953 indul-

83 1001 112 1023 „
140 979 226 1026 gent
239 973 265 994 “
275 985 288 1019 ;
316 969 350 1008 St
378 982 467 1024 qnae
495 976 707 1022 sequnntur
724 992 734 1005 .

143 1024 229 1077 167.
257 1022 362 1064 Mira
405 1024 518 1061 etiam
566 1029 765 1060 narrantur
812 1018 858 1058 de
901 1021 1033 1058 avium
1061 1020 1161 1058 nidis
1182 1050 1194 1070 ,

79 1086 193 1131 atque
220 1077 425 1116 artificiosa
453 1075 674 1114 eorumdem
717 1075 987 1112 constructione
1009 1104 1019 1121 ‚
1067 1073 1195 1126 qualis

78 1140 149 1171 nec
177 1131 226 1170 ab
255 1129 408 1169 homine
435 1128 606 1168 maxime
635 1128 796 1167 industri
827 1128 1015 1178 expectari
1049 1135 1192 1179 posset;

77 1184 126 1224 de
151 1176 314 1224 ovorum
344 1182 424 1222 fotu
441 1212 452 1230 ‚
483 1190 523 1220 ut
551 1181 599 1220 ad
627 1182 795 1220 debitam
826 1183 1080 1220 maturitatem
1110 1194 1194 1232 per-

77 1238 292 1284 ducantur;
318 1236 367 1276 de
394 1234 594 1288 pullorum
621 1247 713 1272 cura
730 1263 740 1280 ‚
771 1235 994 1282 nutritione,
1024 1242 1137 1286 atque
1157 1248 1194 1272 e-

79 1291 307 1335 ducatione;
335 1298 418 1327 tum
438 1288 485 1326 de
513 1288 647 1335 vario,
675 1300 720 1325 ac
750 1285 1012 1339 pulcherrimo
1043 1287 1193 1338 pluma-

79 1348 168 1382 rum
185 1373 196 1391 ,
224 1341 365 1394 quibus
393 1347 570 1393 teguntur
589 1337 704 1378 simul
723 1370 733 1388 ‚
764 1347 876 1392 atque
895 1349 1073 1378 ornantur
1088 1369 1100 1387 ,
1129 1353 1191 1378 co-

78 1394 189 1442 lore-3
216 1395 265 1433 de
291 1393 438 1432 volatus
455 1394 698 1441 dexteritate,
728 1406 771 1430 ac
791 1391 1008 1440 celeritate,
1038 1393 1083 1430 de
1103 1405 1190 1431 can-

80 1458 140 1488 tus
167 1446 375 1493 suavitate,
415 1458 534 1496 quam
563 1445 708 1482 nonnisi
739 1446 868 1502 parvis
895 1446 1059 1483 aviculis
1089 1445 1192 1484 Deus

78 1497 211 1552 largiri
240 1497 392 1545 voluit,
420 1509 492 1535 non
519 1504 646 1534 autem
677 1497 915 1547 majoribus5
962 1511 1006 1534 ac
1035 1498 1191 1535 demum

76 1553 126 1592 de
153 1552 261 1590 totius
274 1551 407 1589 avium
435 1549 603 1601 corporis
616 1549 941 1597 conformatione,
970 1562 1058 1600 quae
1077 1553 1192 1602 aptis-

75 1606 176 1646 §ima
203 1611 255 1642 est
281 1603 329 1642 ad
358 1601 580 1641 findendum
608 1601 682 1640 sibi
702 1603 916 1654 oppositum
947 1615 1073 1639 aerem
1097 1632 1108 1650 ,
1137 1611 1192 1640 at-

73 1664 155 1713 que
182 1657 230 1697 ad
275 1669 469 1696 summam
496 1656 537 1695 in
564 1667 696 1694 omnes
732 1664 855 1708 partes
884 1668 922 1694 se
950 1657 1193 1695 convertendi

78 1710 303 1752 facilitatem
315 1735 327 1749 .

135 1763 223 1804 168.
244 1763 333 1803 ‹Nec
359 1761 569 1803 omittenda
588 1794 599 1812 ,
626 1777 716 1816 quae
746 1762 860 1816 vulgo
875 1762 1070 1803 notissima
1091 1770 1195 1813 sunt,

77 1815 128 1857 de
155 1817 378 1858 incredibili
418 1831 536 1868 apum
565 1817 751 1856 industria
791 1818 839 1855 ad
869 1816 945 1856 mel
987 1817 1196 1856 conficien-

75 1872 171 1910 dum
188 1899 201 1919 ‚
229 1884 274 1910 ac
301 1870 348 1909 de
376 1869 533 1923 politica
562 1884 694 1909 earum
715 1873 915 1920 societate,
945 1885 989 1909 ac
1009 1872 1115 1923 qnasi
1138 1885 1195 1910 re-

77 1924 265 1978 publica,
309 1933 348 1962 ut
378 1937 455 1963 una
483 1923 600 1963 simul
627 1926 734 1976 operi
764 1933 926 1974 vacent,
968 1938 1112 1977 suaque
1141 1924 1196 1962 al-

76 1979 207 2018 vearia
234 1992 257 2016 a
286 1977 464 2016 fucorum
495 1977 643 2015 insidiis
670 1978 904 2023 defendant;
935 1977 982 2015 de
1010 1991 1194 2030 quarum·

78 2030 168 2070 dam
197 2031 328 2070 avium
355 2044 393 2069 sa
421 2031 556 2069 acitate
583 2030 631 2068 ad
673 2031 947 2069 inveniendum
977 2031 1192 2083 pabulum5

75 2083 125 2122 de
152 2083 318 2124 aliarum
346 2083 554 2123 caliditate
581 2083 628 2122 ad
660 2084 830 2136 praedam
851 2084 1101 2136 capiendam,
1132 2083 1193 2124 vel

76 2137 124 2177 ad
154 2137 333 2191 fugienda
361 2138 482 2187 retia,
526 2136 561 2174 ἃ
590 2135 774 2176 fallendas
814 2137 961 2176 dolosas
997 2152 1195 2192 aucupum

74 2199 203 2238 artes3
244 2191 368 2244 deque
396 2200 446 2230 tot
473 2190 586 2239 aliis,
629 2204 717 2244 quae
748 2204 822 2230 non
850 2191 1193 2241 solumrudibus,

74 2244 141 2283 sed
169 2244 394 2285 doctissimis
408 2257 562 2298 quoque
578 2244 798 2284 hominibus
818 2246 1113 2284 admirationem
1133 2248 1190 2285 in-

75 2296 242 2351 jiciunt,
271 2310 438 2351 quaeque
464 2298 575 2337 nulla
603 2297 682 2337 alia
711 2299 852 2338 ratione
881 2299 1076 2352 explicare
1105 2313 1192 2353 pos-

74 2363 206 2390 sumus
220 2381 232 2400 ,
288 2365 379 2390 uam
407 2351 661 2403 confugiendo
680 2352 727 2391 ad
747 2365 938 2391 summam
956 2383 967 2401 ,
997 2363 1109 2406 atque
1131 2355 1190 2392 in-

71 2402 224 2442 finitam
253 2365 327 2441 gei
357 2404 635 2456 providentiam
653 2434 664 2452 ,
692 2419 782 2458 quae
814 2415 850 2443 nt
881 2415 1025 2445 tantam
1058 2406 1189 2446 multi-

73 2456 248 2494 tudinem
276 2457 410 2494 avinm
438 2456 572 2506 quinta
600 2457 662 2493 die
690 2469 734 2494 ex
764 2460 872 2509 aquis
902 2460 1106 2508 produxit,
1137 2462 1188 2499 ita

78 2509 192 2546 etiam
222 2519 355 2546 earum
384 2508 528 2559 species
556 2516 741 2560 perpetua
780 2511 1070 2559 reproductioue
1097 2525 1188 2549 con-

76 2569 226 2608 servat,
274 2560 308 2598 ἃ
337 2573 447 2598 avem
479 2573 791 2614 unamquamque
819 2562 860 2600 in
888 2563 965 2599 suis
994 2563 1187 2611 motibus,

76 2611 112 2650 ἃ
140 2612 354 2652 actionibus
381 2612 608 2664 singillatim
637 2615 795 2666 dirigit,
826 2627 901 2653 non
932 2628 1038 2653 secus
1066 2628 1109 2654 ac
1131 2631 1188 2655 sa-

71 2667 162 2720 gitta
191 2667 231 2705 in
257 2679 370 2704 suum
400 2678 558 2718 scopum
587 2681 610 2704 a
637 2668 832 2719 sagittante
860 2667 1038 2719 dirigitur
1055 2696 1066 2707 .

131 2719 218 2773 169.
247 2719 383 2773 Neque
419 2721 523 2758 enim
552 2720 659 2768 dici,
706 2730 770 2759 aut
798 2720 894 2772 fingi
932 2730 1078 2773 potest,
1127 2736 1188 2762 eas

75 2773 121 2814 ἐπ’
149 2773 317 2829 quadam
345 2773 420 2813 sibi
450 2774 605 2827 propria
646 2773 882 2827 intelligendi
896 2801 913 2824 -,
961 2789 1006 2814 ac
1037 2777 1187 2816 ratioci—

86 577 115 598 9²

87 631 115 652 2)

87 684 115 707 θ’

86 737 115 758 ³2

120 2936 172 2975 (ο)
192 2933 375 2970 Helvetius
410 2934 444 2969 in
480 2944 544 2970 suo
576 2936 772 2982 proscripto
806 2946 909 2982 opere
935 2935 991 2970 De
1026 2937 1188 2982 l'E-‹prit

76 2976 169 3014 Diss-
193 2982 220 3015 1.
245 2989 320 3028 cap·
350 2994 379 3016 1.
405 2983 441 3016 ἰη
466 2991 538 3017 not·
565 2983 657 3016 inter
681 2984 766 3017 alias
780 2986 954 3023 rationes,
977 2985 1106 3029 quibus
1125 2998 1187 3019 ex·

102 3023 205 3060 tiean
230 3037 398 3070 conatur,
422 3041 530 3074 qnare
555 3029 642 3063 nihil
669 3042 822 3075 unquam
850 3031 928 3063 novi
950 3030 1059 3064 'suerit
1079 3045 1095 3064 a
1113 3032 1188 3066 bel-

94 3071 147 3104 uis
172 3072 373 3116 inve-eum,
414 3074 503 3109 hanc
529 3074 667 3119 reddit,
707 3089 775 3122 quo
811 3088 931 3111 eorum
969 3078 1041 3111 vita
1074 3079 1187 3112 multo

75 3115 243 3158 brevior,
265 3129 370 3162 qnam
393 3130 514 3155 nostra
529 3145 540 3164 ‚
578 3123 661 3167 ipsis
687 3135 754 3156 non
776 3123 863 3156 >sinit
889 3133 960 3157 tam
987 3124 1099 3157 multa
1123 3125 1186 3158 ob-

76 3174 214 3196 servare
231 3185 241 3203 ‚
266 3175 342 3208 quae
366 3177 426 3200 nos
449 3167 673 3203 observamus
688 3193 698 3212 ,
724 3170 851 3214 quibus
867 3168 1010 3215 proinde
1029 3172 1184 3215 ipsarum

77 3209 221 3243 scientia
247 3219 437 3254 augeatur.
462 3213 631 3248 Praeclara
657 3227 738 3249 sane
766 3217 874 3249 ratio!
911 3217 1081 3260 Quamvis
1107 3216 1186 3249 dili-

70 3255 245 3299 gentiores
269 3253 396 3290 harum
420 3267 537 3293 rernm
562 3269 766 3295 tractatores
793 3261 886 3296 hand
925 3263 1028 3297 facile
1055 3264 1182 3296 Helve-

72 3301 125 3342 tio
148 3299 360 3343 concedent,
401 3305 559 3339 omnium
581 3307 778 3343 belluarum
812 3310 926 3343 vitam
957 3321 1035 3343 *esse
1061 3319 1182 3344 nostra

1270 167 1387 205 nandi
1419 169 1454 204 vi
1488 167 1570 205 liaec
1599 172 1726 207 onmia
1755 184 1959 223 peragere,
1991 182 2028 212 nt
2045 185 2231 228 peragunt
2260 176 2381 216 homi-

1271 234 1362 258 nes.
1410 220 1509 258 Nam
1541 223 1667 272 primo
1695 236 1879 275 oporteret
1923 228 2059 266 avibus
2089 243 2213 280 majus
2246 232 2380 271 intelli-

1270 274 1408 325 gendi,
1438 287 1482 312 ac
1513 276 1759 314 ratiocinandi
1789 294 1977 328 acumen,
2010 283 2087 319 imo
2115 281 2150 320 &
2179 285 2380 324 meliorem

1269 327 1454 378 operandi
1486 328 1706 367 iudustriam
1738 331 1931 381 tribuere,
1975 348 2092 386 quam
2133 336 2378 387 hominibus,

1271 392 1361 417 cum
1389 381 1469 417 sine
1511 382 1795 431 instrumentis,
1845 386 1878 420 δε
1908 389 1983 424 sine
2028 390 2206 429 manibus
2248 391 2381 446 aliqua

1271 442 1476 484 praesteut,
1510 434 1650 486 quibus
1683 439 1899 486 praestandis
1932 440 2103 480 homines
2131 457 2220 482 cuin
2252 460 2378 483 neces—

1269 487 1372 523 sario
1402 488 1739 526 instrumentorum
1757 503 1941 542 apparatu
1960 524 1969 540 ‚
2001 497 2174 549 miraque
2196 511 2378 537 manuum

1255 539 1456 578 'industria
1485 541 1549 578 vix
1580 555 1686 593 pares
1715 554 1797 580 suut
1816 571 1825 581 .
1862 544 2010 584 Deinde
2030 579 2039 595 ‚
2071 560 2111 586 ut
2140 552 2180 588 S.
2210 550 2379 590 Thomas

1269 592 1359 631 Lib.
1391 593 1436 631 ll.
1483 603 1588 631 cont.
1622 594 1742 648 Gent,
1772 610 1857 648 cap.
1887 600 1953 637 32.
1999 612 2095 639 recte
2137 604 2378 654 observavit,

1269 650 1410 684 omnm
1439 648 1642 685 animalia
1686 650 1865 701 ejusdem
1896 658 2035 703 speclei
2075 659 2255 696 sirtzilc'ter
2292 672 2379 709 ope-

1269 709 1438 748 rantur,
1481 712 1626 753 'nempe
1656 717 1722 753 per
1768 705 1984 744 instinctum
2029 709 2101 748 sibi
2138 712 2186 749 ab
2219 713 2379 750 Auctore

1268 762 1416 791 natura:
1446 767 1701 806 impressum,
1746 772 1817 795 uon
1847 769 1971 796 autem
2002 775 2053 798 et
2082 773 2202 808 <trre;
2249 771 2376 804 omnis

1267 810 1378 844 enim
1394 806 1558 845 hirundo
1578 811 1760 847 similiter
1777 811 1888 862 fucit
1917 813 2076 862 nulum,
2106 820 2155 857 <9¹
2176 823 2304 855 omnis
2335 833 2379 855 (ι-

1262 871 1394 897 ranecz
1422 862 1603 899 similiter
1632 864 1758 901 telam
1779 891 1788 902 .
1838 866 1880 903 ln
1912 866 2133 908 hominibus
2162 880 2289 909 autem
2321 886 2378 910 ra-

1259 915 1365 951 tione
1395 913 1627 965 pollentibus
1644 946 1653 962 ,
1684 926 1825 968 quauta
1845 923 2027 971 operandi
2051 923 2228 962 varietas!
2259 939 2378 978 qnan-

1262 976 1344 1005 tum
1374 969 1514 1006 artium
1545 982 1792 1022 augmentum
1811 1002 1821 1020 ,
1852 973 1911 1011 vel
1941 974 2246 1016 decrementum!
2278 979 2380 1027 Quot

1264 1033 1360 1059 nova
1390 1023 1571 1071 inventa,
1620 1023 1653 1059 δε
1683 1035 1774 1077 quot
1804 1028 1962 1079 antiqua
1990 1029 2069 1080 jam
2101 1040 2251 1070 mortua
2280 1034 2379 1071 revi-

1262 1074 1435 1114 viscunt!
1488 1076 1551 1127 (a)
1583 1076 1629 1115 Et
1660 1079 1744 1117 hacc
1774 1081 1820 1118 de
1849 1084 1980 1120 avium
2012 1092 2175 1133 natura,
2218 1100 2262 1125 ac
2293 1100 2379 1140 pro-

1262 1129 1487 1180 prietatibus
1503 1152 1515 1167 -.

1323 1195 1408 1232 ¹70·
1440 1183 1583 1236 Aliqua
1612 1185 1768 1223 demum
1799 1187 1886 1225 addi
1918 1197 2070 1238 possunt
2097 1190 2143 1227 de
2174 1203 2271 1241 usu,
2315 1195 2377 1232 cui

1261 1248 1348 1273 aves
1377 1235 1424 1273 ad
1455 1248 1617 1275 nostram
1649 1240 1850 1277 utilitatem
1880 1255 1902 1278 a
1922 1240 2006 1279 Deo
2035 1243 2229 1282 destinatas
2259 1256 2372 1285 sunt.

1261 1287 1310 1325 Et
1341 1289 1510 1339 primum
1539 1302 1616 1328 sese
1645 1292 1754 1330 offert
1775 1297 1990 1333 communis
2008 1295 2076 1334 illa
2094 1297 2258 1346 utilitas,
2289 1313 2377 1352 quse

1262 1353 1308 1378 ex
1337 1355 1401 1378 esu
1430 1341 1643 1381 volatilium
1661 1375 1671 1391 ‚
1715 1347 1793 1385 sive
1822 1348 2116 1388 domesticorum
2134 1381 2145 1398 ,
2190 1354 2270 1390 sive
2299 1354 2377 1406 syl-

1260 1395 1441 1432 vestsinm
1470 1397 1650 1434 omnibus
1681 1401 1874 1448 provenit.
1904 1399 2081 1440 Secundo
2109 1416 2184 1442 non
2215 1414 2268 1444 est
2287 1420 2376 1444 con-

1259 1447 1462 1485 temnenda
1479 1478 1489 1495 ,
1519 1450 1726 1488 dummodo
1757 1452 1949 1492 moderata
1979 1455 2051 1501 sit,
2083 1455 2152 1493 illa
2174 1457 2344 1511 voluptas
2364 1490 2374 1508 ‚

1260 1513 1348 1551 quae
1380 1513 1424 1537 ex
1455 1503 1587 1540 avium
1618 1516 1831 1552 concentu,
1882 1506 1940 1545 vel
1971 1520 2015 1544 ex
2060 1512 2251 1563 aucupio,
2299 1526 2378 1565 quo

1261 1553 1411 1590 insidiae
1441 1555 1577 1592 avibus
1608 1558 1868 1606 instruuntur,
1914 1574 1936 1597 a
1966 1562 2156 1614 plerisque
2199 1567 2373 1616 capitum

1262 1605 1361 1640 unde
1391 1606 1507 1642 etiam
1536 1610 1703 1658 aucupia
1731 1610 1780 1648 ab
1810 1612 1950 1650 Ovi-‚lio
1979 1614 2081 1652 dicta
2110 1626 2197 1655 sunt
2228 1620 2376 1658 solatia,

1261 1661 1388 1694 ruris.
1432 1657 1564 1696 Tertio
1593 1659 1723 1709 lusui,
1762 1661 1796 1697 8(
1825 1664 2104 1704 oblectamento
2134 1671 2374 1721 inserviunt,

1263 1713 1434 1748 maxime
1460 1713 1619 1764 pueris,
1667 1712 1702 1750 8c
1733 1714 1897 1767 puellis,
1945 1730 2062 1769 quem
2092 1719 2220 1759 lusum
2251 1726 2378 1763 innuit

1262 1763 1415 1802 divinus
1443 1764 1529 1803 Job.
1562 1765 1647 1805 XL.
1679 1769 1743 1814 24.
1788 1768 1854 1806 ubi
1883 1770 1930 1807 de
1961 1771 2170 1811 Leviathan
2208 1775 2374 1816 dicitur:

1261 1815 1469 1867 Numquid
1497 1819 1637 1858 illudes
1665 1824 1724 1870 ei,
1754 1826 1869 1873 quasi
1897 1827 1986 1872 (ινί,
2017 1834 2088 1863 aut
2117 1827 2256 1880 ligaln's
2286 1844 2377 1869 eum

1263 1871 1421 1909 ancillis
1450 1871 1566 1909 ruis?
1596 1873 1828 1926 Hujusmodi
1858 1875 1987 1915 lusum
2016 1893 2104 1917 cum
2135 1883 2298 1932 avibus,
2339 1897 2378 1924 ut

1262 1924 1403 1978 puellis
1446 1928 1612 1965 maxime
1654 1927 1951 1978 delectabilem,
2000 1942 2140 1972 veteres
2181 1938 2378 1987 scriptores

1260 1990 1588 2026 commemorant3
1633 1983 1733 2021 unde
1769 1982 1866 2022 illud
1894 1984 2182 2027 Catulliannm:
2231 1988 2377 2031 Passer

1260 2031 1412 2071 deliciae
1440 2047 1545 2072 meae
1573 2035 1714 2086 puellae

1374 2138 1544 2191 Quicum
1575 2141 1708 2182 ludere
1735 2144 1824 2185 ἵνα.

1258 2245 1428 2296 Quartus
1460 2262 1547 2288 usus
1575 2250 1707 2289 avium
1738 2252 1957 2305 aucupibus
1978 2254 2181 2295 familiaris
2212 2267 2285 2305 est3
2315 2260 2376 2298 vel

1232 2315 1347 2341 >cum
1377 2303 1577 2355 accipitres
1606 2306 1794 2344 cicuratos
1824 2308 2028 2357 emittunt,
2066 2311 2135 2361 qui
2164 2310 2281 2352 celeri
2312 2327 2375 2351 vo-

1258 2354 1338 2393 latu
1368 2370 1455 2394 aves
1492 2358 1677 2409 capiunt,
1725 2369 1931 2413 captasque
1974 2365 2143 2402 venatori
2187 2367 2373 2413 reddunt3

1223 2409 1316 2447 <vel
1347 2422 1436 2447 cnm
1469 2411 1506 2448 in
1536 2412 1661 2450 caveis
1679 2412 1846 2452 detentas
1874 2424 2053 2465 servant,
2085 2427 2123 2456 ut
2144 2420 2226 2457 >suis
2256 2422 2371 2458 cauti-

1255 2462 1328 2500 bus
1358 2462 1454 2501 alias
1484 2463 1656 2514 ejusdem
1686 2469 1826 2519 speciei
1856 2469 2039 2508 advocent
2069 2471 2108 2509 in
2140 2473 2231 2510 retia
2264 2488 2371 2523 para-

1256 2523 1318 2551 ta:
1366 2529 1442 2566 quo
1471 2527 1640 2568 spectare
1680 2520 1860 2558 videntur
1889 2536 1933 2559 ea
1975 2522 2093 2560 verba
2124 2524 2272 2563 Baruch
2306 2527 2370 2564 lll.

1263 2566 1323 2604 18.
1366 2569 1413 2604 de
1442 2566 1716 2619 Principibus,
1764 2576 1829 2620 qui
1858 2572 2117 2610 dominantur
2158 2590 2273 2625 supet·
2311 2578 2371 2615 lve-

1256 2622 1382 2661 stias,
1414 2623 1477 2668 qui
1509 2624 1548 2656 ιή
1578 2620 1710 2657 ‹za-ibus
1739 2623 1829 2658 coeli
1859 2624 2027 2668 ludunt,-
2055 2638 2196 2679 nempe
2219 2643 2285 2680 per
2308 2646 2367 2668 ve-

1254 2673 1450 2709 nationem
1481 2671 1515 2709 &
1544 2674 1754 2725 aucupium
1772 2705 1782 2722 ,
1815 2683 1854 2712 ut
1883 2677 2041 2728 quidam
2064 2679 2286 2733 Interpretes
2305 2698 2369 2723 ex-

1256 2733 1402 2777 ponunt
1433 2725 1489 2775 (b)
1509 2752 1520 2764 .

1311 2789 1402 2830 ¹7¹·
1433 2779 1518 2819 Non
1554 2784 1686 2820 'tamen
1728 2782 1826 2821 inter
1854 2782 1979 2822 licitos
2020 2787 2152 2824 avium
2183 2801 2273 2828 usus
2315 2801 2368 2830 est

2254 2856 2313 2882 re-

1250 2935 1481 2980 breviorern3
1510 2942 1634 2974 volunt
1659 2942 1749 2974 enim
1765 2963 1776 2982 ,
1801 2943 2024 2988 elephantes,
2051 2947 2187 2992 aliaque
2214 2953 2366 2986 nonnul—

1255 2987 1288 3020 la
1314 2987 1478 3020 animalia
1503 2989 1633 3019 «liutius
1662 2990 1774 3022 vivere
1790 3014 1800 3030 ,
1825 3002 1929 3034 quam
1949 2990 2129 3035 homines,
2153 2996 2234 3039 quin
2253 3006 2367 3032 tamen

1254 3045 1379 3066 eorum
1407 3032 1579 3066 industria
1604 3042 1728 3075 ancta,
1754 3045 1812 3068 aut
1838 3046 1970 3070 mutata
1997 3039 2065 3080 sit,
2094 3052 2290 3086 ·1¹¹³nq¹¹‹·tni
2316 3046 2369 3077 in-

1249 3083 1307 3111 ‘ter
1331 3080 1495 3112 animalia
1521 3080 1628 3122 magis
1658 3080 1833 3124 ingeniosa
1859 3094 2106 3118 numerentur.
2145 3089 2285 3131 Cygnos
2312 3100 2363 3123 et-

1254 3126 1348 3165 iam,
1375 3137 1516 3164 corvos,
1543 3126 1698 3168 aquilas,
1731 3139 1768 3160 ac
1792 3128 1961 3173 quasdam
1987 3133 2072 3165 alias
2102 3145 2182 3166 aves
2209 3134 2364 3170 diutissi—

1253 3183 1306 3204 me
1332 3172 1472 3211 vivere,
1499 3184 1516 3202 n
1544 3172 1664 3204 multis
1691 3184 1877 3208 narratur.

1304 3219 1345 3253 χ1,·
1381 3215 1576 3249 Admodum
1602 3219 1702 3251 multi
1731 3228 1800 3253 tam
1828 3222 1917 3255 inter
1941 3233 2102 3265 veteres,
2139 3238 2242 3270 quam
2271 3229 2361 3260 inter

1248 3262 1430 3297 'modernos
1457 3262 1545 3295 hanc
1571 3264 1786 3300 uberrimam
1811 3269 1994 3304 materiam
2013 3272 2150 3316 copiose
2168 3282 2358 3315 pertracta-

1248 3318 1354 3352 runt,
1379 3320 1528 3353 quornm
1554 3310 1689 3346 labores
1716 3314 1785 3348 iere
1810 3326 1926 3350 omnes
1946 3317 2088 3352 collecti
2111 3326 2192 3353 sunt
2219 3319 2252 3351 in
2278 3329 2360 3363 ope-
