2583 3685
563 24 646 74 DE
681 23 893 74 CULTU
925 27 1006 71 ΕΤ
1040 23 1472 72 INVOC'ATIONE
1508 23 1917 71 SANCTORUM.

146 107 239 157 656.
269 103 363 162 Οδῐ.
392 107 540 164 primo·
570 109 701 149 Sancti
731 122 807 147 uon
827 108 1122 160 suntnbjectuui
1144 118 1211 145 no-

87 174 184 206 itrae
209 165 330 204 fidei:
360 178 399 202 er
425 175 448 198 ο
476 175 544 201 uec
571 171 726 216 possunt
756 176 833 198 usse
847 160 1042 214 objectum
1073 171 1209 200 nostra)

90 217 372 264 invocationis;
399 231 411 253 ι
429 216 547 254 icente
565 215 740 269 Apostolo
759 213 918 253 Roman.
937 212 987 252 X.
1011 215 1071 260 14.
1106 215 1211 262 Quo-

89 266 210 311 modo
238 268 469 309 invocabunt
491 300 501 319 ,
531 273 572 307 in
601 281 717 321 quem
747 280 827 304 non
859 266 1148 306 crediderunt?

146 324 239 377 457.
270 322 382 376 Hesp.
413 324 566 376 primo,
596 320 696 359 male
719 320 961 359 Adversarios
990 321 1094 358 abuti
1128 332 1209 356 ver-

87 375 148 416 bis
177 376 375 430 Apostoli,
404 377 471 429 qui
503 375 671 427 loquitur
699 376 746 411 de
775 375 850 412 fide
881 376 918 413 in
948 375 1076 412 Jesum
1098 372 1209 409 Chri-

86 437 216 479 stum,
260 444 350 483 quae
382 432 463 468 sine
493 429 612 466 dubio
641 427 723 475 ejus
754 429 1031 465 invocationem
1063 439 1209 477 preecc-

84 483 175 521 dere
203 483 340 532 debet,
372 492 410 520 ut
441 481 527 520 inde
558 492 712 530 eruant,
743 482 898 520 ¹<strictos
929 479 1098 519 invocari
1131 491 1205 517 non

83 546 222 589 posse,
270 536 342 575 nisi
373 534 405 572 8(
436 535 511 588 ipsi
552 536 626 574 sint
667 545 805 574 nostrae
849 534 939 572 fidei
981 531 1205 583 objectum.

83 589 388 628 Cliristtis·enim
409 598 471 626 'est
499 603 521 626 a
551 590 657 627 nobis
700 588 963 634 invocandus,
1012 595 1051 622 ut
1081 595 1206 622 noster

85 641 343 696 Redemptor,
390 641 425 679 8(
454 640 674 690 Mediator,
723 642 824 694 quod
853 641 900 677 ad
942 639 1033 677 fidei
1065 649 1204 676 nostras

81 694 279 747 objectum
311 696 531 734 immediate
575 698 764 749 pertinet,
813 693 972 744 ejusque
1016 693 1204 730 invocatio

80 757 159 787 tion
189 747 314 788 solum
343 747 477 798 licita,
508 749 542 785 8(
573 749 703 797 utilis,
733 745 796 785 sed
824 748 981 783 omnino
1011 754 1205 797 praecepta

80 810 162 840 est.
190 801 420 841 Sanctorum
449 810 578 842 autem
609 802 797 840 invocatio
826 798 931 837 licita
959 799 1139 852 quidem,
1171 798 1203 835 8(

80 855 190 893 utilis
218 864 298 905 est,
326 865 403 896 uon
433 863 561 895 tamen
590 853 640 893 ab
668 853 841 892 Ecclesia
872 861 1092 914 precepta.
1143 852 1203 889 ln-

78 921 194 961 super
222 922 306 948 eam
335 909 469 962 aliquo
497 907 609 946 modo
638 908 754 945 etiam
785 905 831 944 ad
862 905 977 943 tidem
1008 906 1202 957 pertinere

78 962 228 1015 putavit
257 963 298 1002 S.
323 960 591 1014 ‘Hieronymus
635 958 828 1012 explicans
870 973 914 996 ea
943 959 1061 997 verba
1091 957 1200 996 Pauli

77 1016 127 1054 ad
155 1013 422 1054 Philemonem
464 1025 565 1054 vers.
596 1011 634 1059 4.
664 1027 744 1066 seq.
795 1011 965 1050 Gratias
1003 1026 1082 1065 ago
1113 1010 1200 1050 Deo

76 1079 167 1106 meo
188 1092 229 1108 ...
276 1065 446 1106 audiens
488 1067 731 1106 charitatem
772 1075 888 1104 tuam
910 1096 920 1115 ‚
968 1065 1017 1106 <9
1036 1065 1199 1119 fidem,

76 1133 203 1172 quarn
231 1119 353 1160 habes
381 1122 430 1159 inv
443 1120 622 1159 Domino
650 1119 763 1168 Iesu,
793 1120 843 1160 <9¹
872 1120 912 1157 in
933 1131 1073 1157 omnes
1094 1118 1199 1156 San-

74 1183 186 1213 ctos.
215 1172 273 1213 Ea
292 1173 398 1214 enim
428 1176 509 1213 vult
540 1188 583 1212 eo
613 1174 725 1212 modo
755 1187 830 1211 esse
853 1171 1121 1225 intelligenda,
1153 1185 1197 1210 ae

73 1226 145 1265 illa
187 1226 309 1266 Exodi
338 1227 447 1267 xlv.
480 1224 544 1267 51.
595 1225 853 1266 Crediderunt
896 1223 1099 1274 Domino,
1147 1226 1197 1266 69·

73 1279 216 1333 Mysi
245 1291 355 1320 servo
384 1281 497 1329 eiam
538 1289 581 1320 ut
611 1294 715 1329 nna,
752 1281 962 1332 eademque
992 1279 1197 1317 credulitas

73 1333 281 1373 referretur
310 1335 350 1374 in
378 1331 558 1388 Moysem
577 1365 588 1383 ,
619 1331 652 1371 &
683 1336 722 1373 in
753 1333 908 1378 Deum3
957 1331 990 1367 8(
1020 1333 1198 1371 similiter

73 1387 122 1425 de
151 1387 325 1437 Sanctis,
363 1394 405 1426 ut
432 1392 671 1440 >quicumque
699 1385 823 1425 credit
853 1384 966 1435 Deo,
1011 1387 1130 1424 aliter
1159 1398 1200 1424 e-

67 1439 140 1494 jus
156 1438 291 1493 fldem
319 1445 495 1492 recipere
524 1452 605 1480 non
632 1449 779 1494 queat,
811 1444 888 1478 nisi
915 1436 1056 1477 credat
1085 1440 1136 1481 ὠ
1157 1444 1198 1477 in

74 1491 249 1533 Sanctos
280 1496 389 1548 ejus.
418 1495 466 1534 Et
494 1504 595 1534 certe
623 1496 777 1534 credere
807 1494 1071 1546 unusquisque
1098 1503 1199 1531 tene-

74 1552 138 1585 tur
152 1577 164 1595 ,
192 1545 362 1598 bonum,
391 1558 512 1600 atque
531 1549 626 1586 utile
640 1558 725 1587 esse
746 1548 972 1598 suppliciter
987 1560 1054 1585 eos
1071 1551 1085 1599 (
1102 1547 1197 1585 Sau-

73 1601 182 1649 ctos)
212 1604 399 1641 invocare
411 1617 427 1648 ;
454 1615 477 1642 a
505 1601 682 1641 Concilio
701 1599 929 1640 Tridentino
941 1597 1042 1641 sess.
1063 1600 1196 1639 XXV.

72 1650 276 1692 definitum
306 1653 380 1693 fuit
400 1679 412 1693 .

128 1702 221 1752 458.
251 1707 342 1746 Inst.
373 1706 527 1761 primo.
564 1709 661 1747 Haec
689 1708 856 1747 Concilii
886 1706 1101 1746 Tridentini
1131 1704 1196 1745 de-

70 1757 204 1799 ffinitio
231 1763 434 1814 opponitur
463 1761 606 1801 celebri
637 1761 697 1800 illi
729 1761 837 1799 Pauli
857 1761 1022 1813 Apostoli
1052 1769 1196 1799 senten-

71 1813 138 1851 tiae
175 1827 208 1852 1.
238 1814 285 1853 ad
315 1814 490 1854 Timoth.
519 1814 568 1854 ll.
601 1815 638 1854 5.
680 1813 792 1853 Unus
822 1814 959 1862 Deus,
989 1827 1117 1864 unus,
1146 1815 1196 1855 (9-

71 1863 278 1906 Mediator
305 1865 412 1915 Det5
454 1869 506 1910 <9-
528 1868 739 1908 hominurn
777 1867 894 1907 homo
926 1867 1102 1906 Christus
1131 1867 1196 1905 Je-

70 1930 166 1958 sus.
195 1918 254 1960 Ex
285 1934 363 1974 quo
392 1921 476 1964 loco
505 1935 580 1962 non
598 1931 741 1961 cessant
758 1922 976 1961 Adversarii
997 1920 1194 1967 clamare,

64 1984 96 2012 'a
123 1973 233 2013 nobis
264 1974 451 2027 injuriam
479 1975 676 2015 Servatori
705 1984 832 2014 uostro
860 1976 1072 2012 maximam
1101 1973 1197 2010 irro-

67 2027 180 2079 gari,
208 2025 302 2067 dum
326 2027 490 2068 ‘sanctos
517 2040 771 2075 veneramur,
799 2034 842 2064 ut
870 2024 965 2064 alios
993 2033 1136 2064 nostros
1157 2039 1196 2060 a·-

102 2080 151 2118 ud
181 2080 309 2118 Deum
334 2081 590 2128 mediatores;
633 2087 673 2118 ut
701 2092 779 2117 non
809 2077 978 2127 amplius
1022 2088 1120 2112 unus
1148 2076 1195 2113 sit

65 2092 261 2171 iidediator
288 2142 442 2176 noster3
470 2142 561 2168 cum
589 2130 757 2168 alioruin
787 2127 1048 2166 Mediatorum
1078 2127 1193 2167 turba

69 2184 225 2222 infinita
253 2184 375 2221 invito
404 2179 586 2234 Apostolo
614 2183 762 2220 invecta
792 2182 907 2219 suerit
928 2207 940 2220 .

123 2236 218 2289 459.
246 2233 292 2274 Id
320 2235 565 2289 improbabat
594 2232 688 2275 olim
719 2236 830 2273 etiam
862 2235 902 2273 S.
932 2231 1191 2287 Augustinus,

65 2291 140 2343 qui
169 2289 260 2329 Lib.
287 2288 341 2328 Π.
387 2297 519 2328 contra
548 2287 845 2329 Pal-menianum
889 2300 975 2341 cap.
1006 2288 1046 2327 8.
1076 2287 1191 2328 Tom.

70 2356 114 2397 9.
143 2341 359 2396 expendens
401 2342 555 2381 laudata
585 2341 753 2395 Apostoli
796 2341 942 2390 verba,
989 2341 1033 2380 Si
1061 2351 1191 2391 esset,

65 2397 223 2449 inquit,
253 2395 452 2436 mediator
470 2395 616 2434 Paulus
633 2426 644 2445 ,
673 2404 806 2434 essent
834 2399 966 2447 utique
994 2396 1043 2437 (90
1072 2401 1193 2433 ceteri

70 2449 248 2503 Apostoli
275 2450 392 2503 ejus,
438 2462 489 2488 ac
517 2453 575 2488 sic
605 2450 718 2487 multi
747 2448 990 2487 mediatores
1032 2458 1166 2486 essent
1176 2463 1191 2494 ;

68 2514 144 2542 nec
173 2507 293 2553 ipsius
322 2500 438 2542 Pauli
466 2511 668 2542 constaret
697 2506 802 2541 ratio
823 2533 834 2551 ,
883 2515 963 2551 qua
1000 2501 1191 2540 dixerat:

75 2553 188 2594 ζῘιιας
204 2553 316 2596 Deus
332 2587 343 2606 ,
372 2568 473 2596 unus
488 2557 538 2599 ὠ·
556 2556 759 2595 Mediator
774 2553 876 2605 Dei,
905 2555 954 2597 (9¹
972 2553 1191 2594 hominum.

127 2610 221 2656 46ο.
252 2610 365 2664 Resp.
393 2625 485 2650 cum
513 2610 556 2650 S.
586 2607 740 2648 Thema
769 2609 807 2649 3.
838 2608 881 2648 P.
910 2624 950 2662 q.
968 2609 1031 2648 26.
1061 2617 1132 2647 art.
1160 2622 1192 2648 r.

66 2663 197 2702 'solum
226 2660 420 2704 Christum
449 2678 527 2704 esse
553 2662 776 2717 perfectum
798 2662 897 2713 Dei,
927 2663 961 2700 8(
991 2662 1191 2701 hominum

71 2716 327 2756 Mediatorem
345 2749 356 2768 ,
386 2718 456 2772 qui
483 2730 553 2771 per
582 2730 690 2757 suam
711 2726 873 2756 mortem
896 2716 1107 2754 humanum
1128 2729 1193 2767 ge-

72 2781 146 2807 nus
175 2770 258 2808 Deo
287 2770 578 2817 reconciliavit;
606 2771 667 2810 sed
698 2770 793 2809 nihil
823 2768 1057 2823 prohibere,
1089 2780 1127 2807 ut
1151 2783 1190 2807 a-

72 2820 172 2874 liqui
202 2821 271 2860 alii
298 2825 517 2863 secundum
546 2822 638 2876 quid
666 2824 843 2863 dicautur
871 2822 1103 2862 Mediatores
1133 2824 1191 2861 iu-

72 2882 130 2913 ter
160 2873 310 2924 Deum,
335 2875 370 2913 8(
397 2875 568 2916 homiues
585 2906 597 2926 ,
626 2885 737 2930 prout
766 2877 911 2916 scilicet
939 2885 1192 2929 cooperantur

74 2928 123 2966 ad
153 2929 332 2966 unionem
362 2927 563 2968 hominum
603 2945 694 2970 cum
723 2931 806 2970 Deo
842 2929 1082 2982 dispositive,
1131 2928 1191 2967 vel

74 2982 416 3021 ministerialiter.
458 2982 590 3023 Sancti
618 2985 735 3037 igitur
763 2997 830 3023 suo
859 2985 972 3023 modo
999 2984 1076 3022 dici
1108 2997 1191 3035 pns-

75 3043 163 3075 sunt
191 3033 422 3076 Mediatores
449 3033 595 3086 nostri,
640 3038 834 3078 offerendo
862 3035 944 3077 Deo
984 3050 1054 3090 pro
1082 3036 1192 3075 nobis

79 3208 367 3255 Congregationis
380 3210 604 3252 eanonicus,
629 3209 690 3255 qni
717 3209 780 3245 sub
794 3210 971 3246 adscititio
988 3206 1192 3245 Philalethis

77 3254 215 3300 Aphobi
241 3258 380 3292 nomine
407 3258 568 3302 priorum
591 3265 742 3303 quatuor
756 3257 1055 3293 Dissertationum
1079 3255 1195 3291 vindi-

2259 34 2345 74 265

1279 108 1412 145 ine-rita
1431 136 1440 154 ,
1471 115 1559 157 quae
1591 119 1634 143 ex
1664 104 1806 145 Christi
1835 106 1982 159 gratia,
2012 105 2046 144 8(
2075 106 2302 147 mediatione
2322 109 2399 149 sibi

1278 172 1363 198 coln
1398 167 1552 196 ararunt
1571 182 1582 196 .

1333 213 1356 256 4
1395 226 1426 249 ι.
1455 212 1536 250 Nec
1566 211 1643 249 alia
1673 212 1744 249 suit
1773 212 1813 250 S.
1847 211 2042 263 Augustini
2088 227 2195 254 mens
2234 216 2272 254 in
2315 213 2399 256 loco

1278 263 1456 315 objecto,
1501 264 1558 302 lbi
1589 266 1689 303 enini
1720 266 1943 304 confutabat
1973 264 2186 307 Donatistas
2222 270 2398 309 docentes

1276 319 1492 355 orationum
1510 347 1521 365 ,
1549 326 1664 368 atque
1694 319 1807 356 etiam
1829 318 2161 359 sacramentorum
2184 323 2399 363 efficaciam.

1276 385 1299 407 a
1329 371 1597 407 Ministroruin
1629 373 1820 408 sanctitate
1852 373 2016 423 pendere
2037 402 2048 419 ,
2077 376 2145 425 qui
2170 374 2400 415 Mediatores

1276 433 1361 460 sunt
1393 424 1486 460 inter
1515 424 1702 475 populum
1721 453 1732 470 ,
1762 427 1795 460 8(
1828 425 1976 463 Deum.
2008 426 2122 464 Hunc
2151 424 2307 467 illorum
2337 444 2396 469 er·

1276 489 1399 513 rorem
1419 475 1672 514 inultisinodis
1687 476 1896 525 convellit,
1928 479 2087 517 &etiam
2120 477 2190 519 hac
2222 484 2388 531 ratione,

1275 526 1366 580 quia
1395 527 1566 567 Christus
1597 531 1676 581 ipse
1706 540 1830 577 unus,
1860 543 2049 581 verusque
2079 533 2285 574 [mediator
2314 546 2396 574 est.

1276 582 1388 620 Unde
1419 584 1591 634 superius
1621 584 1767 621 dixerat
1798 597 1907 622 num.
1945 583 2032 631 15.,
2076 588 2223 626 etiamsi
2271 587 2397 629 malus

1273 645 1367 673 esset
1398 636 1639 687 Episcopus,
1683 649 1758 674 nnn
1789 637 1874 674 ideo
1903 646 2031 676 tannen
2062 640 2221 691 populos
2250 643 2396 682 sollici·

1273 698 1326 726 tos
1356 702 1434 726 esse
1463 689 1630 735 dehere;
1660 702 1819 728 securos
1849 696 1957 728 euim
1987 692 2071 729 iilos
2089 693 2200 744 jacit
2220 693 2396 745 Scriptu-

1274 753 1320 779 ra
1340 772 1350 788 ,
1393 755 1482 792 quae
1511 746 1632 779 ait
1681 742 1722 779 St
1752 747 1836 793 quis
1866 750 2109 793 peccaverit,
2153 746 2396 788 advocatum

1273 793 1467 832 habemus
1508 792 1564 832 ad
1595 794 1760 834 Patrem
1789 796 1925 834 lesum
1972 796 2168 836 Clu-istum
2210 802 2393 852 justum,

1271 849 1321 887 (9⁶
1352 853 1433 898 ipse
1464 857 1521 886 est
1548 853 1777 899 propitiatio
1806 861 1875 898 pro
1904 857 2079 899 peccatis
2095 859 2262 892 nostris.
2293 856 2395 902 Quae

1270 902 1366 938 ratio
1397 901 1530 952 probat
1558 903 1715 954 quidem
1736 933 1746 950 ,
1794 903 1922 940 Jesuin
1953 904 2147 944 Christum
2177 921 2254 945 esse
2283 918 2394 948 natu-

1268 964 1337 1003 ra,
1381 952 1413 990 8(
1443 955 1570 993 officio
1601 967 1769 993 nostruin
1799 956 2081 1003 Mediat‹›re1n;
2131 971 2205 998 non
2235 971 2390 1012 autem,

1268 1008 1423 1046 sanctos
1453 1010 1490 1046 in
1520 1007 1631 1048 coelis
1660 1023 1733 1047 non
1763 1022 1870 1062 posse
1898 1023 1965 1049 suo
1985 1012 2096 1049 modo
2116 1025 2185 1064 pro
2199 1015 2311 1055 nobis
2331 1017 2393 1054 in-

1268 1062 1458 1100 tercedere
1476 1086 1488 1099 .

1324 1114 1416 1160 462.
1448 1114 1616 1152 Tantum
1647 1127 1738 1153 vero
1766 1115 1897 1164 abest,
1947 1125 1987 1155 ut
2016 1116 2175 1157 illorum
2207 1119 2395 1161 invocatio

1266 1166 1441 1220 aliquam
1470 1168 1560 1206 Jesu
1591 1166 1740 1205 Christo
1771 1169 1955 1219 injuriam
1987 1172 2153 1223 irroget,
2201 1182 2242 1211 ut
2271 1178 2396 1226 potius

1265 1221 1420 1260 infinita
1449 1222 1620 1274 ejusdem
1652 1220 1876 1260 Mediatoris
1907 1225 2021 1261 nostri
2052 1225 2187 1263 merita
2215 1231 2335 1280 tnagis
2353 1237 2396 1267 ‘o-

1264 1275 1436 1323 stendat,
1466 1288 1555 1329 quae
1586 1276 1701 1312 etiam
1733 1277 1770 1313 in
1800 1275 1895 1314 alios
1925 1276 2107 1327 Sanctos,
2144 1287 2341 1332 tamquam
2371 1295 2396 1321 a

1265 1329 1392 1380 capite
1422 1330 1461 1366 iu
1494 1327 1669 1367 membra
1699 1329 1950 1368 derivantur.
1997 1330 2098 1369 Sane
2119 1360 2130 1380 ,
2179 1341 2219 1370 ut
2248 1333 2394 1373 ibidem

1267 1381 1399 1421 Sanct.
1420 1382 1563 1421 Doctor
1593 1382 1860 1421 animadvertit
1880 1412 1890 1429 ‚
1922 1380 2100 1423 immines
2127 1398 2270 1424 omnes
2297 1392 2395 1426 int-i-

1266 1447 1357 1474 cem
1374 1448 1416 1474 se
1431 1432 1722 1474 commendant
1741 1435 1983 1474 orationibus
2000 1442 2081 1476 suis
2099 1449 2112 1482 ς
2141 1452 2256 1491 quem
2280 1455 2393 1480 usum

1267 1488 1513 1528 protestantes
1545 1491 1583 1528 in
1603 1488 1801 1528 Catholica
1822 1489 1996 1528 Ecclesia
2027 1493 2147 1530 edocti
2177 1496 2292 1531 etiam
2314 1502 2394 1546 post

1268 1542 1434 1581 schisma
1463 1545 1731 1589 retinueruut3
1779 1545 1873 1596 quin
1902 1552 2028 1582 tamen
2058 1555 2255 1597 propterea
2286 1561 2394 1586 vere-

1265 1606 1404 1644 antur,
1436 1611 1474 1634 se
1501 1595 1652 1649 aliquid
1681 1595 1727 1633 de
1747 1597 1885 1635 Christi
1911 1599 2055 1635 meritis
2084 1599 2300 1638 detrahere:
2331 1615 2394 1640 ec·

1264 1661 1335 1687 cur
1363 1660 1490 1688 autem
1522 1650 1560 1688 id
1589 1653 1750 1697 timent,
1789 1650 1944 1703 quando
1974 1652 2203 1689 invocantur
2231 1652 2394 1703 Sancti,

1264 1705 1363 1741 servi
1393 1703 1495 1752 Dei,
1525 1704 1641 1742 amici
1673 1703 1778 1750 Dei,
1809 1703 1882 1741 filii
1915 1701 2014 1746 Dei3
2045 1703 2078 1737 8(
2106 1705 2264 1754 quidem
2294 1720 2394 1745 sein-

1266 1769 1335 1808 per
1364 1770 1432 1808 per
1462 1758 1598 1794 merita
1617 1757 1705 1793 Jesu
1723 1756 1862 1792 Christi
1883 1754 1899 1793 ἓ
1929 1753 2038 1792 Unde
2060 1753 2234 1794 Ecclesia
2261 1772 2395 1799 omnes

1265 1823 1350 1848 suas
1369 1810 1557 1848 orationes
1585 1807 1770 1855 absolvit,
1799 1807 1846 1845 ad
1861 1807 2056 1845 Christum
2077 1819 2245 1848 nostrum
2268 1825 2392 1852 unum

1264 1863 1477 1914 perlectum
1494 1858 1748 1898 Mediator-em
1778 1861 2053 1911 confugiendo:
2081 1874 2152 1911 per
2166 1861 2392 1904 Dominum

1264 1921 1444 1951 nostrum
1473 1912 1610 1950 Jesum
1643 1912 1840 1949 Christum
1867 1914 1957 1953 &c-

1319 1965 1412 2010 465.
1441 1965 1576 2016 Neque
1606 1962 1742 2002 inutile
1773 1966 1888 2004 fuerit
1934 1964 1981 2003 ad
2012 1969 2283 2019 praecavendas
2313 1967 2391 2010 He-

1262 2019 1530 2055 terodoxorum
1560 2016 1824 2057 cavillationes
1861 2019 2074 2058 doctrinam
2103 2022 2268 2061 Concilii
2301 2025 2391 2065 Tri-

1262 2069 1411 2108 dentini
1441 2070 1578 2109 afferre
1607 2071 1705 2110 Sess.
1728 2072 1858 2110 XXII.
1887 2086 1972 2124 cap.
1996 2073 2034 2112 5.
2052 2103 2062 2121 ,
2093 2074 2159 2112 ubi
2190 2076 2236 2114 de
2260 2077 2390 2117 Missis

1262 2123 1301 2162 in
1331 2123 1513 2162 honorem
1543 2121 1772 2164 Sanctorum
1802 2128 1853 2164 ita
1883 2128 2079 2165 statuitur:
2124 2123 2179 2165 Et
2207 2135 2389 2180 quamvis

1259 2179 1301 2214 in
1331 2174 1547 2227 honorem,
1591 2179 1640 2219 (9⁶
1671 2183 1913 2216 memo-‘iam
1943 2179 2185 2220 Sanctorum
2217 2186 2388 2223 nonnul-

1258 2231 1321 2269 las
1349 2231 1552 2270 interdum.
1583 2228 1740 2271 Missas
1770 2232 1960 2271 Ecclesia
1988 2234 2191 2273 celebrare
2220 2249 2384 2277 consue-

1258 2289 1355 2322 verit
1373 2314 1384 2333 ‚
1414 2297 1494 2323 non
1523 2294 1663 2324 tamen
1692 2288 1768 2324 illie
1797 2285 2045 2339 sacrificium
2075 2283 2213 2337 offerri
2243 2290 2356 2329 docet
2376 2322 2390 2342 ‚

1259 2338 1329 2376 sed
1359 2338 1448 2378 Deo
1477 2339 1579 2388 soli,
1609 2343 1673 2390 qui
1702 2342 1788 2378 illos
1818 2345 2021 2378 coronavit
2039 2356 2054 2385 ,·
2083 2343 2187 2380 unde
2216 2357 2289 2382 nec
2311 2345 2388 2384 Sa·

1260 2391 1399 2430 certios
1428 2391 1560 2431 dicere
1588 2394 1686 2432 solet
1706 2407 1719 2432 .·
1748 2389 1874 2442 offero
1904 2393 1969 2431 tibi
1992 2393 2249 2449 Sacrificium
2273 2429 2283 2446 ,
2315 2399 2387 2438 Pe-

1258 2454 1344 2494 tre,
1375 2446 1433 2484 rel
1463 2444 1617 2492 Paule;
1647 2445 1717 2485 sed
1731 2447 1820 2486 Deo
1849 2447 2069 2485 <latiorum
2097 2454 2269 2488 victoriis
2287 2465 2386 2503 gra-

1258 2502 1337 2537 tias
1367 2512 1518 2551 agens,
1557 2512 1692 2537 eorum
1723 2504 1950 2550 patrocinia
1978 2502 2167 2551 implorat
2185 2533 2195 2551 ‚
2244 2514 2284 2541 ut
2313 2506 2386 2555 ipsi

1257 2565 1327 2603 pro
1356 2551 1465 2590 nobis
1507 2554 1751 2592 intercedere
1781 2552 1993 2607 dignentur
2033 2559 2073 2591 in
2103 2556 2214 2594 caelis
2234 2588 2245 2604 ,
2293 2572 2387 2610 quo-

1258 2619 1348 2643 rum
1379 2611 1622 2644 memoriam
1639 2604 1827 2659 facimus
1857 2611 1897 2645 in
1918 2612 2031 2645 terris
2052 2631 2062 2646 .
2094 2609 2171 2647 ΗΛ
2191 2610 2385 2651 authenti-

1259 2672 1322 2698 cas
1350 2668 1487 2698 nostrae
1517 2660 1698 2698 doctrinae
1714 2663 1965 2712 expositiones
1988 2663 2018 2698 si
2048 2664 2280 2703 attenderent
2297 2665 2386 2705 Pro-

1258 2721 1452 2760 testantes,
1482 2726 1556 2752 nou
1577 2714 1748 2765 amplius
1777 2723 1942 2752 veterem
1961 2716 2282 2767 praedecessoruin
2302 2733 2386 2758 suo-

1258 2779 1345 2805 ruin
1375 2767 1606 2804 cantilenam
1640 2777 1867 2820 repeterent,
1898 2782 1960 2805 nm
1992 2770 2158 2819 pretium
2180 2771 2384 2823 Sanguinis

1259 2820 1397 2857 Christi
1430 2830 1655 2868 extenuare,
1705 2822 1824 2872 ipsius
1855 2821 2126 2861 mediationem
2165 2836 2351 2864 evacuare
2371 2857 2384 2876 ,

1261 2873 1295 2909 8(
1327 2873 1608 2912 idololatricum
1639 2873 1785 2911 cultum
1817 2887 2023 2912 revocare.

1313 2925 1406 2972 464.
1439 2927 1525 2964 lust.
1572 2927 1763 2965 secundo.
1814 2928 1917 2965 Idem
1956 2927 2117 2967 Sanctus
2154 2926 2383 2984 Augustinus

1260 2979 1365 3018 laud.
1397 2978 1479 3016 loco
1500 2979 1583 3017 haec
1605 2980 1722 3019 verha
1751 2981 1855 3020 addit
1876 2993 1884 3018 :
1918 2980 1992 3018 P=-o
2014 2996 2088 3031 quo
2103 2985 2232 3022 nullus
2263 2989 2382 3023 inter-

1257 3034 1406 3087 pellat,
1436 3031 1506 3071 sed
1534 3037 1614 3086 ipse
1642 3047 1713 3085 pro
1732 3031 1934 3084 omnibus,
1963 3033 2024 3073 hic
2041 3049 2164 3087 untes,
2193 3050 2379 3089 verusque

2233 3090 2326 3130 Me-

1260 3206 1332 3242 cias
1356 3204 1427 3251 egit
1453 3202 1618 3241 adversus
1645 3205 1768 3240 Jnann.
1799 3202 2174 3256 RudolphiKieslingii
2200 3211 2375 3245 exercita-

1261 3259 1374 3290 tiones
1398 3248 1782 3290 Anti-Trombelllanns
1796 3275 1808 3288 .
