2583 3685
285 175 348 213 13

225 260 508 312 Scripturarum
538 255 690 293 oracula
706 257 789 306 quis
811 254 962 292 eludere
977 265 1129 293 tentaret
1147 287 1156 304 ‚
1186 257 1329 309 fingen-

224 314 292 361 do,
332 314 387 349 his
416 313 484 348 soli
515 310 595 346 Deo
625 310 739 345 tribui
771 311 1020 360 cognitionem
1050 314 1228 347 (minium
1262 312 1329 347 hu-

223 378 420 405 manorum
451 361 649 405 cordium3
700 364 749 398 ita
779 371 817 398 ut
847 361 976 414 aliqua
1017 362 1147 399 saltem
1191 373 1330 400 nostra-

224 432 309 455 rum
340 417 606 467 cogitationum
637 428 722 465 pars
753 414 906 466 ,Angelis
935 415 1158 452 naturaliter
1186 417 1329 453 innote-

224 479 366 507 sceret.

282 524 369 562 152.
399 522 551 559 Frustra
566 550 576 567 ,
598 520 787 571 ‘inquam3
819 535 904 558 nam
922 522 1048 573 primo
1063 519 1146 558 haec
1164 522 1331 571 exceptio

222 577 372 613 nullum
406 574 514 610 habet
538 573 839 611 [undamentum
858 605 868 621 ,
898 589 941 611 ac
971 575 1094 627 seipsa
1125 576 1223 610 ruit.
1256 574 1331 610 De-

223 629 310 665 inde
339 628 367 664 si
401 626 536 677 Angeli
568 636 721 676 possunt
762 627 911 678 aliquas
941 628 1100 664 internas
1130 626 1331 664 homiuum

220 682 458 729 cogitationes
479 678 585 716 nullu
615 682 787 717 exteriori
819 683 924 731 signo
945 681 1197 717 manifestatas
1226 689 1331 716 uatu-

220 734 350 770 raliter
378 745 621 784 cognoscere,
652 746 726 769 non
757 734 867 770 video
888 763 897 780 ,
927 746 995 770 cur
1025 745 1096 769 non
1126 732 1264 783 possint
1291 745 1331 769 o-

220 801 347 834 mnes,
379 795 416 822 ut
446 798 521 823 non
551 784 717 836 amplius
739 786 842 824 Deus
871 784 973 823 solus
1002 785 1149 822 dicatur
1178 794 1331 821 scruta-

218 849 278 877 τον
307 838 507 885 cordium,
536 838 585 877 Εἴ)
614 851 754 875 renum
772 866 782 877 .

280 893 366 931 155.
389 891 543 929 Accedit
553 892 665 928 etiam
684 893 884 930 auctoritas
899 890 1151 943 quorumdam
1163 898 1331 929 veterum

211 945 406 984 <Ecclesiae
425 946 576 982 l'atrum
593 974 603 992 ,
633 947 699 996 qui
721 945 872 983 laudata
892 958 1084 982 sacrarum
1104 945 1331 982 Litterarum

218 999 373 1036 oracula
401 1000 451 1034 ita
486 996 777 1046 intellexerunt,
808 1008 846 1035 ut
876 998 1022 1035 nemini
1053 1011 1203 1048 prorsus
1233 1011 1332 1049 prae-

218 1061 273 1088 ter
296 1051 429 1089 'Deum
460 1051 720 1089 concederent
763 1051 1017 1089 humanarum
1061 1051 1332 1100 cogitationum

219 1106 496 1156 cognitionem.
555 1104 713 1142 Sanctus
752 1105 1011 1156 Hieronymus
1054 1104 1246 1154 explicans
1288 1118 1331 1140 ea

218 1158 336 1195 verba
363 1158 504 1195 Jerem.
526 1156 652 1194 XVII.
684 1157 774 1209 Ego
803 1157 1001 1195 Dominus
1029 1166 1213 1193 scrutans
1241 1169 1329 1203 cor,

211 1211 367 1263 inquit:
406 1211 487 1248 Per
514 1223 602 1261 quoe
631 1210 843 1258 discimus,
882 1209 981 1260 qnod
1010 1209 1138 1246 nullus
1167 1212 1239 1246 scii
1267 1221 1331 1245 co-

216 1269 431 1315 gitationes
461 1263 692 1312 hominum,
723 1268 798 1301 nisi
827 1265 930 1300 solus
959 1262 1095 1299 Deus-0
1292 1312 1295 1315 χ

278 1317 365 1362 154.
396 1316 582 1354 Praeterea
599 1316 722 1355 Patres
750 1317 847 1354 bene
863 1314 974 1353 multi
1005 1316 1090 1351 inde
1121 1314 1234 1350 etiam
1264 1313 1329 1349 ad-

205 1383 344 1408 ·versus
374 1371 534 1408 Arianos
563 1383 690 1406 veram
708 1399 719 1415 ‚
757 1366 1200 1416 consubstantialemque
1241 1365 1329 1402 Jesu

204 1422 354 1459 Christi
383 1423 623 1459 divinitatem
639 1420 933 1472 comprobarunt
951 1449 960 1466 ,
991 1419 1092 1470 quod
1108 1417 1180 1456 ille
1210 1432 1330 1456 secre-

213 1483 268 1511 tas
297 1474 494 1511 hominum
523 1474 766 1525 cogitationes
795 1474 1038 1524 cognoverit,
1086 1472 1184 1522 qnod
1216 1471 1329 1508 solius

209 1527 287 1565 Dei
306 1529 501 1578 proprium
519 1535 592 1565 est.
613 1526 654 1564 S.
669 1526 727 1564 J0.
741 1525 1031 1573 chrysostomus
1047 1525 1161 1562 Hom.
1178 1524 1328 1562 XXIV.

202 1579 263 1618 al.
286 1580 430 1618 Xan.
460 1581 499 1617 in
526 1580 586 1618 JO.
617 1573 830 1632 explicans·
848 1593 890 1615 ea
916 1578 1036 1615 »verba
1075 1591 1160 1628 cap.
1183 1578 1231 1614 ll.
1264 1576 1328 1630 25.

207 1633 327 1685 ·Opus
355 1637 391 1670 ei
421 1645 501 1671 non
530 1642 619 1671 erat
636 1662 648 1680 ,
677 1641 716 1669 uc
747 1635 832 1682 qm‘s
860 1633 1127 1668 testimonium
1151 1628 1328 1679 perhibe-

211 1696 274 1723 ret
291 1686 350 1724 sle
379 1682 567 1728 homine}
595 1689 677 1734 ipse
705 1688 812 1721 enim
841 1682 989 1721 sciebat
1006 1713 1017 1730 ,
1046 1682 1137 1734 quid
1166 1692 1267 1720 esset
1286 1687 1327 1720 in

213 1738 395 1785 homine,
425 1738 573 1789 inquit:
602 1736 758 1785 Nosse,
787 1751 876 1788 (μιᾶς
905 1740 945 1773 in
975 1736 1092 1773 corde
1121 1734 1327 1773 hominnm

214 1801 328 1840 sunt,
359 1791 460 1828 illius
479 1799 638 1828 tantum
669 1800 728 1828 est
743 1820 754 1839 ,
783 1790 987 1842 qui-finxit
1007 1789 1212 1841 sigillatim
1235 1802 1326 1826 cor·-

213 1844 268 1882 da
287 1875 296 1892 ,
326 1857 470 1894 nempe
497 1844 614 1882 solius
638 1842 777 1881 Dei...
806 1857 889 1882 non
904 1842 1042 1895 egebat
1072 1840 1255 1891 testibus,
1286 1851 1327 1878 ut

204 1910 312 1946 eas,
342 1911 441 1947 quas
458 1895 744 1948 formaverat,
774 1906 929 1934 mentes
957 1904 1237 1948 cognosceret.
1274 1895 1327 1934 E·

205 1952 305 1988 ¹tiam
336 1951 377 1988 S.
408 1950 666 2002 Hieronymus
709 1951 748 1988 in
792 1964 879 2002 cap.
910 1949 979 1987 IX.
1023 1947 1163 1986 Matth.
1194 1961 1239 1986 ex
1281 1949 1327 1987 iis

211 2003 363 2042 verbis:
414 2002 514 2039 Cum
543 2003 696 2041 vidisset
723 2002 836 2040 Jesus
864 2005 1119 2055 cogitationes
1156 2015 1293 2039 eorum
1315 2032 1326 2051 ,

212 2057 265 2094 ita
295 2070 362 2108 pro
390 2055 586 2093 divinitate
601 2056 689 2094 Jesu
718 2056 858 2094 Christi
887 2056 1109 2094 adstruenda
1125 2069 1326 2106 argumen-

211 2118 311 2147 tatur
329 2121 338 2145 :
368 2108 410 2146 Si
429 2119 566 2146 autem
587 2109 635 2147 de
655 2109 864 2147 Salvatore
892 2109 1035 2147 dicitur
1049 2122 1063 2145 .·
1086 2108 1226 2146 1νὶίίεηε
1253 2122 1325 2146 au-

205 2170 295 2200 ·tem
324 2166 587 2214 cogitationes
616 2176 753 2200 eorum
781 2162 896 2201 Jesus
911 2177 926 2208 ;
969 2162 1173 2213 nullusque
1201 2171 1326 2214 potest

204 2215 342 2254 videre
372 2219 634 2267 cogitationes
662 2229 798 2254 eorum
815 2247 826 2264 ,
855 2220 933 2253 nisi
962 2215 1067 2254 solus
1095 2215 1235 2253 Deus:
1265 2228 1325 2253 er-

210 2280 260 2320 go
293 2267 466 2306 Christus
495 2268 606 2307 Deus
634 2277 693 2306 est
710 2299 721 2317 ,
762 2273 827 2320 qui
855 2278 1055 2307 scrutatur
1083 2268 1233 2317 corda,
1276 2269 1326 2310 (θ’

209 2319 349 2371 probat
389 2334 531 2359 renes.
580 2321 724 2360 Eodem
753 2332 977 2374 argumento
1017 2335 1104 2360 usus
1134 2322 1256 2360 fuerat
1284 2323 1326 2360 in

212 2388 298 2425 cap.
318 2373 446 2412 XVII.
475 2375 678 2413 Jeremiae:
709 2389 753 2413 ac
770 2376 936 2427 denique
965 2374 1142 2427 pluribus
1172 2375 1256 2413 aliis
1284 2388 1325 2412 o-

212 2428 366 2475 missis,
404 2428 444 2466 S.
475 2427 699 2466 Ambrosius
728 2430 768 2465 in
797 2442 882 2479 cap.
905 2427 954 2465 V.
983 2428 1100 2465 Lucae
1129 2441 1236 2465 num.
1265 2440 1324 2466 12.

211 2478 414 2518 Dominus
424 2510 435 2529 ,
464 2482 612 2533 inquit,
641 2482 883 2519 occultorum
897 2484 1120 2532 cognitione
1133 2479 1267 2518 Deum
1281 2493 1326 2519 se

210 2545 298 2571 esse
328 2533 602 2571 demonstrat.
642 2534 755 2581 Quod
784 2543 998 2573 sauctorum
1023 2533 1182 2571 :Patrum
1213 2547 1324 2585 argu-

210 2595 381 2624 mentum
413 2587 542 2624 fuisset
573 2587 620 2623 ad
649 2587 885 2637 probandam
905 2586 1045 2624 Christi
1068 2587 1324 2625 Divinitatem

210 2639 409 2691 ineptum,
458 2639 489 2676 si
519 2640 635 2676 etiam
664 2639 800 2690 Augeli
830 2648 980 2690 possent
1000 2640 1172 2678 occultas
1201 2639 1324 2677 homi-

205 2704 306 2728 num
335 2693 574 2742 cogitationes
603 2705 671 2730 sua
700 2694 840 2729 virtute
868 2693 1065 2744 detegere.

220 2771 223 2773 -
273 2744 360 2781 135.
390 2744 581 2784 Postremo
622 2743 722 2782 hanc
764 2747 985 2783 sententiam
1023 2747 1080 2782 ita
1116 2746 1256 2797 probat
1283 2744 1325 2784 S.

215 2793 383 2833 Thomas
412 2795 473 2835 hic
493 2807 563 2836 art.
585 2798 624 2844 4.
656 2828 681 2847 ,,
709 2796 896 2835 'Voluntas
915 2796 1111 2835 rationalis
1139 2807 1324 2835 creaturae

216 2877 243 2895 ‚‚
273 2848 341 2885 soli
368 2847 454 2884 Deo
474 2849 649 2900 *subjacet
666 2882 676 2900 ,
700 2849 741 2886 ·&
770 2851 851 2903 ipse
879 2849 980 2888 solus
1009 2851 1047 2887 in
1071 2863 1163 2887 ⁴eam
1191 2864 1324 2901 opera-

215 2930 242 2949 „
274 2902 305 2938 ri
335 2909 474 2951 potest,
504 2904 570 2952 qui
601 2912 652 2940 est
681 2902 895 2956 principale
925 2902 1006 2954 ejus
1033 2900 1226 2953 objectum
1244 2933 1256 2951 ,
1287 2911 1326 2940 ut

216 2983 242 3002 ,‚
274 2952 429 2990 ultimus
456 2953 545 2991 finis
563 2980 572 2991 .
602 2954 747 2993 Etideo
776 2972 844 3005 ea,
874 2970 961 3009 quae
993 2969 1037 2992 ex
1060 2954 1248 2993 voluntate
1263 2968 1326 2993 so-

215 3036 242 3055 „
272 3006 310 3043 la
337 3007 548 3058 dependent
565 3036 575 3053 ,
606 3008 665 3044 vel
689 3023 780 3059 -quae
812 3008 856 3048 iuv
880 3009 1067 3048 voluntate
1093 3007 1174 3046 sola
1200 3017 1288 3046 sunt
1313 3038 1326 3057 ,

215 3088 242 3109 „
272 3058 437 3098 solIDeo
467 3068 651 3098 suntnota
670 3087 679 3097 .
710 3061 959 3101 Manifestum
980 3068 1195 3108 estantern,
1225 3062 1325 3113 quod

216 3141 242 3161 ,‚
273 3126 318 3149 ex
346 3111 424 3150 sola
452 3112 645 3151 voluntate
675 3113 885 3165 dependet,
931 3115 1032 3168 quod
1069 3114 1210 3167 aliquis
1238 3122 1326 3152 actu

209 3194 243 3214 „‚
273 3165 404 3217 aliqua
433 3166 665 3212 consideret3
707 3169 799 3218 quia
827 3181 915 3205 cnm
944 3168 1086 3222 aliquis
1115 3167 1229 3206 habet
1257 3167 1324 3205 ha·

215 3247 242 3267 ,‚
270 3218 396 3256 bitum
427 3220 594 3256 scientiae
612 3250 622 3268 ,
666 3219 725 3256 vel
754 3221 897 3272 species
924 3220 1183 3273 intelligibiles
1212 3221 1252 3259 in
1281 3233 1325 3258 eo

216 3301 243 3320 ,‚
273 3273 489 3320 existentes,
521 3274 636 3310 utitur
666 3275 720 3310 eis
738 3303 748 3322 ,
777 3287 865 3311 cum
891 3274 1003 3312 vult.
1029 3275 1093 3313 -Et
1121 3275 1206 3312 ideo
1233 3274 1325 3312 dicit

218 3353 244 3372 „
275 3324 473 3374 Apostolus
507 3339 540 3363 ι.
568 3327 654 3364 Cor.
675 3326 723 3364 II.
756 3338 846 3374 11.,
893 3329 992 3378 quod
1020 3341 1107 3380 quae
1146 3336 1230 3366 sunt
1258 3327 1324 3365 130-

159 3382 163 3387 ’
217 3406 243 3424 ,,
272 3379 387 3416 minis
414 3391 527 3416 nemo
555 3380 685 3428 novit,
734 3380 809 3418 nisi
836 3380 990 3432 spiritus
1015 3380 1209 3429 hominis,
1256 3381 1325 3433 qui

983 176 1392 221 DISSERTATIO
1414 178 1448 220 Ι.
1493 170 1635 219 “CAR
1652 174 1737 219 IX.

1398 286 1423 304 „
1453 256 1492 292 in
1522 255 1603 306 ipso
1631 263 1681 291 est
1703 256 1730 275 “
1747 279 1758 291 .
1795 244 1892 292 Al³iae
1922 253 2038 305 hujus
2066 255 2232 295 veritatis
2260 255 2422 295 rationes
2448 255 2506 295 af-

1398 310 1568 346 feruntur
1597 321 1619 343 a
1648 306 1688 343 S.
1719 306 1868 344 Thoma
1896 321 1935 359 q.
1959 308 2062 346 Vlll.
2102 309 2149 346 <le
2179 312 2285 346 verit.
2316 319 2385 349 art.
2413 310 2470 348 15.
2494 339 2505 357 ,

1398 362 1433 398 8<
1462 362 1510 398 ab
1540 358 1624 397 aliis
1654 357 1883 411 Theologis.
1929 360 2184 400 Veruntamen
2214 362 2245 400 si
2276 363 2388 400 etiam
2419 362 2506 400 nul-

1389 413 1481 452 slum
1525 413 1701 451 hactenus
1741 422 2007 463 argumentum
2049 416 2208 452 omnino
2242 415 2504 453 demonstrati-

1399 481 1490 506 vum
1520 479 1566 503 cx
1595 467 1738 503 ratione
1769 466 1897 504 fuisset
1924 466 2108 516 allatum,
2138 480 2211 505 non
2241 476 2367 506 tamen
2387 475 2504 506 ‘nuta‘-

1393 529 1455 557 *ret
1498 519 1703 572 propositio
1743 527 1890 567 nostra,
1937 532 2025 570 quae
2056 521 2295 571 potissimum
2331 521 2510 558 innititur

1399 574 1611 611 au‘ctoritatl
1653 584 1846 610 sacrarum
1890 571 2118 609 Litterarum
2132 603 2146 620 „
2186 582 2409 611 >sanctorum
2434 572 2508 611 Pa·

1399 635 1530 673 trum,
1561 624 1594 661 8(
1621 626 1793 662 omnium
1824 638 1917 677 pene
1947 624 2227 677 Theologorum
2245 651 2256 663 .

1459 678 1545 717 136.
1575 678 1650 715 Ob.
1680 679 1837 730 prime.
1881 677 2043 715 ‘Sanctus
2090 679 2296 729 Gregorius
2336 676 2509 730 ⁷Magnus

1399 731 1487 770 Lib.
1509 731 1653 769 XVHI.
1685 730 1837 769 Moral.
1879 744 1964 783 cap.
1985 729 2172 776 48.’011ιη
2205 744 2267 783 27.
2312 731 2358 769 de
2385 732 2510 771 Beatis

1399 793 1479 837 post
1508 785 1818 822 resurrectionem
1850 785 1996 836 inquit:
2043 783 2136 834 Ipsa.
2165 794 2302 821 eorum
2337 785 2506 823 claritas

1400 841 1568 876 vicissim
1597 835 1666 874 sibi
1686 840 1737 874 in
1765 837 1931 875 alternis
1952 835 2135 874 cordibus
2162 845 2272 888 patet
2289 867 2299 886 ‚
2332 838 2390 878 (9¹
2420 850 2512 875 cum

1399 890 1704 942 uniuscujusque
1733 890 1912 928 voluntas
1932 889 2149 928 attenditur
2165 921 2175 938 ,
2205 890 2322 928 sitnu'l
2341 891 2390 931 ὠ
2417 904 2512 929 con-

1399 948 1568 982 scientia.
1596 952 1852 993 penetratur.
1902 944 1948 980 At
1978 957 2066 980 vero
2088 944 2197 982 =Beati
2227 952 2310 995 post
2345 956 2513 993 resurre-

1399 999 1559 1035 ctionem
1591 1005 1698 1034 crunt
1727 996 1869 1035 similes
1898 996 2082 1048 Angelis,
2131 1006 2170 1034 ut
2198 997 2337 1035 dicitur
2361 996 2507 1035 Manli.

1400 1050 1528 1088 XXII.
1572 1049 1612 1087 S.
1634 1050 1828 1101 'Gregorio
1868 1051 2026 1100 ‘praeivit
2068 1049 2107 1088 S.
2147 1050 2376 1101 Augustinus
2420 1048 2514 1088 Lib.

1399 1101 1529 1140 XXII.
1559 1102 1607 1140 de
1640 1101 1747 1140 Civit.
1774 1101 1856 1140 -Dei
1877 1116 1970 1154 ·cap.
1993 1115 2057 1155 29.
2104 1103 2233 1140 dicens
2268 1104 2314 1141 de
2335 1110 2513 1155 'tempore

1397 1156 1701 1207 resitirrectionis:
1731 1154 1925 1192 Patebun'c
1938 1159 2063 1193 etiam
2082 1159 2344 1208 cogitationes
2364 1164 2515 1194 nostrae

1397 1210 1564 1244 invicem
1593 1205 1732 1243 nobis:
1762 1222 1851 1259 ergo
1880 1208 1950 1247 See.

1459 1260 1545 1309 157.
1576 1258 1722 1295 Deinde
1751 1257 1877 1296 Sanct.
1916 1260 2145 1311 Augustinus
2172 1262 2264 1302 Lib.
2283 1263 2314 1301 Ι.
2365 1261 2515 1301 Contra

1399 1312 1663 1349 Academicos
1704 1324 1789 1362 cap.
1810 1310 1849 1348 6.
1893 1309 2057 1349 Tomd.
2098 1325 2265 1364 narrat,
2301 1316 2513 1368 quemdam

1398 1364 1737 1416 flagitiosissimum
1753 1363 1956 1402 'hominem
1972 1363 2218 1403 ,Albicerium
2246 1370 2402 1406 nomine
2422 1368 2514 1407 Car-

1398 1417 1549 1469 thagine
1577 1416 1850 1455 occultissimas
1873 1428 1936 1454 'res
1965 1418 2211 1468 cognovisse3
2251 1432 2348 1457 :cum
2385 1429 2515 1458 autem

1396 1472 1555 1522 quidam
1578 1470 1808 1521 *experiendi
1837 1483 1952 1507 causa
1979 1470 2029 1507 ab
2058 1483 2101 1506 eo
2131 1469 2358 1522 flagitasset,
2397 1482 2436 1510 ut
2458 1474 2514 1511 ‘si-

1397 1522 1437 1561 bi
1468 1523 1637 1571 diceret,
1680 1522 1866 1575 quidnam
1895 1534 1938 1559 eo
1962 1531 2159 1561 >momento
2179 1535 2318 1563 *secum
2347 1526 2429 1579 ipse
2458 1534 2513 1564 ta-

1391 1577 1496 1613 ·citus
1524 1576 1728 1626 cogitaret,
1759 1574 1866 1613 illico
1895 1576 2155 1627 respondisse,
2184 1578 2347 1629 cogitare
2376 1592 2511 1630 quem·

1395 1629 1483 1666 dam
1511 1627 1671 1680 Virgilii
1702 1641 1880 1673 versum3
1904 1641 2078 1680 cumque
2107 1628 2202 1666 alter
2231 1632 2369 1668 iterum
2399 1634 2516 1669 inter-

1395 1691 1581 1733 rogasset,
1611 1695 1728 1733 quem
1758 1693 1910 1718 versum
1930 1682 2157 1732 cogitatione
2175 1682 2371 1731 volveret,
2401 1683 2512 1723 Albi-

1395 1736 1540 1772 cerium
1571 1748 1721 1772 versum
1743 1735 1869 1785 ipsum
1888 1747 2042 1772 securus
2063 1735 2235 1773 recitasse
2252 1763 2262 1773 .
2295 1736 2400 1774 Hanc
2421 1749 2510 1789 pro-

1395 1789 1493 1826 fecto
1522 1788 1694 1825 notitiam
1724 1788 1872 1825 nonnisi
1893 1801 1923 1825 *a
1942 1787 2127 1825 Daemone
2158 1786 2512 1827 Al'bicerius'habe-

1394 1854 1435 1879 re
1459 1842 1610 1892 potuit3
1640 1848 1802 1879 noscunt
1831 1852 1920 1890 ergo
1938 1840 2143 1878 Daemones
2172 1841 2414 1894 cogitationes
2443 1841 2511 1879 ho-

1394 1895 1545 1932 miuum
1564 1923 1575 1941 ,
1601 1893 1803 1945 ⁴multoque
1832 1894 1952 1944 magis
1981 1894 2119 1945 Angeli
2148 1894 2239 1932 boni
2258 1921 2269 1933 .
2294 1895 2384 1933 'Non
2409 1910 2508 1948 ‘pau-

1395 1961 1439 1985 ca
1468 1945 1612 1985 similia
1640 1960 1728 1984 cum
1758 1947 1860 1998 apud
1887 1946 2075 1984 Sanctum
2104 1949 2385 1999 Angustinum,
2420 1957 2511 1987 'tum

1395 2001 1497 2054 apud
1527 1999 1621 2038 alios
1649 2009 1820 2038 auctores
1846 1998 1951 2037 'haud
1980 2011 2066 2036 raro
2094 2009 2329 2039 occurrunt.

1451 2053 1542 2092 158.
1574 2052 1687 2105 Resp.
1717 2052 1891 2090 Primum
1911 2051 1951 2090 S.
1981 2052 2158 2103 Gregorii
2187 2054 2446 2092 testimonium
2473 2053 2508 2094 ’ἰ-

1394 2117 1431 2146 ta
1456 2106 1625 2160 *explicat
1653 2106 1694 2145 S.
1726 2105 1917 2154 Thomas,
1953 2113 1992 2143 ut
2020 2106 2145 2144 solum
2175 2107 2266 2145 velit
2294 2107 2334 2145 S.
2363 2106 2474 2145 Pater
2492 2137 2504 2157 ,

1395 2160 1543 2200 nullam
1585 2168 1673 2198 tunc
1702 2158 1869 2211 amplius
1910 2159 2081 2197 futuram
2112 2161 2233 2198 car-nis
2269 2160 2476 2205 crassitiem
2496 2190 2511 2209 ,

1394 2228 1483 2267 quae
1512 2212 1639 2252 oculos
1668 2221 1808 2251 nostros
1836 2227 1858 2249 a
1884 2213 2023 2250 mentis
2054 2212 2408 2264 intuitu-impediat:
2441 2227 2510 2252 un-

1393 2269 1441 2306 de
1466 2266 1618 2306 subdit:
1667 2265 1725 2304 Ibi
1753 2269 1889 2317 quippe
1919 2267 2225 2318 uniuscujusque
2255 2272 2431 2305 mentem
2459 2266 2512 2304 ab

1394 2321 1558 2358 alterius
1585 2320 1708 2358 oculis
1737 2318 2005 2356 membrorum
2046 2321 2293 2371 *corpulentia
2330 2333 2413 2357 non
2442 2319 2511 2357 ab·

1389 2373 1555 2412 scondet
1573 2398 1586 2411 .
1616 2373 1697 2411 Hoc
1727 2381 1825 2410 certe
1853 2372 2174 2424 impedimentum
2204 2372 2354 2411 tolletur
2382 2375 2422 2410 in
2451 2386 2511 2410 re-

1386 2427 1623 2465 surrectione
1651 2438 1883 2477 corporum;
1926 2439 1999 2463 >nec
2031 2425 2141 2463 modo
2169 2434 2220 2463 est
2249 2427 2288 2463 in
2316 2424 2472 2476 Angelis
2493 2451 2505 2463 .

1393 2480 1467 2518 Sed
1496 2479 1602 2517 aliud
1631 2479 1950 2530 impedimentum
1971 2487 2167 2527 remanet,
2196 2477 2343 2517 scilicet
2371 2477 2507 2516 volun-

1391 2535 1476 2572 tatis
1504 2531 1713 2570 claudentis
1740 2534 1824 2569 suas
1853 2544 2009 2569 arcanas
2037 2531 2306 2582 cogitationes.
2348 2530 2391 2569 In
2417 2529 2510 2569 'bea-

1387 2595 1430 2624 ta
1459 2595 1586 2624 autem
1616 2585 1889 2622 resurrectione
1908 2584 2060 2622 fortasse
2088 2598 2213 2634 neque
2243 2583 2315 2620 hoc
2343 2585 2507 2634 impedi-

1384 2648 1566 2678 mentum
1597 2640 1692 2685 erit,
1717 2645 1763 2674 ‘ut
1791 2636 1919 2674 Sancti
1948 2634 2066 2672 velint
2094 2649 2180 2673 suas
2209 2636 2449 2686 cogitationes
2469 2651 2511 2674 a-

1392 2692 1464 2729 lios
1493 2691 1635 2728 latere.
1683 2688 1827 2725 Saltem
1857 2686 2079 2738 qualitatem
2106 2688 2270 2735 mentis,
2313 2698 2507 2739 quantum

1377 2744 1442 2789 rad
1470 2743 1719 2794 quantitatem
1747 2740 1907 2791 gratiae,
1949 2738 1985 2776 ’ἃ
2014 2739 2148 2792 gloriae
2166 2771 2176 2789 ,
2225 2742 2510 2793 repraesentabit

1387 2795 1545 2833 -c'laritas
1586 2793 1780 2845 corporis;
1826 2793 1876 2833 Εὖ*
1905 2796 1965 2830 sic
1994 2805 2095 2831 unus
2137 2803 2314 2832 mentem
2345 2795 2510 2833 alterius

1392 2847 1520 2886 videre
1547 2850 1685 2897 poterit
1703 2872 1713 2883 .
1745 2846 1868 2898 Atque
1897 2845 1967 2885 hoc
1988 2848 2119 2885 eodem
2150 2862 2259 2886 sensu
2288 2847 2435 2886 locutus
2451 2849 2508 2887 vi·

1397 2902 1504 2939 detur
1533 2900 1573 2938 S.
1604 2899 1837 2951 Augustinus
1866 2899 1970 2938 laud.
2000 2900 2084 2938 loco
2113 2900 2160 2939 de
2193 2900 2302 2939 Civit.
2332 2900 2433 2939 Det.

1455 2954 1543 3006 159.
1573 2953 1684 3000 Quod
1714 2966 1759 2990 ex
1788 2952 1865 2990 alio
1892 2952 1933 2991 S.
1963 2954 2167 3006 Augustini
2207 2968 2320 3007 opere
2348 2954 2508 2992 allatum

1390 3007 1494 3053 ''fuit5
1542 3007 1621 3045 imo
1649 3019 1737 3059 quae
1768 3005 1808 3043 in
1833 3005 1934 3045 hanc
1978 3020 2059 3045 rem
2087 3006 2231 3045 similia
2261 3021 2304 3044 ex
2343 3006 2507 3045 aliorum

1394 3059 1559 3099 historiis
1589 3059 1721 3097 referri
1752 3070 1931 3112 possunt,
1974 3061 2004 3097 si
2032 3074 2123 3098 vera
2152 3069 2260 3108 sunt,
2291 3060 2427 3098 debent
2457 3062 2507 3098 ita

1394 3113 1607 3166 explicari,
1639 3124 1678 3150 ut
1707 3112 1785 3151 illae
1812 3114 2081 3165 cogitationes,
2112 3115 2357 3165 quantumvis
2387 3114 2505 3152 inter-

1387 3181 1451 3206 ³11ae
1470 3197 1481 3215 ,
1528 3166 1562 3203 8<
1591 3165 1779 3215 occultae,
1825 3167 1964 3204 fuerint
1992 3175 2117 3204 tamen
2145 3167 2375 3217 quibusdam
2406 3175 2506 3204 exte-

1392 3220 1557 3258 rioribus
1586 3220 1699 3271 signis
1725 3220 2002 3266 manifestatae3
2029 3220 2127 3258 unde
2148 3220 2379 3267 Daemones,
2408 3233 2504 3270 quo-

1390 3287 1479 3311 rum
1510 3274 1705 3324 ingenium
1726 3274 1986 3312 acutissimum
2009 3282 2061 3310 est
2080 3303 2089 3322 ,
2118 3275 2307 3325 potuerint
2326 3272 2410 3310 illas
2430 3271 2503 3309 sal—

1392 3335 1467 3364 tem
1497 3325 1715 3378 conjectura
1741 3339 1968 3379 ¹cognoscere
1985 3352 1996 3365 .
2021 3326 2065 3365 S.
2084 3327 2344 3378 Hieronymus
2373 3326 2414 3363 in
2444 3325 2502 3363 Ps.

1392 3379 1503 3419 XVI.
1532 3381 1578 3418 ad
1609 3393 1705 3420 vers.
1729 3393 1792 3419 20.
1821 3377 2041 3430 Diabolus,
2090 3381 2212 3432 inquit
2230 3409 2240 3428 ,
2287 3382 2329 3416 in
2357 3382 2502 3417 anima

2392 3445 2449 3470 ΖΠ)-
