2583 3685
277 104 331 143 30

215 178 482 216 recensendum
514 174 745 223 augurium,
793 183 868 223 quo
898 181 1036 209 veteres
1066 173 1315 223 superstitiose

216 232 361 270 futuros
390 229 624 278 negotiorum
646 233 797 262 eventus
823 239 863 262 se
878 225 1049 263 divinare
1071 239 1196 276 posse,
1226 223 1315 261 stul-

212 292 246 320 te
275 281 578 324 arbitrabantur;
622 292 740 329 quam
771 279 1014 316 vanissimam
1044 278 1313 330 disciplinam,

212 338 354 374 mirum
382 341 436 369 est
466 339 565 367 tanto
594 332 632 368 in
663 332 784 383 pretio
827 332 939 369 fuisse
968 331 1061 369 olim
1079 361 1090 378 ,
1133 333 1245 368 etiam
1275 345 1314 367 a·

210 387 287 437 pud
316 384 544 422 cultissimas
572 384 738 433 Gentes,
768 383 983 435 cujusmodi
1013 392 1117 421 erant
1134 383 1314 430 Romani,

210 448 248 476 ut
277 437 373 476 nibil
404 439 484 475 sine
513 438 681 487 auguriis
710 438 860 489 aggredi
890 438 1089 482 auderent3
1119 449 1193 475 non
1214 435 1314 487 quod

210 506 296 530 aves
326 493 418 543 ipsae
451 491 577 528 futura
607 493 814 541 praescioe,
849 500 911 528 aut
941 490 1110 528 revelare
1142 498 1314 540 possent3

207 559 275 584 nec
305 558 408 582 enim
440 543 509 580 hoe
541 542 599 580 vel
631 544 812 596 insipiens
829 545 1031 595 quisquam
1063 543 1221 586 diceret3
1251 542 1329 578 sed'

208 599 308 650 quod
337 596 482 635 volatus
500 598 631 634 avium
650 597 828 649 dirigeret
846 597 970 644 Deus,
1003 605 1041 632 ut
1071 595 1197 631 futura
1213 607 1314 645 prae-

208 659 430 688 monstraret
454 680 464 698 ,
525 650 849 702 quemadmodum
891 650 1051 700 auguria
1097 646 1315 698 explicabat

206 704 374 750 Quintus
401 704 537 742 Cicero
565 704 667 755 apud
695 701 873 741 Tullium
904 703 993 741 Lib.
1014 703 1042 739 1.
1074 700 1121 737 de
1152 699 1317 737 Divina-

206 761 337 795 tione.
368 756 615 804 Maximum,
646 755 679 792 8(
708 757 1064 808 praestantissimum
1095 754 1207 790 fuisse
1238 752 1315 790 Au-

204 825 343 863 gurum
372 811 452 862 jus,
481 809 647 848 declarat
674 810 777 847 idem
806 808 960 846 Tullius
988 807 1078 845 Lib.
1099 807 1147 844 Il.
1176 804 1223 843 (le
1240 805 1315 844 Le—

203 864 346 917 gibus,
391 873 584 915 totamque
625 862 765 900 horum
807 862 1067 899 auctoritatem
1109 859 1314 905 describit;

204 920 272 971 qui
302 928 425 956 tamen
455 916 600 955 ibidem
629 916 779 963 subdit,
811 916 1011 966 Augurum
1041 922 1157 950 artem
1188 912 1221 948 &
1252 926 1315 950 ve-

204 981 362 1019 tustate,
407 970 440 1007 8(
469 969 697 1022 negligentia
726 968 805 1020 jam
835 981 902 1006 suo
944 977 1112 1018 tempore
1141 967 1313 1003 evanuis-

203 1038 268 1070 se3
294 1025 549 1075 veamdemque
579 1024 719 1075 passim
748 1024 786 1060 in
815 1022 889 1058 suis
911 1019 1041 1068 libris,
1073 1018 1312 1070 potissimum

204 1088 329 1117 autem
360 1078 449 1116 Lib.
480 1078 527 1116 ΙΙ.
557 1076 604 1114 de
624 1075 880 1114 Divinatione
899 1075 1054 1111 omnino
1082 1073 1312 1110 contemnit.

262 1145 351 1182 172.
382 1131 597 1183 Augurium
634 1144 723 1167 cum
771 1128 951 1166 omnibus
993 1124 1078 1163 aliis
1115 1124 1313 1175 speciebus

203 1184 468 1237 superstitiosas
499 1183 744 1221 divinationis
773 1191 851 1219 erat
880 1180 1055 1218 Hebraeis
1085 1193 1106 1214 a
1126 1178 1207 1214 Deo
1228 1188 1313 1225 pro·

204 1237 370 1276 bibitum
393 1264 403 1276 .
452 1237 613 1276 Levitici
642 1235 753 1274 XIX.
784 1234 848 1273 26.
879 1263 906 1281 „
936 1233 1020 1271 Non
1049 1229 1313 1285 augura-bimi-

205 1321 229 1340 „
259 1292 327 1339 ni,
369 1304 437 1328 nec
467 1289 715 1327 observabitis
743 1287 915 1326 somnia.
963 1284 1127 1321 Denter.
1158 1279 1311 1318 XVIII.

203 1374 229 1393 „
266 1357 321 1381 ro.
363 1343 442 1380 Nec
473 1343 687 1380 inveniatur
719 1341 761 1377 in
789 1348 852 1386 te,
899 1337 967 1389 qui
1010 1335 1140 1372 lustret
1182 1333 1311 1372 filium

202 1388 228 1445 „
258 1409 398 1443 suum,
441 1404 506 1432 aut
534 1393 658 1432 filiam
689 1392 827 1430 ducens
858 1403 925 1441 per
955 1391 1107 1441 ignem3
1149 1396 1213 1424 aut
1242 1388 1310 1439 qui

200 1479 228 1498 „
258 1447 393 1486 ariolos
422 1448 655 1495 sciscitetur,
703 1445 736 1482 8(
765 1444 935 1482 observet
976 1443 1150 1489 somnia,
1197 1450 1310 1493 atque

203 1532 230 1551 „
259 1502 420 1553 auguria
448 1503 475 1522 ‘⁵
494 1528 502 1538 .
532 1501 581 1539 Et
610 1499 699 1538 Lib.
731 1498 798 1536 IV.
828 1497 974 1548 ‘Regum
1005 1495 1115 1533 XXI.
1145 1493 1182 1531 6.
1214 1495 1309 1531 inter

200 1555 278 1593 alia
319 1554 421 1593 mala
462 1553 610 1606 juvenis
642 1553 752 1605 Regis
786 1550 962 1590 Manasse
994 1548 1064 1586 hoc
1092 1547 1208 1584 etiam
1245 1559 1310 1596 po-

200 1611 333 1657 nitur,
362 1608 463 1660 quod
493 1607 706 1645 observavit
736 1607 906 1656 auguria
925 1627 935 1638 .
967 1600 1022 1638 Ac
1050 1601 1204 1637 demum
1236 1598 1310 1636 Ec-

199 1662 402 1701 clesiastici
432 1659 622 1699 XXXIV.
646 1659 682 1697 5.
711 1658 874 1696 dicitur:
905 1653 1108 1691 Divinatio
1137 1655 1280 1709 erroris
1298 1682 1307 1700 ‚

196 1717 250 1755 <9-
279 1718 452 1766 augurz‘a.
481 1711 725 1759 mendacia,
767 1710 807 1752 (L-
846 1710 1003 1747 somniat
1043 1706 1306 1757 maleliicien-

197 1772 298 1806 tium
330 1771 488 1805 vanitas
517 1775 574 1805 est
592 1793 602 1805 .
651 1765 778 1813 Quam
808 1763 979 1801 divinam
1009 1759 1309 1811 prohibitionem

199 1823 343 1860 ratione
385 1820 601 1859 corroborat
630 1819 670 1857 S.
701 1816 862 1857 Basilius
890 1817 1101 1853 Comment.
1145 1814 1184 1850 in
1223 1826 1309 1864 cap.

202 1876 253 1914 11.
283 1876 390 1912 Isaiae
421 1888 529 1911 num.
563 1887 627 1924 77.
656 1871 769 1909 Tom.
799 1872 830 1909 Ι.
858 1869 1059 1922 inquiens:
1108 1897 1133 1915 „
1164 1864 1308 1903 Absur-

256 1928 348 1966 dum
379 1928 483 1966 enim
513 1927 654 1973 fuerit,
695 1939 815 1972 eum,
857 1925 923 1975 qui
954 1935 999 1960 ex
1027 1920 1102 1959 Dei
1132 1919 1308 1972 legibus,

258 1996 302 2019 ac
333 1982 505 2019 institutis
534 1979 786 2017 consiliorum
815 1990 970 2015 suorum
1000 1976 1184 2012 rationem
1214 1974 1309 2012 inire

256 2043 397 2085 potest,
441 2034 487 2071 ad
517 2031 801 2070 decernendum
836 2031 882 2068 de
911 2030 1024 2067 rebus
1052 2027 1206 2079 agendis
1235 2026 1310 2065 sibi

255 2090 295 2125 in
324 2086 558 2125 consiliarios
599 2086 712 2124 bruta
753 2082 939 2122 animalia
980 2081 1184 2120 adhibere:
1233 2081 1310 2117 imo

259 2154 346 2178 vero
376 2155 421 2178 ne
451 2142 487 2178 in
517 2139 750 2178 consiliarios
779 2137 937 2190 quidem
956 2166 967 2185 ,
1009 2135 1073 2173 sed
1102 2135 1225 2186 potins
1263 2134 1310 2171 iis

257 2195 312 2231 uti
341 2194 552 2245 magistris,
582 2202 693 2244 atque
723 2189 1028 2243 legislatoribus.
1067 2188 1122 2226 Ac
1151 2187 1309 2239 quidem

258 2248 365 2293 avis,
394 2259 482 2298 quae
514 2244 731 2297 periculum
760 2244 833 2281 sibi
856 2242 1076 2294 impendens
1094 2271 1105 2289 ,
1136 2240 1169 2276 8(
1197 2240 1247 2278 ob
1267 2252 1308 2276 o-

201 1959 227 1978 θ’

201 2012 228 2031 >³

199 2064 227 2084 9,

199 2117 227 2136 Β)

202 2171 227 2189 >2

201 2223 228 2241 ἓ)

202 2275 228 2294 22

203 2329 228 2348 >3

259 2352 409 2390 dictura
437 2350 495 2390 “2
524 2351 572 2389 Et
600 2364 687 2403 quae
717 2358 952 2401 sequuntur.

203 2382 230 2401 :³

260 2419 272 2443 1
286 2405 348 2457 75.
377 2404 451 2443 Sed
480 2404 678 2442 redeamus
695 2434 706 2452 ,
737 2403 837 2440 unde
866 2401 1062 2453 paulisper
1075 2400 1230 2451 digressi
1251 2413 1312 2437 su-
1332 2421 1338 2426 ·

199 2471 314 2507 mus,
363 2467 402 2497 ut
431 2459 680 2510 auguriorum
709 2457 916 2494 vanitatem
948 2455 1202 2492 indicaremus
1220 2483 1229 2499 ,
1278 2452 1312 2488 8(

196 2511 474 2550 concludamus
503 2510 574 2547 boc
610 2518 724 2562 caput
762 2510 808 2547 iis
837 2509 963 2547 verbis
981 2537 991 2553 ‚
1037 2506 1180 2559 quibus
1209 2505 1313 2542 Deus

199 2578 297 2616 opus
325 2565 401 2602 diei
431 2565 577 2615 quiutae
606 2562 818 2606 conclusit3
847 2569 1043 2613 postquam
1063 2560 1162 2596 enini
1192 2561 1313 2609 pisces

201 2618 346 2666 maris,
389 2616 422 2652 8(
451 2615 622 2654 volatilia
648 2613 739 2653 caeli
767 2626 813 2651 ex
843 2627 951 2666 aquis
979 2614 1150 2659 creavit,
1199 2610 1313 2648 bene-
1346 2618 1350 2619 ⁷

204 2670 304 2709 <lixit
333 2674 388 2709 eis
408 2669 572 2708 dicens:
601 2670 765 2706 crescite
782 2696 793 2715 ,
821 2667 871 2707 &¹
891 2667 1233 2717 multiplicamini,
1262 2664 1312 2704 ὼ

204 2726 347 2773 replete
375 2736 505 2776 aquas
534 2725 662 2760 maris
679 2751 690 2769 ,
718 2732 886 2769 avesque
915 2720 1220 2768 multiplicentur
1248 2730 1314 2754 su-

205 2790 273 2828 per
303 2788 480 2816 terram.
523 2775 579 2814 Ec
596 2774 765 2827 factum
792 2781 853 2810 est
882 2785 1065 2822 vespere,
1109 2771 1158 2811 <9²
1188 2782 1313 2808 mane

207 2828 290 2866 dies
318 2835 498 2879 quintus.
546 2828 699 2876 Quibus
726 2825 854 2865 verbis
883 2824 994 2863 multi
1025 2831 1158 2875 putant
1188 2822 1312 2860 mani-

207 2883 300 2921 feste
329 2883 512 2930 indicari,
541 2882 690 2920 nonnisi
719 2880 813 2918 bina
832 2877 1068 2929 singularum
1098 2876 1313 2927 specierum

206 2934 409 2974 individua
436 2935 496 2970 die
525 2937 657 2985 quinto
672 2934 786 2973 fuisse
807 2945 852 2969 ex
866 2931 977 2983 aquis
993 2928 1195 2981 producta,
1224 2941 1314 2979 quae

206 2996 335 3041 postea
363 2988 461 3025 mira
490 2987 729 3025 foecunditate
759 2985 1009 3037 multiplicari
1039 2981 1246 3029 debebant,
1276 2989 1316 3018 ut

208 3040 396 3093 replerent
426 3049 593 3077 terram.
622 3039 766 3077 Eodem
796 3041 901 3078 enim
931 3036 1111 3090 loquendi
1132 3035 1243 3072 modo
1273 3047 1315 3070 u-

206 3108 270 3133 sus
299 3102 350 3132 est
377 3092 511 3141 Deus,
553 3092 704 3144 quando
732 3099 1014 3145 protoparentes
1042 3097 1182 3127 nostros
1210 3100 1313 3125 crea-

950 90 1351 136 DISSERTATIO
1390 90 1446 132 ΙΙ.

258 2299 363 2337 culos
391 2300 553 2350 positum
582 2311 656 2336 non
684 2298 814 2344 novit,
842 2296 912 2333 tibi
941 2304 994 2333 est
1015 2296 1188 2333 futurum
1208 2305 1332 2345 pree-v

1501 89 1630 131 CAP.
1663 89 1741 134 VI.

1385 170 1464 212 vit,
1494 175 1533 203 ut
1561 168 1700 204 dicitur
1730 165 1873 204 ibilem
1903 180 2001 206 vers.
2024 180 2087 219 27.
2120 167 2151 204 8(
2171 181 2248 222 seq.
2279 167 2489 218 „Mascu-

1384 251 1409 270 „
1439 220 1519 257 lum
1538 249 1549 265 ‚
1578 219 1611 254 8(
1641 219 1826 257 feminam
1855 223 1995 260 creavit
2024 235 2083 259 eos
2101 252 2112 270 ,
2143 223 2413 274 benedixitque
2442 222 2491 260 il-

1383 303 1410 323 „
1440 273 1487 310 lis
1518 272 1646 319 Deus,
1690 270 1723 307 8(
1751 273 1826 309 ait:
1855 276 2037 323 crescite,
2079 275 2114 311 8(
2144 275 2488 328 multiplicamini,

1384 356 1410 375 „
1441 326 1475 362 &
1505 325 1644 377 replete
1673 333 1813 362 terram
1843 329 1897 363 “0
1947 327 2075 365 Etiam
2107 329 2144 365 in
2173 342 2258 380 cap.
2289 328 2357 367 VI.
2388 330 2490 367 Gen·

1389 393 1448 432 ¹9·
1480 381 1530 416 ita
1558 377 1784 429 jussitDeus
1806 377 1906 415 Noe:
1936 409 1962 427 ‚,
1994 380 2040 417 Et
2069 394 2114 417 ex
2143 383 2286 419 cunctis
2313 383 2489 420 animan-

1384 463 1410 482 „
1439 432 1538 470 tibus
1569 432 1754 470 universae
1793 438 1904 468 terrae
1934 431 2024 470 bina
2054 433 2235 471 inducens
2264 435 2303 471 in
2330 432 2487 482 arcam,

1383 515 1411 535 ,‚
1441 494 1479 522 ut
1509 486 1635 522 vivant
1662 493 1816 532 tecum,
1847 484 2050 523 masculini
2066 498 2199 533 sexus,
2231 486 2264 521 8(
2286 483 2491 535 femininiff,

1385 568 1411 587 ,‚
1441 539 1486 576 de
1516 537 1736 576 volucribus
1765 535 1871 588 juxta
1898 551 2017 588 genus
2046 551 2155 575 suum
2173 564 2185 585 ,
2215 537 2249 574 8(
2277 538 2323 575 de
2343 538 2492 589 jumen-

1384 621 1410 640 „
1440 593 1485 629 tis
1515 592 1553 629 in
1584 604 1719 643 genere
1748 603 1842 639 suO,
1873 589 1906 629 8(
1936 602 1981 627 ex
2010 591 2117 628 omni
2148 590 2275 642 reptili
2305 600 2414 628 terrae
2435 605 2492 629 se·-

1384 673 1410 693 „
1439 645 1609 682 cundum
1639 658 1755 695 genus
1783 657 1921 688 suum;
1965 643 2056 680 bina
2083 643 2129 680 de
2157 643 2337 696 omnibus
2366 644 2491 696 ingre-

1385 727 1411 745 „
1440 697 1588 734 dientur
1616 707 1740 735 tecum
1759 726 1769 745 ‚
1813 705 1852 735 ut
1880 696 2020 748 possint
2050 697 2178 734 vivere
2207 699 2234 718 ‘⁶
2252 723 2262 733 .
2306 697 2495 744 Quamvis

1383 758 1509 802 postea
1538 764 1624 802 cap.
1654 749 1739 787 VII.
1772 763 1807 787 2.
1851 749 1884 786 8(
1914 763 1992 802 seq.
2021 748 2144 801 jussus
2186 749 2231 787 sit
2260 749 2341 787 Noe
2379 763 2424 788 ex
2452 763 2494 788 o-

1383 803 1539 841 mnibus
1568 802 1827 841 animantibus
1857 803 2030 850 mundis,
2060 802 2094 838 8(
2115 816 2158 840 ex
2182 801 2399 842 volatilibus
2420 817 2494 842 cae-

1382 854 1411 893 li
1441 854 1572 893 tollere
1599 866 1762 907 septena
1781 886 1792 904 ,
1821 855 1870 896 (9⁰
1900 865 2093 906 septena,
2142 857 2367 893 masculum
2390 886 2400 905 ‚
2443 856 2494 896 (9²

1370 907 1615 959 seminam‚·
1652 910 1743 961 quia
1771 923 1909 959 nempe
1938 909 2100 946 debebat
2129 909 2252 947 statim
2283 917 2364 961 post
2392 909 2495 947 dilu-

1383 963 1490 998 vium
1519 962 1564 998 de
1594 964 1738 1000 cunctis
1767 962 1996 1014 pecoribus,
2027 961 2060 997 8(
2090 962 2311 1001 volucribus
2341 961 2495 1001 mundis

1380 1013 1508 1050 offerri
1540 1014 1623 1051 Deo
1652 1014 1942 1064 holocaustum,
1986 1024 2027 1052 ut
2054 1016 2194 1053 dicitur
2223 1029 2257 1054 c.
2288 1015 2392 1053 VIII.
2426 1028 2492 1054 20.

1380 1065 1715 1113 Quemadmodum
1746 1081 1833 1119 ergo
1861 1069 1901 1105 in
1932 1071 2170 1108 renovatione
2199 1069 2361 1118 mundi,
2403 1081 2494 1122 quae

1380 1127 1462 1170 post
1492 1118 1685 1157 diluvium
1716 1121 1814 1158 facta
1842 1130 1921 1168 est,
1950 1122 2042 1159 bina
2057 1121 2336 1174 cujuscumque
2353 1122 2494 1174 speciei

1380 1170 1567 1208 animalia
1595 1172 1850 1220 suffecerunt,
1880 1175 1928 1211 ad
1957 1174 2250 1226 multiplicanda
2279 1188 2409 1213 eorum
2431 1189 2495 1226 ge-

1381 1236 1501 1271 nera,
1531 1233 1749 1276 terramque
1780 1225 2004 1276 replendam
2022 1255 2033 1273 ‚
2062 1229 2114 1264 ita
2143 1228 2303 1266 credunt
2333 1222 2495 1267 nonnul-

1379 1274 1432 1324 li,
1463 1277 1502 1315 in
1532 1278 1660 1329 prima
1688 1290 1817 1314 rerum
1846 1279 2033 1315 creatione
2061 1281 2213 1316 nonnisi
2241 1280 2335 1318 bina
2363 1280 2494 1332 cujus-

1379 1329 1474 1367 libet
1493 1332 1633 1382 speciei
1650 1330 1852 1368 individua
1868 1360 1879 1379 ,
1910 1330 2127 1368 masculum
2142 1329 2175 1366 8(
2195 1331 2378 1369 feminam
2400 1335 2494 1371 fuis-

1379 1381 1416 1420 se
1443 1393 1569 1421 creata
1587 1415 1596 1433 ‚
1641 1397 1850 1435 eorumque
1879 1393 2005 1435 postea
2047 1383 2410 1435 multiplicationem
2439 1399 2495 1423 se-

1377 1437 1581 1488 quentibus
1610 1436 1844 1488 temporibus
1875 1438 1990 1475 fuisse
2020 1437 2161 1474 factam
2184 1463 2195 1474 .

1437 1490 1522 1539 174.
1553 1490 1592 1527 S.
1624 1490 1784 1527 Basilius
1816 1487 1930 1539 hujus
1958 1491 2151 1527 sententiae
2195 1490 2314 1528 fuisse
2343 1491 2492 1530 videtur

1378 1542 1418 1579 in
1449 1542 1711 1580 Hexaemeron
1742 1542 1857 1580 Hom.
1889 1543 1975 1592 VII.
2006 1557 2044 1580 n.
2077 1556 2114 1581 2.
2144 1543 2335 1594 inquiens:
2380 1573 2407 1592 ,‚
2437 1543 2493 1581 U-

1378 1624 1402 1643 „
1434 1595 1708 1648 uiuscujusque
1737 1596 1883 1646 generis
1912 1596 2102 1647 primitias
2122 1610 2224 1634 nunc
2252 1597 2362 1647 quasi
2383 1610 2491 1648 quae-

1377 1678 1403 1697 :a
1433 1649 1520 1685 dam
1551 1658 1694 1686 naturae
1725 1650 1868 1685 semina
1898 1649 2057 1698 produci
2087 1648 2222 1698 jubet3
2260 1661 2391 1685 eorum
2422 1662 2491 1686 au-

1376 1731 1402 1750 „
1432 1712 1507 1738 tem
1539 1701 1741 1740 multitudo
1772 1702 1810 1737 in
1832 1709 2045 1738 secuturam
2063 1703 2336 1739 successionem
2361 1704 2490 1739 remit-

1377 1784 1402 1804 „
1432 1756 1549 1802 titur,
1580 1768 1669 1793 cum
1700 1768 1743 1792 ea
1772 1762 1883 1791 aucta
1910 1755 2149 1806 oportuerit,
2179 1768 2222 1790 ac
2253 1753 2491 1806 multiplica-

1377 1836 1403 1855 „
1433 1817 1469 1844 ta
1499 1811 1553 1845 “.
1584 1807 1804 1846 Lactantius
1834 1808 1924 1845 item
1953 1808 2042 1845 Lib.
2074 1809 2121 1844 11.
2151 1805 2284 1844 Divin.
2315 1806 2491 1846 Institut-

1376 1861 1422 1898 de
1451 1860 1684 1899 animalibus
1713 1860 1899 1912 loquens.
1950 1890 1976 1909 „
2008 1860 2124 1898 Facta
2152 1868 2236 1897 sunt
2265 1858 2399 1908 bina‚.
2432 1865 2494 1898 in-

1377 1944 1404 1964 „
1432 1918 1511 1966 quit
1529 1945 1540 1963 ‚
1588 1915 1682 1953 idest
1710 1914 1850 1952 diversi
1880 1927 1990 1951 sexus
2027 1912 2202 1966 singula,
2252 1926 2295 1950 ex
2325 1928 2492 1966 quorum

1377 1999 1404 2018 „
1435 1969 1591 2007 foetibus
1620 1967 1654 2004 8(
1683 1981 1773 2015 aer,
1822 1971 1856 2007 &
1884 1976 2011 2016 terra,
2059 1966 2093 2003 8(
2137 1967 2261 2005 maria
2302 1967 2493 2020 completa

1379 2036 1418 2071 „⁶
1434 2030 1519 2060 sunt
1548 2025 1574 2044 “
1591 2047 1603 2061 .

1438 2076 1525 2127 175.
1554 2075 1679 2127 Magis
1721 2083 1848 2113 tamen
1891 2074 2030 2113 arridet
2065 2074 2237 2127 opposita
2277 2076 2490 2123 sententia,

1377 2144 1466 2184 quae
1495 2137 1547 2167 est
1576 2129 1616 2167 S.
1646 2127 1848 2180 Augustini
1878 2128 1967 2167 Lib.
1997 2127 2084 2166 XII.
2115 2128 2164 2165 de
2183 2127 2384 2166 citimam·
2404 2142 2491 2180 cap.

1380 2197 1443 2221 21.
1474 2182 1541 2220 ubi
1571 2181 1642 2221 hoc
1670 2183 1873 2220 discrimen
1914 2182 2018 2233 ponit
2059 2182 2155 2219 inter
2185 2181 2406 2230 hominem,
2455 2181 2489 2217 8(

1378 2235 1587 2284 animalia,
1635 2236 1736 2288 quod
1768 2234 1906 2272 horum
1948 2264 1974 2283 „
2003 2248 2121 2285 genus
2150 2247 2221 2272 non
2252 2247 2296 2271 ex
2333 2233 2492 2286 singulis

1380 2319 1406 2339 „
1439 2291 1688 2342 propagavit,
1719 2289 1782 2327 sed
1811 2287 1924 2340 plura
1943 2287 2059 2326 simul
2088 2287 2196 2339 jussit
2217 2289 2394 2333 existere3
2427 2287 2492 2324 lio-

1380 2371 1407 2392 „
1437 2344 1582 2381 minem
1611 2355 1701 2382 vero
1730 2367 1770 2381 ...
1813 2355 1965 2390 unum,
2013 2356 2057 2378 ac
2086 2341 2278 2393 singulum
2320 2343 2491 2390 creavit,

1381 2424 1408 2445 „
1437 2409 1512 2434 non
1544 2397 1676 2448 utique
1704 2395 1826 2434 solum
1857 2396 1936 2432 sine
1981 2393 2149 2432 bumana
2185 2396 2358 2432 societate
2388 2395 2492 2432 dese-

1436 2449 1622 2496 rendum,
1660 2448 1724 2486 sed
1755 2457 1793 2484 ut
1822 2460 1865 2485 eo
1892 2447 2005 2484 modo
2033 2447 2294 2485 vehementius
2324 2449 2358 2485 ei
2388 2460 2492 2484 com-

1439 2502 1682 2539 mendaretur
1712 2501 1831 2551 ipsius
1859 2500 2045 2537 societatis
2076 2501 2222 2548 unitas,
2271 2499 2493 2539 vinculum-

1437 2569 1512 2606 que
1541 2553 1786 2601 concordiae,
1816 2553 1847 2590 si
1876 2566 1951 2590 non
1981 2562 2126 2591 tantuin
2157 2555 2254 2591 inter
2284 2568 2321 2591 se
2344 2562 2491 2591 naturae

1382 2637 1407 2657 „
1436 2606 1718 2654 similitudine,
1766 2619 1900 2645 verum
1931 2607 2045 2644 etiam
2087 2608 2316 2657 cognationis
2354 2605 2492 2644 affectu

1381 2691 1407 2711 „
1438 2660 1609 2698 homines
1637 2667 1900 2703 necterentur3
1929 2658 2166 2710 quandonec
2188 2660 2310 2711 ipsam
2330 2659 2489 2710 quidem

1381 2743 1407 2763 „
1438 2714 1623 2750 feminam
1654 2711 1906 2766 copulandam
1937 2713 2046 2759 viro,
2077 2713 2172 2750 sicut
2202 2714 2356 2764 ipsum,
2386 2720 2491 2750 crea'-

1381 2796 1407 2815 „
1437 2779 1477 2803 re
1507 2764 1565 2803 illi
1592 2766 1767 2817 placuit,
1809 2765 1872 2802 sed
1901 2777 1948 2801 ex
1977 2766 2060 2816 ipso
2080 2795 2091 2812 ,
2142 2775 2181 2802 ut
2208 2778 2321 2803 omne
2350 2778 2396 2802 ex
2424 2765 2492 2817 ho—

1381 2849 1407 2868 „
1437 2819 1542 2856 mine
1571 2833 1648 2855 uno
1676 2818 1952 2857 diffunderetur
1981 2824 2099 2871 genus
2128 2817 2339 2856 humanum
2369 2820 2395 2839 “
2413 2845 2423 2855 .

1442 2871 1529 2923 176.
1560 2872 1648 2909 Alia
1676 2885 1787 2924 porro
1816 2879 1867 2908 est
1883 2873 1978 2910 ratio
1997 2873 2247 2910 renovationis
2263 2871 2395 2908 mundi
2412 2879 2494 2922 post

1382 2924 1600 2970 diluvium5
1643 2939 1768 2977 neque
1797 2925 1898 2963 enim
1930 2926 1969 2963 in
2002 2925 2100 2962 Arca
2138 2933 2304 2976 poterant
2334 2926 2493 2973 omnia,

1382 2987 1447 3015 aut
1479 2976 1597 3016 multa
1625 2978 1813 3030 cujusque
1855 2978 1995 3028 speciei
2039 2978 2236 3015 individua
2278 2978 2493 3016 contineri.

1383 3031 1553 3069 Ulterius
1581 3043 1658 3068 non
1688 3041 1766 3068 erat
1794 3040 1886 3068 tnnc
1915 3031 2158 3067 formandum
2180 3030 2247 3067 boc
2271 3031 2492 3068 universnm

1380 3098 1451 3139 pro
1480 3084 1635 3123 bomine
1663 3084 1885 3127 innocente3
1932 3084 1997 3121 sed
2037 3083 2160 3121 solum
2202 3084 2492 3121 reformandum

2369 3149 2439 3189 pro
2468 3156 2472 3159 ·

1382 2478 1407 2498 22

1382 2531 1407 2550 >2

1381 2584 1408 2603 2,

211 3278 249 3300 re
264 3291 274 3308 ,
297 3264 390 3312 quod
416 3264 599 3299 Florentiae
624 3262 755 3309 prodiit
781 3275 871 3298 anno
898 3265 1002 3311 1767.
1032 3275 1115 3298 cnm
1134 3261 1207 3297 hoc
1233 3261 1364 3297 titulo:
1390 3260 1613 3304 Ornieologia
1636 3259 1804 3303 digesta,
1830 3253 1927 3304 atque
1953 3260 2105 3295 iconibus
2125 3261 2228 3294 aneis
2245 3259 2292 3293 ad
2315 3259 2419 3293 vivam
2443 3256 2490 3290 il·-

211 3315 387 3349 imminetis
413 3320 533 3347 ornata
558 3315 631 3345 &r-
