2583 3685
281 117 367 144 200

226 177 414 227 Religioni
443 173 553 210 valde
581 169 734 207 noxiam
765 167 1026 217 oecpnomiam
1049 197 1059 215 ,
1097 180 1173 218 qua
1202 165 1336 204 Mono-

225 231 444 269 thelitarum
475 236 641 261 errorem
670 234 745 258 nou
774 222 1035 273 compescuit,
1079 229 1118 257 ut
1147 218 1338 267 debebat,

222 283 284 319 sed
312 278 485 317 toleravit
515 275 602 328 (a).
631 275 688 313 Sit
716 275 843 325 itaque

595 378 899 419 PROPOSITIO
929 379 961 416 Ι.

264 490 465 530 Honorius
495 488 526 526 I.
558 486 767 524 Romanus
797 485 985 537 Pontifex
1015 484 1176 523 lzoeresis
1204 483 1298 521 Mo-

354 543 593 581 notlzeliticae
614 541 708 593 jure
737 543 924 577 accusari
953 551 1034 575 non
1061 547 1213 587 potest.

238 676 241 679 -
274 649 366 699 708.
383 625 521 692 Proh.
535 647 664 699 primo
679 645 984 683 luculentissimo
998 642 1213 679 testimonio
1227 642 1341 679 Joan-

218 702 276 740 nis
306 702 374 739 lV.
404 702 472 754 qui
500 708 583 753 post
613 700 769 737 brevem
799 696 975 734 Severini
1005 694 1271 732 Pontificatum
1287 695 1340 731 ei·

215 755 305 792 dem
337 754 505 792 Honorio
550 752 724 790 successit
747 779 757 798 ,
800 749 834 785 8(
863 749 932 801 qui
961 749 1080 800 ipsius
1121 745 1340 798 apologiam

216 808 266 845 ad
294 808 583 845 Constantinum
615 805 885 855 Imperatorem
903 800 1074 840 Heraclii
1104 800 1232 838 filium
1262 801 1336 837 mi-

218 861 292 898 sit.
321 861 381 898 lbi
408 868 537 897 autem
569 865 768 909 postquam
799 854 938 909 Pyrrhi
964 853 1179 892 calumnias
1207 862 1337 890 contra

217 913 433 951 Honorium
461 912 723 950 disseminatas
751 915 1110 954 commemorasset,
1136 906 1188 943 ad
1204 919 1264 944 eas
1278 906 1337 943 di-

219 965 377 1004 luendas
408 968 457 1004 ita
486 978 567 1003 rem
598 973 711 1001 totam
734 963 910 1013 exponit:
932 991 958 1009 „
979 960 1134 1010 Sergius
1163 972 1338 997 reveren-

217 1048 244 1068 „
273 1019 333 1056 dae
364 1021 562 1057 memoria:
580 1015 800 1055 Patriarcha
830 1014 1014 1065 praedicto
1035 1020 1155 1050 sanct.
1186 1012 1336 1050 recond-

217 1102 244 1120 „
276 1071 406 1109 Romae
440 1072 545 1110 urbis
573 1069 749 1108 Pontifici
776 1071 795 1118 (
825 1067 997 1104 Honorio
1027 1065 1042 1113 )
1075 1064 1337 1115 significavit,

219 1154 247 1173 „
277 1126 377 1177 quod
408 1125 566 1177 qnidam
597 1124 635 1160 iu
657 1120 907 1171 Redemptore
937 1126 1060 1156 nostro
1087 1118 1257 1155 Domino
1276 1118 1339 1155 Je-

217 1207 243 1225 „
274 1191 316 1214 su
346 1177 496 1215 Christo
524 1177 619 1214 duas
633 1178 862 1213 contrarias
882 1172 1059 1210 dicerent
1089 1171 1337 1209 voluntates.

219 1260 246 1279 „
277 1230 364 1278 Quo
405 1231 592 1283 praefatus
621 1228 724 1280 Papa
765 1234 987 1278 compert0‚
1036 1225 1228 1276 rescripsit
1266 1224 1336 1273 ei,

214 1313 242 1334 „
272 1285 365 1336 quia
392 1283 566 1322 Salvator
593 1291 748 1328 noster,
788 1282 886 1318 sicut
916 1286 1007 1317 esset
1037 1276 1264 1316 Monadicus
1294 1291 1337 1314 u-

215 1366 242 1386 „
272 1350 364 1385 nus,
395 1337 446 1374 ita
475 1338 508 1374 St
539 1335 649 1375 valde
678 1333 909 1372 mirabiliter
938 1344 1051 1383 super
1079 1344 1194 1370 omne
1222 1344 1338 1382 genus

218 1419 245 1438 „
276 1388 490 1427 humanum
518 1384 756 1440 conceptus,
805 1385 838 1422 8<
868 1394 975 1423 natus
1004 1392 1122 1422 esset.
1167 1385 1227 1421 De
1255 1396 1338 1421 san-

218 1472 244 1491 „
274 1451 334 1481 cta
362 1456 515 1495 qnoque
544 1442 665 1494 ipsius
693 1442 891 1479 incarnata
919 1437 1338 1489 dispensationedoce·

214 1525 242 1544 „
271 1495 364 1543 bat,
401 1498 494 1548 quia
523 1494 752 1547 Redemptor
779 1502 932 1540 noster,
975 1494 1073 1529 sicut
1111 1499 1204 1528 esset
1232 1490 1336 1528 Deus

217 1578 244 1597 „
275 1549 487 1600 perfectus,
534 1551 593 1586 ita
621 1555 725 1586 esset
751 1547 802 1587 ὢ·
831 1545 946 1583 homo
988 1542 1188 1596 perfectus
1209 1569 1280 1582 .....
1302 1543 1336 1578 δε

213 1633 240 1651 „
269 1602 414 1640 idcirco
443 1615 560 1640 unam
603 1600 862 1646 voluntatem,
912 1599 1123 1636 seeundum
1166 1598 1336 1649 primam

215 1685 240 1704 „
271 1656 537 1695 formationem
568 1655 663 1693 Adae
693 1653 926 1691 naturalem
957 1651 1223 1688 humanitatis
1251 1663 1336 1687 succ

218 1737 246 1756 „
275 1708 467 1747 Dominus
494 1718 620 1747 noster
648 1708 757 1746 Jesus
785 1706 959 1745 Christus
987 1704 1130 1742 habere
1158 1704 1335 1754 dignatus

215 1790 246 1809 „
276 1769 354 1804 est3
382 1774 464 1797 non
485 1761 586 1797 duas
602 1763 830 1797 contrarias
847 1789 857 1807 ,
887 1757 1216 1810 quemadmodum
1231 1769 1336 1794 nunc

218 1842 246 1861 „
277 1826 344 1850 nos
376 1812 518 1850 habere
545 1813 804 1863 dignoscimur
825 1840 836 1859 ,
866 1812 999 1862 quide
1019 1819 1175 1861 peccato
1204 1823 1337 1848 sumus

215 1895 243 1914 ,‚
275 1865 370 1903 Adae
398 1866 519 1916 geniti
541 1868 596 1902 “0

270 1930 362 1969 709.
392 1918 488 1956 Haec
508 1918 666 1955 Joannis
696 1915 901 1968 explicatio
930 1927 974 1952 ex
1005 1916 1086 1966 ipsa
1106 1915 1271 1952 Honoris
1296 1929 1334 1952 e-

212 1970 350 2024 pistola
377 1970 578 2021 desumpta
607 1978 687 2016 est,
731 1969 799 2007 ubi
829 1970 883 2006 ita
911 1968 1105 2005 Honorius
1140 1966 1335 2018 loquitur:

216 2054 244 2073 ,‚
275 2022 388 2061 Unde
417 2022 451 2058 8<
482 2036 600 2060 unam
628 2021 863 2060 voluntatem
893 2021 1059 2057 fatemur
1079 2020 1239 2057 Domini
1266 2033 1335 2057 no—

215 2107 242 2126 „
270 2077 335 2114 stri
363 2077 453 2114 Jesu
481 2074 655 2122 Christi,
697 2077 792 2124 quia
833 2071 1012 2123 'profecto
1057 2085 1087 2108 a
1116 2071 1335 2110 Divinitate

214 2160 242 2179 ‚,
273 2140 484 2179 assumpta
514 2137 572 2166 est
599 2134 739 2165 nostra
766 2134 947 2172 natura,
977 2136 1057 2160 non
1085 2124 1203 2171 culpa
1224 2153 1236 2171 ,
1266 2124 1336 2160 illa

219 2214 245 2232 υ
273 2182 452 2234 profecto
468 2213 479 2231 ,
509 2194 599 2232 quoe
628 2189 725 2218 ante
743 2186 955 2230 peccatum
975 2184 1118 2213 creata
1138 2185 1197 2231 est
1214 2205 1225 2223 ,
1255 2188 1337 2212 non

217 2266 243 2285 „
265 2249 362 2286 quae
390 2244 476 2285 post
502 2237 882 2285 praevaricationem
913 2234 1051 2268 vitiata
1068 2232 1092 2250 ‘⁶
1109 2255 1120 2266 .
1162 2228 1212 2266 Et
1241 2237 1338 2280 post-

214 2303 336 2341 quam
366 2287 589 2340 explicasset
617 2287 740 2338 legem
768 2286 915 2338 peccati
939 2314 949 2331 ,
991 2296 1079 2334 quae
1122 2282 1337 2320 secundum

216 2341 441 2394 Apostolum
486 2350 538 2380 est
573 2343 614 2379 in
652 2339 844 2379 membris
885 2337 1052 2384 nostris,
1094 2336 1147 2374 ita
1188 2335 1336 2386 pergit:

215 2423 247 2443 „
275 2394 359 2432 Non
389 2403 440 2432 est
470 2395 598 2446 itaque
627 2401 849 2444 assumpta,
878 2392 975 2429 sicut
1004 2388 1154 2441 praefati
1175 2402 1334 2436 sumus,

219 2477 247 2496 „
277 2446 512 2486 aSalvatore
541 2448 674 2486 vitiata
700 2454 835 2484 natura
855 2474 866 2491 ‚
895 2456 984 2494 quoe
1013 2449 1254 2493 repugnaret
1284 2441 1337 2479 le-

215 2530 244 2550 ,‚
271 2505 313 2554 gi
342 2504 488 2538 mentis
525 2501 612 2552 ejus
632 2525 703 2537 .....
724 2512 798 2537 non
827 2496 888 2534 lex
930 2495 1007 2533 alia
1034 2496 1077 2533 in
1124 2493 1336 2542 membris,

217 2585 245 2604 „
273 2562 346 2591 aut
375 2555 553 2591 voluntas
590 2553 746 2591 dire-rsa
774 2564 855 2588 non
883 2549 1001 2601 fuit,
1045 2548 1103 2586 vel
1132 2551 1339 2585 contraria

215 2637 245 2656 „
274 2607 501 2654 Salvatori,
549 2608 641 2658 quia
669 2618 785 2656 super
814 2604 937 2654 legem
966 2611 1078 2640 natus
1119 2610 1173 2639 est
1201 2600 1338 2638 huma-

218 2690 245 2709 „
275 2673 337 2699 uae
366 2661 596 2699 conditionis
611 2663 666 2697 “.
696 2659 755 2696 En
785 2656 941 2709 qualem
971 2654 1205 2697 voluntatem
1219 2653 1337 2692 aSal-

217 2722 347 2753 vatore
375 2722 500 2754 nostro
529 2712 731 2752 excluserit
756 2711 945 2750 Honorius
962 2739 974 2758 ‚
1003 2708 1235 2750 voluntatem
1264 2708 1336 2747 sci-

222 2894 287 2918 art.
316 2899 345 2920 2.
363 2910 374 2928 ,
398 2901 440 2922 ex
468 2889 598 2933 regulis
621 2888 844 2933 potissimum
861 2908 876 2928 ³
912 2898 998 2932 quas
1022 2884 1244 2920 doctissimus
1269 2884 1334 2918 Pe-

221 2939 298 2963 trus
321 2936 548 2968 Constantius
585 2936 837 2969 statuit'Praef.
872 2934 907 2967 in
933 2933 1051 2977 Epist.
1088 2932 1224 2965 Roman·
1252 2930 1333 2964 Pon·

222 2987 318 3027 nuni.
346 2980 426 3020 33.,
451 2990 490 3014 ut
518 2983 689 3014 solemnes
714 2981 923 3026 Apostolicae
949 2977 1045 3012 Sedis
1070 2977 1289 3011 definitiones
1316 2990 1336 3011 a

226 3021 377 3055 Privatis
403 3037 620 3061 summorum
647 3028 866 3061 pontificium
901 3024 1067 3069 judiciis,
1106 3027 1138 3057 &
1163 3024 1341 3068 responsis

225 3078 473 3119 secernantur.
518 3074 596 3107 Non
632 3082 753 3107 tamen
786 3071 944 3106 concedit
984 3069 1245 3104 laudatissimus
1279 3069 1338 3103 hic

225 3112 413 3166 Pontificiae
442 3117 704 3153 infallibilitatis
732 3120 932 3158 Defensor„
971 3117 1166 3151 Honoriu-tn
1205 3117 1241 3149 in
1265 3117 1339 3161 pri-

222 3168 341 3212 vatis,
376 3171 417 3192 ac
443 3162 671 3199 familiaribus
696 3165 790 3198 hisce
825 3163 981 3209 epistoliS
1006 3176 1024 3196 a
1052 3172 1147 3196 recta
1174 3161 1251 3196 fidei
1277 3161 1338 3195 do-

223 3214 339 3257 ctrina
363 3207 544 3239 recessisse
564 3230 575 3248 ³
599 3212 761 3253 quamvis
787 3208 983 3255 improvido
995 3211 1120 3254 pacis,
1147 3213 1178 3241 ἃ
1196 3220 1338 3243 concor-

225 3249 293 3283 diae
313 3251 564 3286 ‘conservandae
591 3257 705 3290 studio
732 3256 973 3301 imprudenter
998 3257 1168 3289 erraverit
1189 3278 1198 3286 .

235 3338 238 3341 ἱ
265 3301 314 3337 (α)
336 3297 440 3332 Hanc
462 3301 673 3333 sententiam
690 3312 910 3347 propugnant
936 3302 1188 3348 quamplurimi
1212 3301 1339 3336 Eccle-

721 92 802 136 DE
836 89 1083 135 INCARN.
1117 88 1284 130 SEC'I'.
1317 91 1376 131 ΙΙ.
1428 89 1570 132 DISS.
1603 91 1682 133 111.
1729 91 1857 135 CAP.
1889 89 1991 135 VII.

1404 165 1493 203 licet
1520 169 1648 203 carnis
1676 179 1949 217 repugnantem
1980 169 2053 221 legi
2083 167 2246 217 mentis,
2289 165 2325 203 8(
2353 177 2440 220 quae
2471 180 2516 208 ex

1406 226 1561 269 peccato
1588 219 1748 267 originis
1777 222 1818 256 in
1853 221 1959 257 nobis
1988 232 2064 268 est3
2107 235 2180 260 non
2208 229 2334 259 autem
2362 222 2514 260 Christo

1406 285 1491 307 eam
1522 271 1750 307 naturalem
1781 271 2009 309 voluntatem
2038 274 2204 322 ademit,
2243 289 2359 326 quani
2392 274 2517 313 Adam

1407 323 1545 361 habuit
1573 333 1656 360 ante
1687 324 2070 374 praevaricationem,
2108 326 2140 362 &
2170 329 2248 366 sine
2278 341 2354 379 qna
2382 337 2517 366 natura

1405 375 1576 414 humana
1605 378 1772 427 perlecta
1801 389 1876 413 non
1906 385 1983 413 est.

1464 444 1552 481 7¹0·
1583 430 1665 466 Hoc
1695 429 1806 466 modo
1852 440 2016 467 mentem
2046 427 2239 470 Pontificis
2279 435 2451 487 exposuit
2480 447 2519 471 ea

1407 484 1499 521 tiam
1530 483 1571 520 S.
1601 482 1798 520 Maximus
1828 482 1866 519 in
1896 481 2058 532 Dialogo
2087 496 2176 520 cum
2204 484 2351 536 Pyrrho
2371 517 2382 535 ,
2413 487 2447 523 &
2476 488 2519 525 in

1407 538 1519 588 epist.
1549 536 1598 578 ad
1610 535 1811 573 Marinum
1829 564 1841 583 ,
1871 535 2012 572 addens
2033 536 2147 572 etiam
2167 539 2423 577 testimonium
2442 540 2520 578 Ab-

1406 590 1505 628 batis
1523 590 1679 627 Joannis
1707 589 1782 627 viri
1811 588 2062 635 sanctissimi,
2090 587 2159 639 qui
2179 591 2352 627 eamdem
2382 595 2518 644 episto.

1408 642 1485 680 lam
1517 643 1679 680 Honorii
1710 643 1790 693 ipse
1816 643 2044 691 scripserat,
2073 639 2192 692 &qui
2220 644 2520 694 protestabatur,

1409 695 1533 733 solum
1563 696 1678 733 fuisse
1707 710 1729 732 a
1756 695 1841 731 Jesu
1871 694 2020 731 Christo
2049 693 2242 732 exclusam
2279 696 2520 737 voluntatem

1408 752 1572 785 carnis:
1603 762 1693 801 quae
1721 747 1909 786 volun-tati
1925 748 2080 784 rationis
2100 749 2350 797 contradicit,
2380 748 2518 800 &quae

1409 813 1454 837 ex
1477 802 1570 838 Adae
1591 810 1749 853 peccato
1762 802 1909 838 oritur.
1931 830 1958 848 „
1984 798 2122 837 Unam
2138 828 2149 848 ,
2170 802 2366 853 inquiebat
2385 802 2520 842 Joanns

1405 882 1432 900 „
1461 853 1623 891 Honorii
1652 856 1921 902 amanuensis,
1951 854 2193 891 voluntatem
2222 853 2389 892 Domini
2418 855 2522 893 dixi·-

1405 934 1433 953 „
1463 919 1579 953 mus,
1610 920 1680 944 non
1708 908 1918 945 divinitatis
1946 906 2055 957 ejus,
2087 907 2120 942 &
2149 906 2395 946 humanitatis
2413 937 2424 957 ,
2453 903 2523 946 sed

1406 987 1432 1006 „
1463 960 1583 996 solius
1611 958 1875 997 humanitatis
1896 987 1906 997 .
1932 961 2034 998 Cum
2066 963 2170 998 enim
2199 963 2406 1014 scripsisset
2435 961 2524 1000 Ser-

1408 1040 1434 1059 „
1454 1012 1564 1063 gius,
1592 1023 1672 1048 esse
1701 1013 1769 1063 qui
1797 1013 1965 1050 dicerent
1995 1015 2033 1051 in
2060 1014 2213 1051 Christo
2242 1015 2334 1053 duas
2362 1025 2523 1053 contra*

1409 1093 1435 1112 ,‚
1466 1069 1549 1102 rias
1592 1064 1827 1111 voluntates,
1869 1068 1996 1102 carnis
2027 1070 2042 1117 (
2072 1068 2230 1118 inquam
2261 1068 2304 1116 ),
2349 1067 2382 1103 ἃ
2411 1069 2525 1121 spiri-

1408 1147 1435 1166 „
1465 1127 1549 1163 tus;
1591 1117 1655 1155 sed
1687 1131 1804 1154 unam
1832 1125 1977 1154 tantum
1995 1146 2006 1163 ‚
2047 1133 2136 1168 quae
2166 1120 2414 1169 naturaliter,
2453 1121 2525 1159 hu·

1408 1200 1434 1218 „
1463 1171 1653 1208 inanitatis
1678 1169 1765 1219 ⁴ejus
1801 1180 1889 1208 nota
1929 1170 2134 1207 essentialis
2160 1181 2242 1209 est.
2263 1177 2289 1194 “
2319 1174 2414 1211 Haec
2444 1174 2522 1212 suf*

1406 1223 1570 1271 ficiunt,
1621 1233 1661 1261 ut
1691 1223 1881 1261 Honorius
1922 1222 1971 1260 ab
2018 1222 2157 1259 haeresi
2186 1223 2524 1265 Monothelitarum

1405 1278 1618 1315 vindicetur
1636 1307 1646 1325 ,
1677 1285 1864 1329 quantum
1894 1277 2024 1314 attinet
2053 1276 2100 1313 ad
2132 1289 2248 1313 unam
2265 1276 2493 1318 volunta-tem
2511 1309 2523 1329 ‚

1405 1345 1524 1382 quam
1555 1332 1628 1382 ipsi
1649 1330 1915 1382 praedicabant
1944 1343 2054 1366 sensu
2074 1330 2230 1366 omniuo
2249 1329 2427 1378 diverso,
2454 1335 2527 1370 sci-

1407 1384 1494 1422 licet
1522 1383 1757 1422 excludendo
1805 1381 2022 1421 naturalem
2066 1382 2312 1421 humanitatis
2355 1383 2528 1423 volunta-

1405 1447 1483 1475 tem
1505 1467 1516 1486 ,
1547 1436 1582 1473 δε
1610 1436 1735 1475 solum
1765 1438 1935 1475 divinam
1965 1436 2223 1487 agnoscendo.

1460 1503 1552 1542 7¹¹·
1581 1489 1711 1529 Multo
1738 1490 1893 1529 facilius
1911 1519 1921 1538 ,
1960 1498 2001 1526 ut
2030 1497 2145 1541 puto,
2182 1497 2365 1541 purgatur
2394 1490 2524 1529 Hono-

1405 1545 1485 1582 rius
1514 1544 1564 1582 ab
1594 1543 1714 1582 altero
1742 1541 2048 1582 Mouotheliticae
2076 1552 2188 1581 sectae
2218 1557 2371 1592 errore,
2410 1545 2525 1584 unius

1403 1612 1543 1649 nempe
1571 1598 1610 1635 in
1625 1596 1776 1635 Christo
1803 1597 2059 1648 operationis.
2089 1596 2218 1634 Primo
2245 1598 2349 1634 enim
2380 1597 2526 1635 nullibi.

1404 1652 1442 1688 in
1472 1652 1549 1689 suis
1579 1649 1710 1689 litteris
1739 1651 1862 1698 dixit,
1894 1663 2012 1687 unam
2041 1663 2118 1688 esse
2138 1649 2396 1688 tantummodo
2410 1649 2524 1688 Chri-

1403 1705 1449 1742 sti
1478 1705 1763 1756 operationem3
1805 1703 1868 1740 sed
1899 1717 2017 1740 unum
2048 1702 2166 1740 voluit
2196 1703 2402 1754 praedicari
2431 1715 2525 1752 ope-

1405 1766 1586 1794 ratorem
1604 1783 1614 1793 .
1649 1756 1777 1807 Quia,
1807 1759 1931 1805 inquit
1960 1759 2000 1791 in
2030 1759 2141 1805 epist.
2172 1754 2203 1791 I.
2234 1755 2290 1792 ad
2318 1755 2526 1806 Segeriwn

1404 1824 1445 1848 n.
1476 1810 1515 1848 6.
1534 1840 1544 1857 ,
1575 1809 1774 1847 Dominus
1803 1808 1915 1846 Jesus
1934 1807 2108 1845 Christus
2125 1837 2135 1855 ,
2166 1806 2287 1845 Filius
2304 1838 2314 1856 ,
2340 1821 2395 1845 -ac
2426 1805 2524 1844 Ver-

1404 1863 1496 1900 bum
1525 1862 1629 1911 Dei,
1658 1876 1728 1913 per
1755 1860 2019 1913 quemfacta
2048 1869 2139 1899 sunt
2165 1865 2334 1908 onznia,
2366 1865 2446 1913 ipse
2475 1865 2524 1899 sit

1403 1929 1520 1964 unus,
1550 1916 1584 1952 &
1604 1916 1707 1954 idem
1727 1929 1886 1968 operans
1914 1914 2048 1953 die-ina
2066 1944 2076 1963 ‚
2105 1914 2154 1955 ἔθ’
2175 1914 2358 1953 humana
2377 1915 2491 1966 plene
2509 1945 2522 1963 ‚

1402 1981 1536 2005 sacrae
1578 1969 1721 2006 litterae
1762 1969 1981 2006 luculenter
2023 1967 2330 2007 demonstrant.
2381 1966 2526 2006 Utrum

1402 2029 1541 2058 autem
1569 2031 1725 2071 propter
1754 2035 1876 2072 opera
1906 2021 2119 2060 divinitatis
2139 2052 2152 2071 ,
2181 2023 2230 2063 Θ
2260 2022 2524 2060 humanitatis

1403 2086 1486 2110 una
1503 2103 1513 2121 ,
1553 2086 1611 2110 an
1639 2077 1815 2124 geminae
1843 2078 2096 2122 operationes
2137 2075 2306 2113 debeant
2335 2075 2525 2114 derivatae

1404 2125 1507 2173 dici,
1537 2126 1593 2163 rel
1621 2126 1812 2177 intelligi,
1843 2125 1897 2162 ad
1926 2139 1998 2163 nos
2027 2130 2105 2164 ista
2133 2133 2330 2176 pertinere
2359 2142 2438 2165 non
2454 2127 2520 2166 de-

1405 2175 1494 2213 bent
1516 2205 1527 2222 ,
1556 2178 1823 2227 relinquentes
1853 2192 1904 2214 ea
1934 2178 2232 2216 Grammaticis
2254 2209 2264 2227 ,
2304 2183 2375 2230 qui
2401 2181 2528 2218 solent

1405 2228 1578 2280 parvulis
1605 2232 1806 2278 exquisita
1836 2228 2050 2266 derivando
2080 2235 2245 2268 nomina
2272 2232 2505 2271 vendicare.

1461 2294 1553 2332 712.
1581 2280 1730 2318 Deinde
1759 2282 1850 2319 duas
1870 2280 2036 2328 Christi,
2067 2281 2101 2316 &
2120 2282 2312 2322 distinctas
2338 2287 2527 2335 operatio-

1403 2347 1469 2373 nes
1515 2343 1624 2372 antea
1664 2333 1880 2372 luculenter
1928 2343 2188 2386 expresserat,
2223 2335 2355 2375 dicens
2383 2352 2424 2375 n.
2455 2349 2523 2376 2.:

1406 2387 1649 2440 Confitentes
1678 2386 1900 2425 Dominum
1929 2387 2041 2425 Jsum
2088 2386 2285 2426 Christum
2327 2389 2524 2429 mediato-

1403 2454 1491 2479 rem
1520 2440 1630 2490 Dei,
1660 2440 1709 2481 <J
1739 2440 1969 2490 hominum,
2008 2450 2208 2494 operatum
2236 2443 2367 2482 divina
2396 2444 2524 2483 media

1404 2494 1643 2532 humanitate
1659 2524 1669 2542 ,
1702 2492 1830 2532 Verbo
1849 2493 1938 2532 Deo
1965 2494 2214 2547 hypostatice
2241 2500 2354 2534 unita
2370 2527 2383 2546 ,
2413 2510 2525 2535 eum-

1406 2547 1575 2599 demque
1603 2557 1814 2600 operatum
1855 2547 2058 2586 humana
2082 2547 2365 2598 ineffabiliter,
2408 2560 2526 2602 atque

1405 2602 1662 2654 singulariter
1690 2610 1900 2652 assumpta
1927 2614 2082 2651 carne,
2111 2602 2280 2642 discrete
2301 2633 2313 2651 ‚
2340 2602 2526 2655 inconfu-

1405 2668 1448 2692 se
1466 2685 1476 2703 ‚
1505 2663 1624 2705 atque
1652 2654 1995 2693 inconvertibiliter
2007 2656 2129 2704 plena
2148 2655 2353 2695 divinitate
2370 2683 2380 2696 .
2410 2656 2464 2694 Et
2479 2659 2522 2692 in

1401 2708 1535 2747 altera
1562 2707 1728 2759 epistola
1757 2707 1886 2746 adhuc
1901 2709 2049 2747 clarius
2063 2723 2078 2748 .·
2112 2708 2318 2762 Quantum
2335 2739 2346 2760 ,
2375 2712 2520 2760 inquit,

2411 2759 2469 2799 ad

1404 2885 1464 2919 siae
1490 2884 1680 2918 Gallicanae
1720 2882 1918 2929 Theologi,
1958 2893 1997 2917 nt
2022 2882 2105 2917 Nat.
2131 2880 2328 2916 Alexander
2353 2881 2448 2915 Diss.
2475 2880 2523 2915 11-

1405 2933 1441 2964 in
1467 2933 1551 2964 Saec·
1579 2930 1656 2963 Vll·
1673 2951 1684 2969 ,
1710 2931 1828 2975 Steph.
1856 2931 2018 2963 Baluzius
2043 2930 2081 2961 in
2105 2929 2178 2962 vita
2205 2929 2296 2963 Petri
2323 2927 2363 2961 de
2392 2929 2515 2961 Marca

1404 2990 1439 3010 n.
1466 2988 1522 3020 71.
1548 2976 1643 3015 (ubi
1671 2986 1790 3009 narrat
1807 2999 1817 3016 ,
1853 2974 2014 3009 eumdem
2039 2975 2179 3007 Petrum
2216 2983 2358 3019 propter
2397 2973 2523 3007 adver-

1405 3034 1480 3057 sam
1496 3021 1733 3054 valet11din÷>1n
1755 3035 1820 3055 non
1842 3022 1993 3065 potuisse
2013 3021 2195 3065 epistolam
2209 3021 2361 3054 scribere
2375 3043 2387 3061 ,
2413 3030 2523 3064 qnam·

1405 3068 1640 3114 promiserat,
1679 3066 1721 3099 ad
1748 3068 1942 3100 Honorinm
1969 3079 1987 3099 a
2013 3067 2088 3100 labe
2114 3066 2282 3100 haereseos
2309 3065 2520 3100 Monotheli-

1407 3116 1484 3148 ticae
1511 3112 1731 3158 purgandum
1756 3117 1797 3153 ),
1839 3113 1873 3144 Ρ.
1898 3114 1953 3145 Jo.
1981 3114 2172 3147 Gai-nerins
2199 3114 2293 3146 Diss.
2320 3115 2363 3146 ll.
2390 3112 2432 3146 ad
2456 3111 2519 3143 Li-

1406 3163 1495 3194 brum
1525 3161 1682 3192 diurnum
1709 3161 1808 3192 Rom.
1839 3159 2041 3191 Pontificum
2061 3180 2072 3199 ,
2111 3162 2143 3191 ἀ
2169 3161 2204 3192 in
2229 3158 2386 3205 Append.
2412 3156 2453 3191 ad
2476 3167 2518 3187 e-

1404 3206 1545 3252 jusdem
1573 3214 1669 3238 notas
1690 3226 1700 3244 ,
1728 3203 1814 3237 Lud.
1843 3205 2094 3238 Thomassinus
2124 3206 2157 3238 in
2187 3207 2286 3239 Praef.
2313 3205 2355 3238 ad
2375 3202 2514 3238 Isib·X·

1406 3256 1450 3287 de
1493 3252 1624 3286 Incarn.
1651 3255 1682 3283 &
1718 3251 1752 3283 in
1788 3252 1880 3284 Diss.
1906 3252 1989 3284 XX.
2028 3253 2061 3284 in
2087 3251 2268 3296 Synodnm
2291 3253 2351 3286 Vl.
2385 3258 2514 3284 ‹ecum-

1407 3299 1553 3338 Carolus
1581 3297 1771 3339 Witasi1152
1799 3298 1996 3333 Honoratus
2024 3299 2205 3345 Tournely
2229 3302 2295 3333 ἃς.
