2583 3685
231 119 313 163 186

162 209 290 237 versus
319 195 388 241 sit,
419 193 452 228 8e
483 192 601 228 sactus
630 189 749 239 magis
777 188 919 225 distans
947 202 968 225 a
999 187 1072 225 fine
1101 189 1264 235 ultimo;

162 252 209 288 ad
240 262 352 300 quem
382 247 495 281 etiam
523 243 566 279 in
594 250 689 278 statu
732 249 878 277 naturae
908 254 1016 292 purae
1047 251 1145 280 certe
1174 243 1265 280 fuis-

161 311 212 341 set
240 301 458 342 ordinatus,
487 293 620 331 saltem
649 295 690 331 in
718 293 850 330 ordine
878 291 1071 332 naturali.

221 352 306 402 ¹73·
336 351 375 387 Id
412 349 545 400 repetit
573 346 779 398 Angelicus
813 360 846 384 1.
878 360 915 384 2.
944 360 1010 397 qu.
1032 346 1097 385 85.
1127 356 1196 385 art.
1231 362 1265 386 1.

156 405 227 443 nbi
257 412 337 455 post
365 401 520 440 allatam
563 399 783 451 parabolam
814 398 980 436 hominis
1014 399 1266 438 descendentis

158 459 208 497 ab
236 455 446 495 Jerusalem
475 454 546 493 &c.
590 454 672 491 liaec
716 452 852 489 habet:
887 481 912 500 ,‚
934 451 1081 490 Bonum
1121 464 1268 491 naturae

158 542 184 561 ,‚
214 510 390 548 liumanae
423 516 538 558 potest
560 507 760 559 tripliciter
780 505 855 543 dici
878 530 888 542 .
918 503 1047 542 Primo
1066 507 1147 557 ipsa
1164 507 1268 558 prin-

158 594 186 615 „
214 565 318 615 cipia
347 571 490 599 naturae
508 591 518 610 ,
563 574 607 597 ex
636 560 776 612 quibus
806 559 886 610 ipsa
915 565 1048 595 natura
1076 561 1267 598 constitni—

219 627 308 663 tur,
340 614 372 650 8<
402 616 646 667 proprietates
676 626 719 649 ex
751 611 808 649 his
837 619 1028 658 causatae,
1074 611 1172 648 sicut
1203 625 1266 664 po-

215 671 344 707 tentiae
367 670 507 706 animae
526 697 535 716 ,
566 667 599 704 ἃ
616 666 692 704 alia
707 663 927 715 hujusmodi
943 687 954 700 .
984 663 1161 702 Secundo
1175 667 1268 716 quia

158 754 187 774 ,‚
217 722 330 760 homo
359 736 381 759 a
407 729 543 759 natura
589 719 702 758 habet
743 716 1030 756 inclinationem
1073 717 1120 754 ad
1150 719 1267 756 virtu-

156 801 186 827 „
215 785 312 814 tem:
342 777 425 827 ipsa
453 782 578 813 autem
594 772 792 812 inclinatio
811 771 859 808 ad
880 770 1058 808 virtutem
1080 778 1130 808 est
1149 771 1267 822 quod-

159 862 186 881 „
213 830 303 867 dam
332 829 478 866 bonum
508 837 655 865 naturae
673 853 682 864 .
731 825 863 863 Tertio
890 823 1002 861 modo
1049 833 1164 876 potest
1192 825 1270 863 dici

157 914 169 925 ,
215 882 360 920 bonnm
389 891 535 919 naturae
565 882 705 919 donum
735 875 931 929 originalis
959 876 1138 928 justitiae,
1168 878 1270 930 quod.

158 967 185 986 ,‚
216 937 287 974 fuit
315 937 355 974 iu
385 937 511 985 primo
538 934 692 972 homine
711 931 895 971 collatum
915 932 980 968 toti
1011 929 1188 968 humanae
1203 945 1271 969 na-

158 1017 186 1039 „
215 998 337 1026 turae.
381 988 554 1026 Primum
584 989 699 1039 igitur
728 985 872 1023 bonum
903 993 1045 1021 naturae
1076 998 1143 1022 nec
1170 983 1270 1022 tolli-

214 1052 299 1089 tur,
330 1056 400 1079 nec
429 1043 656 1079 diminuitur
684 1052 751 1091 per
781 1047 1003 1090 peccatum:
1034 1038 1187 1075 tertium
1209 1051 1272 1076 ve-

157 1127 183 1145 „
214 1109 255 1132 ro
282 1096 427 1134 bonum
456 1103 604 1133 naturae
624 1093 784 1132 totaliter
813 1100 865 1129 est
893 1090 1066 1129 ablatum
1095 1104 1163 1141 per
1183 1103 1270 1142 pec-

156 1175 183 1198 „
213 1158 338 1187 catum
369 1151 485 1201 primi
515 1149 707 1199 parentis;
736 1145 800 1185 sed
828 1145 1001 1183 medium
1030 1143 1174 1182 bonum
1203 1157 1270 1180 na-

155 1230 185 1252 „
215 1211 310 1240 turae
328 1233 338 1251 ,
368 1203 512 1241 scilicet
526 1203 609 1254 ipsa
635 1199 818 1239 naturalis
847 1197 1047 1237 inclinatio
1075 1197 1123 1235 ad
1152 1198 1270 1236 virtu-

157 1285 184 1305 ,.
214 1264 312 1303 tem,
342 1257 572 1293 diminuitur
600 1268 666 1306 per
694 1255 937 1305 peccatum“
958 1251 1024 1302 (a)
1043 1276 1053 1288 .

217 1310 304 1359 174.
343 1308 514 1347 Articulo
559 1318 685 1345 autem
716 1307 753 1345 5.
801 1305 967 1344 declarat
1008 1302 1269 1349 enucleatius,

155 1373 318 1414 quatuor
346 1376 423 1399 esse
451 1361 611 1399 vulnera
629 1390 639 1407 ,
669 1373 758 1411 quae
789 1357 898 1396 nobis
927 1365 1125 1408 peccatum
1155 1356 1270 1406 origi-

156 1415 244 1454 nale
273 1415 432 1462 inflixit,
462 1413 496 1449 8<
518 1423 602 1451 sunt
631 1412 864 1464 ignorantia,
895 1410 1099 1451 infirmitas
1117 1437 1127 1456 ,
1158 1409 1271 1447 mali-

155 1471 234 1516 tia,
264 1468 298 1505 8:
327 1469 658 1519 concupiscentia.
693 1495 720 1514 „
739 1465 833 1503 Sunt
863 1474 989 1502 autem
1019 1472 1182 1514 quatuor
1211 1465 1270 1499 in-

156 1557 184 1575 „
212 1530 320 1578 quit,
350 1525 528 1577 potentiae
557 1522 724 1568 animae,
753 1532 842 1571 quae
863 1526 1016 1568 possunt
1045 1530 1121 1554 esse
1141 1513 1270 1566 subje-

155 1599 184 1629 ·„
213 1590 273 1619 cta
301 1579 512 1623 virtutum3
541 1575 686 1614 scilicet
715 1577 830 1619 ratio,
861 1574 990 1622 inqua
1019 1578 1072 1606 est
1101 1569 1270 1620 pruden-

215 1635 292 1680 tia3
340 1631 541 1677 voluntas,
571 1630 610 1665 in
639 1641 715 1679 qua
743 1635 796 1663 est
825 1625 996 1675 justitia3
1038 1621 1270 1669 irascibilis,

218 1688 256 1724 in
285 1699 362 1738 qua
390 1693 444 1721 est
480 1681 686 1725 fortitud03
733 1674 1047 1728 concupiscibilis
1065 1704 1075 1721 ,
1125 1675 1164 1712 in
1193 1688 1271 1724 qua

215 1748 268 1777 est
292 1736 574 1788 temperantia.
618 1734 660 1769 In
688 1738 876 1783 quantum
907 1741 993 1779 ergo
1036 1728 1132 1764 ratio
1160 1727 1273 1764 desti-

213 1794 332 1829 tuitur
359 1803 427 1828 suo
440 1788 572 1826 ordine
600 1785 647 1823 ad
677 1797 810 1824 verum
829 1812 839 1830 ,
870 1791 921 1819 est
942 1780 1079 1819 vulnus
1101 1781 1274 1831 ignoran-

215 1846 302 1890 tiae3
332 1845 373 1881 in
401 1849 586 1894 quantum
614 1850 704 1876 vero
734 1836 908 1876 voluntas
937 1835 1151 1872 destituitur
1170 1835 1272 1872 ordi-

217 1912 262 1936 ne
290 1897 337 1935 ad
353 1896 497 1934 bonum
515 1923 525 1940 ,
555 1901 609 1930 est
637 1890 777 1929 vulnus
807 1889 990 1928 malitiae:
1020 1889 1058 1926 in
1087 1897 1273 1940 quantum

217 1963 306 1989 vero
335 1947 538 1986 irascibilis
557 1945 772 1982 destituitur
792 1956 859 1981 suo
877 1942 1009 1980 ordine
1024 1941 1071 1979 ad
1086 1942 1249 1979 arduum
1262 1972 1273 1991 ,

217 2012 270 2042 est
298 2001 438 2040 vulnus
467 1997 719 2038 infirmitatis:
749 1998 788 2034 in
818 2004 1005 2047 quantum
1035 2007 1124 2033 vero
1139 2008 1276 2033 concu-

215 2056 402 2109 piscentia
430 2052 642 2091 destituitur
670 2050 801 2087 ordine
829 2049 878 2086 ad
892 2048 1116 2086 delectabile
1144 2049 1275 2086 mode-

218 2119 342 2149 ratum
374 2109 544 2155 ratione,
583 2113 636 2143 est
664 2102 805 2144 vulnus
832 2103 1178 2156 concupiscentiae3
1215 2103 1275 2141 sic

159 649 189 668 9²

159 701 187 721 ³>

156 1073 184 1093 ,⁸5

158 1663 184 1682 υ

160 1716 187 1735 >a

157 1768 185 1787 :²

155 1818 185 1841 3>

157 1875 186 1899 9?

159 1924 187 1948 22

158 1979 185 2001 ’5

158 2025 186 2054 ὅ,

157 2080 186 2107 ⁴5)

161 2140 187 2159 32

163 2284 168 2298 ε
211 2275 260 2308 (a)
289 2267 524 2302 Bellarminns
551 2263 593 2300 ad
619 2274 691 2300 tam
717 2266 812 2299 clara
839 2265 873 2297 S·
900 2262 1046 2297 'Tliomae
1074 2263 1276 2298 testimonia

161 2316 317 2351 breviter
342 2313 550 2359 respondet,
587 2313 795 2356 Angelicnm
822 2312 1009 2344 Doctorem
1035 2311 1094 2344 hic
1129 2323 1197 2344 non
1221 2309 1276 2343 di-

162 2371 303 2407 sputare
328 2363 371 2394 de
395 2368 537 2402 peccato
563 2363 713 2403 originis
738 2362 773 2390 in
801 2361 916 2401 specie
937 2378 948 2397 ,
978 2360 1041 2391 secl
1065 2359 1108 2390 cle
1132 2365 1274 2400 peccato

159 2412 198 2452 3'12
224 2412 432 2442 universum.
468 2407 718 2439 Verumtamen
738 2416 805 2437 non
831 2402 969 2436 excludi
996 2404 1038 2437 ab
1057 2403 1122 2436 liae
1147 2401 1277 2435 doctri-

161 2467 206 2488 na
232 2463 406 2498 peccatum
440 2456 593 2496 originis
619 2455 653 2484 in
681 2454 796 2495 specie
821 2451 877 2482 vel
902 2462 942 2482 ex
971 2450 1013 2482 iis
1039 2450 1120 2483 solis
1158 2449 1275 2482 verbis

159 2500 294 2545 liquet:
340 2503 476 2533 tertiani
502 2500 615 2532 bonnm
640 2507 763 2531 natnrae
786 2499 942 2531 totaliter
968 2505 1021 2529 est
1046 2498 1192 2529 ablutum
1215 2508 1275 2539 per·

160 2555 334 2591 peccatum
358 2549 459 2589 primi
484 2548 638 2588 parentis
653 2566 661 2574 .
687 2544 774 2577 Vult:
796 2555 879 2586 ergo
898 2544 1084 2586 Angelicus
1105 2551 1178 2575 tam
1196 2554 1276 2587 pec-

161 2601 241 2626 cato
265 2592 457 2635 originali,
496 2602 602 2634 quam
630 2590 706 2622 aliis
734 2590 930 2622 actualibus
959 2591 1046 2622 illud
1074 2590 1191 2621 bonnm
1216 2602 1276 2622 na-

161 2648 240 2673 turae
264 2641 434 2677 diminui,
458 2638 546 2682 qnod
570 2645 624 2669 est
650 2638 835 2669 inclinatio
861 2637 906 2668 ad
933 2639 1088 2669 virtutem
1103 2658 1111 2667 .
1147 2636 1275 2668 Praete-

159 2697 220 2719 rea
246 2686 304 2718 ubi
331 2685 487 2728 loquitur
512 2680 552 2716 de
580 2682 652 2716 solo
676 2692 820 2726 peccato
836 2682 1004 2726 originis,
1029 2680 1187 2716 eamdem
1212 2681 1274 2715 do-

163 2732 312 2764 ctrinam
333 2729 469 2770 tradit,
494 2742 553 2774 qu.
572 2730 630 2762 82.
656 2736 723 2761 art.
744 2740 775 2761 1.
793 2728 836 2761 ad
858 2741 907 2769 1.,
934 2730 969 2760 in
985 2730 1027 2762 11.
1054 2729 1153 2763 Sent.
1179 2728 1272 2761 Dist.

164 2778 220 2809 30.
246 2790 304 2822 qu.
335 2789 363 2809 1-
389 2785 455 2810 art.
483 2778 516 2810 3.
541 2773 585 2808 ad
611 2776 643 2808 3.
670 2773 752 2807 Vid.
778 2786 883 2818 supra
908 2787 943 2806 n.
973 2785 1053 2818 172.

212 2825 255 2861 (b)
278 2821 480 2856 Notandum
504 2830 556 2855 est
581 2833 663 2854 cum
689 2828 808 2854 nostro
827 2820 986 2852 Lemosio
1012 2821 1047 2852 in
1072 2817 1138 2852 hoc
1153 2819 1274 2851 Tract.

166 2868 210 2900 de
234 2870 368 2903 lesione
393 2871 453 2902 lib.
479 2870 549 2902 arb.
577 2879 652 2912 cap.
682 2868 736 2899 16.
773 2866 947 2911 duplicem
983 2865 1151 2908 distingui
1177 2866 1276 2908 igno-

165 2914 342 2954 rantiam3
367 2916 472 2948 aliam
496 2927 584 2959 ραι-κ
609 2917 833 2958 negationis,
856 2924 933 2956 quae
960 2913 994 2944 in
1020 2920 1113 2944 statu
1139 2920 1275 2944 natura!

167 2969 263 3002 purae
289 2960 401 2993 locum
424 2961 603 2995 habuisset
623 2983 644 3002 ,Ι
666 2961 701 2992 in
726 2972 795 3004 quo
818 2959 922 2992 homo
958 2966 1160 2992 nasceretur
1197 2965 1275 2989 tan-

168 3015 276 3047 quam
302 3005 420 3039 tabula
442 3019 544 3048 rasa,
586 3010 616 3039 &
643 3008 678 3039 in
704 3007 860 3051 potentia
885 3004 929 3038 ad
952 3005 1070 3038 omnia
1104 3003 1274 3046 intelligi-

168 3051 253 3085 bilia
274 3070 284 3086 ‚
310 3058 346 3081 ut
373 3052 405 3082 S.
425 3053 576 3087 Thomas
603 3054 758 3097 loquitur
784 3064 864 3086 cum
877 3051 1049 3094 Magistro
1077 3051 1274 3083 Sententia-

169 3107 250 3130 rum
276 3096 311 3127 in
337 3096 378 3127 11.
403 3095 483 3129 dist.
511 3110 542 3129 2.
569 3112 627 3143 qu.
656 3110 687 3130 2.
714 3107 781 3132 art.
808 3110 864 3138 2.;
903 3099 1007 3130 aliam
1035 3105 1151 3130 autem
1176 3097 1276 3140 igno-

170 3142 322 3175 rantiarn
347 3153 450 3183 prati-e
475 3145 740 3185 dispositionis,
763 3157 839 3189 quae
865 3152 916 3177 est
943 3145 1125 3177 inclinatio
1151 3145 1277 3186 positi-

171 3201 211 3222 να
235 3189 432 3221 intellectus
457 3190 502 3219 ad
516 3189 649 3230 salsum
669 3213 678 3221 .
716 3192 763 3224 Et
787 3191 877 3223 hanc
902 3188 1090 3223 secundam
1115 3190 1278 3233 ignoran-

169 3235 257 3267 tiam
277 3234 310 3266 S.
328 3233 456 3266 Doctor
483 3235 632 3276 appellat
656 3236 782 3268 vulnus
809 3236 982 3269 inflictum
1010 3247 1071 3280 per
1094 3243 1279 3280 peccatum

171 3279 340 3323 originale
361 3301 368 3309 .
407 3278 575 3311 Eamdem
602 3281 634 3311 S.
666 3282 880 3324 Augustinus
917 3281 1085 3322 dicebat,
1119 3293 1189 3326 qua
1214 3292 1280 3314 non

171 3328 277 3362 solum
302 3325 464 3366 indocti,
491 3325 554 3360 sed
577 3325 748 3360 indociles
774 3331 943 3362 nascimur
961 3347 971 3359 .

795 108 1197 153 DISSERTATIO
1231 108 1307 153 111.
1354 106 1523 150 SECT.
1555 109 1636 153 111.
1667 109 1795 153 CAP.
1828 110 1905 154 Vt.

1333 215 1359 235 „
1388 196 1502 237 igitur
1532 187 1599 224 ista
1628 198 1788 239 quatuor
1815 201 1898 229 sunt
1921 192 2079 232 vulnera
2109 192 2253 232 inflicta
2284 196 2347 234 toti
2368 194 2440 234 hu=

1332 268 1365 301 „¹
1388 251 1514 275 manae
1544 249 1688 299 natu—rae
1718 255 1763 278 ex
1792 254 1946 293 peccato
1973 249 2089 299 primi
2120 249 2283 298 parentis
2305 252 2329 270 ‘⁶
2352 248 2408 300 (b)
2427 273 2441 287 ·

1334 294 1391 352 ht·
1413 306 1582 351 nequis,
1611 293 1688 331 sibi
1730 293 1868 345 fingat,
1909 296 1994 337 lioec
2024 299 2182 338 vulnera
2225 303 2369 340 nonnisi
2398 304 2441 340 iu

1334 355 1543 397 privatione
1573 347 1726 396 justitiae
1757 349 1952 399 originalis
1972 354 2199 403 consistere,
2228 354 2308 406 jam
2337 356 2442 392 dixe-

1333 408 1389 437 rat
1419 400 1592 450 superius
1620 413 1687 451 qu.
1717 398 1782 437 82.
1812 411 1882 439 art.
1918 416 1950 440 1.
1980 405 2025 442 ad
2061 418 2116 443 1.:
2146 436 2173 454 „
2194 407 2301 446 Sicut
2330 410 2442 457 aegri-

1338 481 1364 500 „
1394 453 1483 490 tudo
1511 452 1719 503 corporalis
1749 451 1862 491 habet
1889 454 2037 507 aliquid
2065 459 2111 495 de
2133 450 2378 510 privatione:
2402 462 2443 499 in

1334 534 1362 553 Φ,
1393 514 1578 557 quantum
1607 504 1751 543 tollitur
1781 507 1978 558 aequalitas
2007 512 2171 549 sanitatis
2189 541 2199 559 ,
2238 512 2272 548 8<
2300 513 2448 565 aliquid

1337 587 1364 606 ,‚
1397 558 1506 596 habet
1537 561 1724 610 positive,
1753 558 1896 609 scilicet
1925 561 2027 612 ipsos
2057 562 2231 602 humores
2251 566 2445 604 inordina·

1336 639 1362 659 „
1393 621 1426 649 te
1456 612 1679 663 dispositos5
1718 613 1770 649 ita
1799 614 1912 651 etiam
1944 623 2141 666 peccatum
2170 617 2352 667 originale
2382 619 2450 656 ha·

1336 693 1361 712 „
1391 665 1455 702 bet
1484 667 1736 717 privationem
1766 665 1962 717 originalis
1991 667 2146 719 justitiae
2165 698 2175 717 ,
2205 669 2239 705 8<
2260 683 2348 707 cum
2375 670 2447 709 hoc

1338 747 1365 766 ,‚
1395 719 1648 756 inordinatam
1676 719 1960 770 dispositionem
1990 722 2158 772 partium
2187 723 2351 759 animae:
2380 737 2451 762 un-

1338 800 1365 819 „
1395 771 1441 808 de
1470 784 1542 808 non
1574 781 1624 809 est
1652 773 1816 823 privatio
1857 786 1980 825 pura,
2023 774 2086 812 sed
2118 782 2168 812 est
2195 775 2354 827 quidam
2382 774 2451 812 lia-

1338 853 1365 872 „
1395 824 1496 861 bitus
1512 834 1709 877 corruptus
1731 829 1756 846 ‘⁴
1776 852 1786 863 .
1818 827 1913 865 Haec
1941 827 2105 865 clariora
2125 837 2232 877 sunt,
2261 841 2380 880 quam
2410 835 2452 867 ut

1337 879 1477 928 possint
1508 878 1624 915 solitis
1654 879 1956 918 adversariorum
1986 881 2137 933 effugiis
2166 880 2270 919 eludi
2300 882 2382 932 (c),

1398 931 1485 981 175.
1516 930 1574 968 Ex
1602 930 1661 968 his
1690 941 1814 971 autem
1844 933 1884 972 S.
1916 934 2077 972 Tliomae
2121 934 2299 973 doctrinis
2337 934 2453 972 etiam

1340 983 1474 1021 efficax
1503 985 1598 1020 ratio
1624 984 1715 1022 elici
1743 995 1888 1037 potest.
1936 989 1978 1026 ln
2008 998 2105 1026 statu
2136 997 2280 1026 natnrae
2311 1000 2419 1041 purae
2439 1016 2454 1036 ,

1339 1039 1408 1088 qui
1439 1035 1628 1087 possibilis
1656 1037 1822 1088 dicitur,
1851 1041 1967 1079 homo
1995 1043 2157 1080 minime
2185 1050 2276 1079 esset
2305 1054 2458 1080 aversus

1339 1105 1361 1128 a
1383 1090 1464 1127 Deo
1493 1088 1626 1148 saltem
1654 1096 1837 1140 posint-e,
1868 1095 1930 1132 sed
1949 1095 1996 1132 ad
2024 1109 2244 1144 summum,
2274 1103 2313 1132 ut
2334 1094 2453 1132 Scho-

1339 1143 1460 1181 lastici
1489 1143 1615 1179 dicere
1643 1142 1785 1191 solent,
1827 1160 1951 1197 neque
1979 1149 2026 1185 ad
2056 1149 2183 1187 Deum
2221 1161 2424 1187 conversus
2442 1176 2455 1195 ‚

1338 1210 1463 1247 tneque
1492 1208 1643 1233 aversus
1675 1197 1690 1246 (
1720 1211 1943 1249 quanquam
1973 1213 2081 1249 reor,
2125 1203 2251 1253 ipsum
2280 1202 2456 1239 futurum

1339 1263 1568 1288 conversum
1598 1248 1644 1287 ad
1662 1249 1789 1287 Deum
1817 1261 1857 1288 ut
1885 1261 2079 1289 auctorem
2108 1263 2254 1300 naturae
2284 1254 2372 1306 (‹‘l)3
2401 1263 2460 1290 at-

1337 1305 1405 1354 qui
1438 1316 1503 1354 per
1534 1301 1626 1340 Adae
1657 1312 1858 1355 peccatum
1886 1304 2002 1342 homo
2036 1309 2195 1355 positive
2223 1314 2277 1343 est
2304 1319 2456 1345 aversus

1337 1371 1362 1393 a
1390 1356 1498 1404 Deo,
1542 1367 1619 1392 non
1649 1356 1775 1394 solum
1803 1367 1844 1395 ut
1873 1358 1948 1396 fine
1976 1356 2285 1412 supernaturali,
2328 1359 2390 1396 sed
2419 1374 2458 1396 e-

1336 1410 1430 1448 tiam
1460 1419 1500 1447 ut
1529 1418 1682 1447 auctore
1724 1419 1871 1449 naturae
1893 1442 1904 1459 ,
1946 1413 2040 1464 quia
2068 1412 2192 1450 Adam
2233 1425 2301 1449 sua
2343 1409 2459 1463 culpa

1337 1477 1414 1501 non
1444 1463 1567 1501 solum
1604 1461 1727 1514 legem
1764 1465 2117 1516 supernaturalem,
2164 1464 2227 1502 sed
2256 1466 2372 1502 etiam
2402 1463 2455 1501 le·

1333 1529 1423 1568 gem
1451 1514 1667 1553 naturalem
1697 1516 1883 1566 violavit,
1921 1518 2120 1569 praecipue
2150 1518 2296 1555 interno
2324 1530 2459 1569 pecca-

1339 1578 1377 1605 to
1397 1568 1588 1619 superbiae
1609 1597 1621 1616 ,
1650 1569 1752 1620 quod
1781 1579 1976 1608 externam
2005 1570 2265 1610 obedientiam
2293 1583 2457 1623 praeces-

1338 1622 1385 1658 sit
1414 1623 1429 1671 (
1460 1621 1539 1660 vid.
1560 1621 1601 1660 S.
1622 1619 1764 1660 Thom.
1797 1637 1833 1661 2.
1852 1637 1888 1662 2.
1919 1638 1985 1676 qu.
2008 1623 2094 1662 163.
2124 1633 2194 1662 art.
2230 1636 2286 1671 1.,
2315 1623 2349 1659 &
2368 1637 2456 1676 sup.

1338 1674 1436 1712 Sect.
1467 1676 1516 1712 II.
1547 1689 1653 1713 num.
1685 1675 1722 1721 4.
1755 1676 1794 1723 );
1843 1678 1941 1714 vires
1972 1677 2084 1727 igitur
2114 1677 2152 1713 iu
2189 1684 2323 1714 natura
2350 1676 2457 1728 lapsa

1341 1729 1506 1766 minores
1534 1737 1650 1775 sunt,
1694 1742 1810 1780 quam
1843 1731 1881 1766 in
1911 1737 2007 1766 statu
2039 1737 2184 1766 naturae
2223 1741 2333 1781 purae
2364 1729 2457 1767 fnis-

1336 1790 1443 1824 ⁷seut5
1472 1782 1640 1832 adeoque
1670 1781 1741 1819 ὅτε.
1772 1782 1961 1820 Audiatur
1990 1781 2030 1819 S.
2061 1781 2231 1820 Thomas
2266 1795 2299 1819 1.
2323 1795 2360 1821 2.
2388 1796 2456 1834 qu.

1341 1833 1407 1872 85.
1439 1842 1510 1871 art.
1542 1847 1579 1871 2.
1601 1863 1627 1882 „
1649 1834 1794 1872 Bonum
1824 1844 1970 1873 naturae
1991 1865 2001 1882 ,
2030 1835 2130 1886 quod
2162 1848 2228 1886 per
2258 1843 2458 1887 peccatum

1342 1918 1368 1936 „
1398 1887 1626 1925 diminuitur
1646 1917 1657 1935 ,
1689 1896 1740 1927 est
1761 1888 1944 1927 naturalis
1973 1887 2167 1926 inclinatio
2187 1889 2234 1928 ad
2255 1889 2457 1937 virtutem,

1344 1971 1371 1990 „
1400 1955 1488 1992 quae
1519 1941 1676 1993 quidem
1697 1943 1876 1980 convenit
1897 1941 2045 1979 homini
2067 1954 2111 1978 ex
2133 1941 2202 1980 hoc
2218 1942 2300 1994 ipso
2316 1972 2326 1991 ,
2355 1943 2459 1994 quod

1345 2024 1370 2044 „
1400 1995 1595 2032 rationalis
1623 2003 1701 2040 est3
1733 2008 1778 2032 ex
1808 1994 1878 2032 hoc
1907 1996 2011 2033 enim
2027 1993 2167 2042 habet,
2196 1996 2297 2047 quod
2326 2009 2456 2034 secun·

1344 2077 1370 2097 „
1399 2048 1492 2086 dum
1522 2049 1705 2085 rationem
1733 2057 1938 2100 operetur,
1976 2047 2078 2100 quod
2108 2056 2159 2084 est
2188 2062 2298 2100 agere
2326 2063 2457 2087 secun-

1340 2131 1371 2150 „
1400 2101 1494 2140 dum
1523 2102 1704 2142 virtutem
1724 2103 1749 2123 “
1771 2127 1782 2140 .
1812 2101 1894 2140 Hoc
1915 2114 2002 2153 ergo
2030 2101 2201 2149 bonum,
2230 2102 2333 2154 quod
2363 2102 2457 2139 fuis-

2350 2163 2406 2193 set

1393 2267 1441 2303 (c)
1465 2261 1569 2298 Card.
1596 2262 1785 2308 Cajetanus
1812 2265 1848 2297 in
1875 2264 2071 2297 Comment.
2098 2259 2140 2295 ad
2166 2261 2259 2295 hunc
2285 2262 2401 2294 locum
2427 2261 2456 2294 i-

1342 2318 1378 2344 ta
1404 2311 1526 2344 scribit
1547 2324 1555 2342 :
1587 2333 1613 2352 ‚,
1632 2311 1817 2344 Peccatum
1853 2311 2024 2354 originale
2063 2318 2115 2342 est
2139 2312 2284 2352 languor
2307 2316 2456 2349 naturae,

1344 2377 1370 2397 „
1393 2357 1501 2389 etiam
1519 2358 1672 2392 absolute
1688 2379 1699 2397 ‚
1724 2358 1890 2401 quoniam
1910 2356 2069 2389 consistit
2095 2355 2131 2387 in
2149 2354 2322 2387 contraria
2341 2352 2458 2399 dispo-

1345 2424 1371 2444 „
1397 2402 1520 2436 sitione
1545 2416 1613 2437 non
1639 2405 1750 2437 solum
1767 2403 1915 2447 justitiae
1939 2401 2129 2447 originali,
2154 2400 2210 2433 sed
2231 2404 2377 2434 sanitati
2396 2413 2457 2433 na-

1344 2471 1370 2490 „
1396 2452 1498 2482 tizrali
1525 2453 1634 2493 ipsius
1659 2451 1808 2483 hominis
1828 2472 1839 2490 ‚
1863 2452 2052 2493 inquantum
2076 2449 2259 2480 rationalis
2344 2446 2459 2480 Natu-

1342 2516 1369 2536 „
1394 2498 1483 2528 ralia
1507 2500 1596 2529 enim
1621 2505 1738 2529 nostra
1764 2499 1832 2530 etsi
1857 2507 1922 2528 non
1948 2498 2020 2528 sinc
2042 2494 2158 2528 ablata
2182 2506 2202 2528 α
2228 2494 2325 2527 nobis
2343 2514 2354 2534 ‚
2381 2499 2458 2526 sunt

1343 2562 1370 2582 ,2
1395 2549 1503 2574 tamen
1529 2543 1705 2586 infirmata
1723 2546 1748 2566 ‘⁶
1764 2565 1772 2575 ·
2151 2541 2154 2544 ’

1388 2590 1440 2627 (d)
1469 2589 1503 2620 S·
1526 2589 1679 2622 Thomas
1704 2587 1822 2633 quodl.
1853 2599 1882 2619 1.
1908 2595 1974 2619 art·
1999 2587 2032 2619 8-
2053 2606 2079 2625 2,
2096 2585 2188 2628 Quia
2213 2585 2376 2628 possibile
2390 2583 2458 2616 fuit

1343 2656 1370 2676 2,
1395 2636 1491 2675 Deo,
1517 2635 1631 2679 inquit
1652 2657 1664 2674 ‚
1687 2645 1726 2667 ut
1753 2633 1930 2666 hominem
1955 2632 2084 2663 faceret
2110 2631 2144 2661 in
2168 2634 2264 2673 puris
2296 2630 2460 2662 naturali·

1342 2702 1370 2721 2,
1394 2682 1452 2714 bus
1468 2701 1479 2719 ,
1506 2679 1796 2713 considerandum
1815 2686 1889 2717 est,
1915 2675 1958 2709 ad
1983 2683 2154 2719 quantum
2179 2674 2320 2708 dilectio
2336 2681 2348 2712 (
2364 2674 2455 2712 Dei)

1343 2748 1370 2767 ‚‚
1394 2726 1565 2758 naturalis
1589 2737 1624 2758 se
1649 2723 1835 2757 extendere
1861 2723 1967 2765 possit
1987 2725 2031 2752 “.
2070 2722 2236 2754 Ret'utata
2266 2729 2385 2765 postea
2412 2720 2456 2752 il-

1341 2773 1457 2804 lorum
1481 2771 1642 2814 opinione
1659 2792 1669 2810 ,
1694 2771 1754 2814 qui
1781 2768 1943 2801 dicebant
1971 2767 2147 2800 hominem
2165 2767 2200 2798 in
2225 2767 2323 2811 puris
2349 2774 2453 2799 natu-

1341 2817 1476 2850 ralibus
1513 2817 1722 2848 existentem
1757 2814 1900 2858 diligere
1927 2814 2039 2846 Deum
2076 2814 2262 2856 plusquam
2301 2812 2453 2856 seipsum

1341 2862 1495 2895 naturali
1532 2859 1717 2895 dilectione
1753 2862 1933 2894 secundum.
1966 2871 2107 2892 autorem
2143 2862 2453 2903 concupiscentiae,

1341 2920 1411 2941 non
1437 2916 1553 2941 autem
1588 2910 1769 2941 secundnm
1801 2919 1945 2940 amorem
1980 2909 2162 2946 amicitiai,
2200 2904 2325 2944 docet,
2362 2901 2455 2948 quod

1342 2966 1423 2988 cum
1449 2955 1541 2987 Deus
1567 2955 1611 2987 sit
1635 2954 1765 2987 bonum
1791 2964 1972 2986 commune
2000 2952 2105 2983 totius
2133 2952 2313 2990 universi,
2338 2952 2452 2994 quaeli-

1342 3003 1398 3034 bet
1423 3009 1580 3034 creatura
1606 3013 1663 3032 sno
1688 3002 1784 3033 morlo
1803 3001 2006 3032 naturaliter
2027 2999 2105 3040 plns
2130 3006 2220 3031 <iniat
2234 2996 2341 3030 Deum
2358 3009 2454 3041 quam

1342 3051 1509 3091 seipsam:
1534 3047 1753 3080 insensibilia
1779 3047 1912 3089 quidem
1936 3046 2165 3084 naturaliter,
2192 3046 2288 3077 bruta
2315 3056 2390 3076 vero
2415 3055 2455 3076 α-

1341 3096 1484 3128 ηἱηιαῖία
1511 3096 1701 3132 εεηεὶεἰυε,
1737 3100 1892 3125 creatura
1919 3105 1993 3125 vero
2023 3093 2206 3123 rationalis
2231 3103 2290 3133 per
2315 3091 2455 3123 intelle-

1344 3143 1488 3175 ctualem
1506 3152 1648 3173 amorem
1667 3160 1678 3178 ,
1703 3142 1758 3182 qni
1783 3140 1928 3171 dilectio
1954 3139 2106 3170 dicitnr.
2137 3135 2228 3170 ldern
2254 3135 2351 3170 docet
2371 3137 2396 3168 Ι.
2416 3134 2452 3166 P·

1344 3199 1404 3231 qu.
1431 3187 1487 3219 60.
1513 3193 1579 3218 art.
1602 3184 1634 3217 5·
1661 3185 1773 3217 Homo
1797 3195 1877 3227 ergo
1903 3186 1936 3216 in
1962 3192 2055 3217 statu
2081 3192 2216 3216 natnrae
2244 3194 2337 3227 purae
2366 3180 2452 3216 fuis-

1346 3241 1398 3268 set
1424 3242 1608 3268 conversus
1633 3229 1676 3264 ad
1702 3231 1839 3271 Deum,
1865 3238 1903 3264 ut
1929 3238 2108 3265 auctorem
2132 3239 2266 3265 naturae
2282 3251 2291 3261 .
