2583 3685
761 142 958 187 MARIA
994 142 1182 186 VIRGO

74 240 185 266 aures
212 226 288 279 piae
317 237 388 262 nec
417 221 549 260 audire
572 222 786 270 sustinent,
816 237 898 259 eam
931 231 1056 259 tamen
1088 221 1183 259 niliil

71 279 223 319 officere
251 279 428 321 doctrinae
459 277 630 329 mysterii
663 277 930 314 incarnationis
947 276 1182 323 Dominicae‚

71 342 198 385 utpote
226 331 327 385 quod
355 330 433 380 jam
465 330 675 382 perfectum
693 359 703 377 ‚
747 330 780 365 ἀ
810 337 1114 367 consummatum
1145 343 1181 364 e-

69 394 156 433 rat,
184 394 388 435 antequam
403 382 532 422 Maria
562 392 681 434 posset
711 382 842 421 liberis
872 381 1114 434 procreandis
1142 394 1182 418 o-

68 452 203 492 peram
231 437 321 474 dare
338 463 349 474 .

123 491 283 537 Quaeres
311 489 510 538 secundo,
549 502 596 526 an
626 489 667 526 Β.
698 488 824 526 Maria
855 497 973 526 mater
1002 487 1075 526 Dei
1107 487 1181 525 vir-

65 543 233 596 ginitatis
263 552 346 582 voto
373 543 550 580 obstricta
583 541 725 580 fuerit?

120 597 213 636 553.
244 596 354 647 Resp.
383 595 425 634 S.
455 595 622 632 Thomas
659 593 886 632 affirmative
917 594 954 632 5.
984 592 1025 630 I’.
1055 606 1092 645 q.
1117 592 1181 631 28.

63 658 136 688 art.
157 650 224 696 4.;
254 649 370 702 idque
393 647 528 700 probat
558 650 776 685 auctoritate
792 648 830 685 S.
856 647 1081 698 Augustini,
1112 647 1179 697 qui

60 704 101 740 in
130 703 219 741 Lib.
249 701 296 740 de
324 700 480 739 Sancta
504 700 743 754 Virginitate
772 715 806 739 c.
827 699 864 745 4.
897 711 941 736 ex
972 699 1017 736 iis
1039 698 1178 736 Marias

63 755 193 794 Verbo
221 755 462 794 annuntianti
491 756 776 806 conceptionem
795 783 805 801 ‚
853 752 887 788 ἃ
924 761 1073 803 partum
1106 752 1178 790 filii

61 808 159 847 Dei:
209 807 413 859 Quomodo
428 807 511 862 fiet
539 807 670 856 istud,
717 809 906 858 quoniam
942 808 1066 842 virum
1097 818 1176 842 non

58 874 283 914 cognosce,
313 861 410 900 bene
440 861 612 913 colligit,
650 863 701 898 ita
729 871 803 898 non
835 859 948 896 fuisse
979 872 1175 910 responsu-

57 928 140 953 ram
158 945 169 964 ‚
198 918 275 952 nisi
304 913 390 953 Deo
421 912 627 967 Virginem
656 926 699 950 se
726 921 823 949 ante
852 915 1036 949 “ovissec.
1075 914 1174 949 (ium

54 969 160 1006 enim
191 968 359 1020 Angelus
400 967 549 1006 locutus
578 968 706 1004 fuisset
735 966 781 1001 de
824 973 995 1016 tempore
1025 965 1176 1003 futuro:

57 1020 169 1060 Ecce
198 1025 393 1072 concipies
422 1024 463 1057 in
491 1027 627 1064 utero,
665 1018 714 1057 (ἲ)
742 1021 876 1067 paries
893 1016 1034 1070 fillum
1052 1048 1062 1065 ‚
1095 1020 1175 1056 ine-

56 1082 123 1126 pta
151 1083 230 1112 erat
260 1073 433 1124 Virginis
461 1072 673 1123 responsio:
704 1075 825 1108 virum
849 1084 929 1108 non
959 1084 1172 1123 cognocco,

51 1128 126 1167 nisi
157 1136 241 1165 voto
269 1140 347 1164 sese
375 1125 632 1164 obstrinxisset
661 1125 707 1163 ad
737 1125 866 1163 virum
895 1137 1089 1178 nunquam
1112 1138 1172 1162 co-

53 1179 310 1233 gnoscendum
343 1177 434 1228 (a).

106 1232 198 1278 554.
228 1231 268 1270 S.
300 1232 556 1282 Augustinum
585 1239 827 1281 praecesserat
848 1230 1056 1282 Gregorius
1073 1230 1172 1283 Nys-

49 1299 161 1323 senus
191 1286 229 1322 in
250 1283 396 1323 Homil.
428 1314 454 1333 ‚‚
483 1285 530 1322 de
557 1283 619 1322 die
648 1284 762 1323 natali
786 1285 945 1322 Domini
967 1287 1170 1334 inquiens:

51 1367 79 1388 „
108 1338 151 1376 Si
179 1338 227 1376 ad
257 1337 430 1390 nuptiale
448 1350 544 1390 opus
572 1348 763 1389 assumpta
782 1339 909 1375 suisset
939 1337 1167 1390 aJoseplio,

52 1420 80 1441 „
109 1404 179 1429 cur
207 1391 255 1429 ad
274 1390 412 1442 Augeli
441 1404 574 1430 vocem
596 1391 769 1429 futurum
801 1399 954 1443 partum
985 1404 1166 1443 praenun-

48 1473 77 1493 „
105 1446 266 1492 ciantis,
313 1443 416 1483 velut
445 1444 494 1482 ad
523 1457 603 1482 rem
634 1457 771 1484 novam
813 1445 970 1482 attonita
1001 1445 1133 1483 fuisset
1155 1475 1165 1493 ,

47 1526 75 1547 „
103 1511 193 1536 cum
238 1496 308 1535 hoc
338 1505 552 1549 expectaret
600 1498 708 1549 ipsa,
757 1506 797 1537 ut
826 1510 870 1535 ex
909 1507 1054 1535 naturae
1086 1497 1167 1549 lege

47 1579 76 1600 „
104 1559 225 1589 mater
261 1550 381 1590 esset?
438 1550 513 1589 Sed
554 1551 646 1603 quia
685 1559 942 1590 consecratam
973 1551 1056 1589 Deo
1084 1565 1167 1589 car-

47 1633 74 1653 „
103 1617 190 1642 nem
209 1629 266 1643 ....
297 1603 490 1643 illibatam
519 1605 663 1642 servari
684 1605 909 1657 oportebat,
940 1604 1085 1643 idcirco
1114 1606 1167 1643 sic

44 1685 74 1706 „
101 1658 186 1696 ait:
228 1656 477 1710 Quamquam
508 1657 676 1708 Angelus
705 1660 756 1696 sis
774 1688 785 1707 ,
813 1659 991 1711 quamvis
1023 1672 1042 1695 e
1071 1657 1167 1696 caelo

47 1738 75 1757 „
106 1710 265 1757 venias,
295 1709 329 1746 δι
358 1710 459 1763 quod
488 1719 672 1762 apparet,
712 1725 826 1763 supra
856 1720 970 1763 caput
1001 1710 1166 1750 hominis

43 1790 71 1810 ‚,
99 1764 171 1810 sit,
201 1771 326 1800 tamen
358 1762 595 1815 impossibile
617 1772 695 1812 est,
726 1764 920 1803 hominem
940 1779 1000 1802 me
1030 1778 1165 1816 cogno-

42 1843 71 1864 „
99 1829 230 1854 scere.
260 1815 462 1864 Quomodo
481 1824 603 1854 mater
619 1829 682 1854 ero
703 1818 783 1856 sine
813 1818 885 1856 viri
902 1817 1114 1857 consortio?
1136 1822 1161 1840 ‘⁴

98 1869 189 1908 555.
219 1868 265 1907 Et
299 1877 337 1907 ut
365 1867 460 1907 alios
489 1870 689 1907 nonnullos
707 1869 832 1908 Patres
861 1872 1033 1909 omittam
1051 1902 1060 1919 ,
1092 1873 1161 1924 qui

41 1919 173 1960 eodem
210 1936 318 1959 sensu
355 1922 471 1961 verba
502 1921 641 1961 Mariae
677 1923 849 1976 Virginis
891 1925 938 1963 ad
969 1925 1160 1976 Angelum

39 1975 330 2024 intellexerunt,
360 1977 448 2013 satis
477 1976 522 2013 sit
551 1975 592 2014 S.
626 1977 889 2025 Bernardum,
933 1979 1000 2030 qui
1030 1979 1158 2016 Sanct.

37 2027 194 2067 Patrum
224 2027 384 2067 eliorum
413 2027 579 2076 claudit,
609 2030 743 2068 audire
773 2031 812 2068 in
842 2031 968 2069 Serm.
991 2031 1058 2068 1V.
1088 2029 1160 2066 Su-

36 2095 106 2134 per
136 2084 281 2120 missus
308 2091 367 2119 est
396 2082 447 2120 ita
475 2083 521 2120 de
543 2082 670 2121 Maria
699 2083 937 2134 loquentem:
968 2111 994 2129 ,‚
1024 2081 1158 2134 Neque

37 2164 65 2184 „
95 2136 199 2173 enim
227 2135 372 2186 quaeris
392 2164 403 2181 ,
432 2149 480 2171 an
511 2135 574 2171 fiet
589 2135 714 2181 istud,
744 2135 807 2172 sed
822 2135 1030 2186 quomodo:
1059 2148 1154 2183 qua-

50 2217 62 2235 ,
91 2190 120 2225 si
150 2187 277 2224 dicas:
307 2199 396 2224 culn
426 2187 519 2222 sciat
550 2186 740 2222 Dominus
770 2197 877 2220 meus
895 2212 906 2231 ,
935 2184 1036 2221 testis
1065 2197 1152 2222 con·

51 2269 62 2288 ,
90 2239 260 2276 scientiae
290 2249 386 2274 meae
410 2265 421 2283 ,
469 2244 599 2275 votum
629 2249 705 2273 esse
733 2235 887 2274 ancillae
917 2249 994 2274 snae
1018 2266 1029 2284 ‚
1078 2251 1154 2276 non

560 2302 606 2326 ua
635 2288 718 2340 lege
735 2319 745 2337 ‚
775 2301 852 2341 quo
871 2289 1004 2328 ordine
1025 2289 1152 2341 place-

36 2373 64 2394 „
93 2343 148 2381 bit
176 2343 240 2391 ei,
270 2351 308 2380 ut
337 2341 405 2379 fiat
434 2340 532 2379 illud
591 2341 632 2380 Si
661 2354 684 2378 o
712 2343 866 2380 ortuerit
887 2356 947 2380 me
977 2343 1154 2396 frangere

34 2425 63 2446 „
92 2398 249 2444 votum,
278 2402 321 2432 nt
350 2395 499 2446 pariam
528 2394 644 2433 talem
705 2394 829 2444 lium,
866 2395 901 2432 ἃ
929 2396 1076 2449 gaudeo
1102 2399 1148 2438 de

32 2479 63 2501 ,‚
90 2448 200 2498 filio,
230 2447 265 2485 ἃ
293 2447 407 2486 doleo<
430 2448 476 2488 de
506 2449 720 2501 proposito·
743 2451 770 2472 ‘⁶

88 2501 181 2542 556.
208 2501 286 2541 Sed
312 2510 466 2554 praestat
493 2502 626 2540 audire
655 2501 768 2540 etiam
798 2510 963 2540 nostrum
995 2502 1148 2556 Angeli-

32 2569 124 2596 cum
154 2554 384 2607 Magistrum
413 2555 465 2593 ita
493 2553 578 2593 loco
597 2568 713 2607 supra
740 2557 804 2593 cit.
835 2567 1147 2610 prosequentem:

35 2639 64 2660 ,‚
91 2609 336 2658 Dicendum,
383 2608 485 2661 quod·
512 2610 608 2647 sicut
637 2609 678 2647 iu
705 2610 867 2648 secunda
895 2619 1001 2662 parte
1039 2611 1148 2651 habi-

33 2269 63 2341 Ξ,
92 2302 314 2342 cognoscere
342 2289 471 2326 virum
490 2318 500 2336 ,

79 2720 128 2756 (α)
154 2715 207 2749 Ab
232 2715 335 2751 obvia
360 2713 454 2756 hae,
493 2717 525 2748 ἃ
551 2716 701 2748 naturali
728 2716 916 2750 verborum
943 2718 1066 2750 Maria·
1103 2719 1157 2752 in·

33 2762 284 2807 terpretatione
302 2759 478 2794 discedere
504 2763 615 2795 voluit
634 2762 802 2796 Calvinus
827 2763 862 2795 in
878 2763 994 2796 Ilurm.
1023 2763 1086 2797 Eu.
1113 2765 1155 2799 ad

31 2806 128 2842 hunc
153 2808 297 2848 locum,
321 2811 353 2841 δι
378 2807 570 2849 distortos,
609 2808 845 2853 obscur-osque
870 2822 991 2842 sensus
1018 2823 1154 2855 qurere-

31 2864 96 2893 re,
137 2855 252 2898 potius
277 2866 382 2898 quam
407 2864 529 2888 votum
554 2855 778 2898 Virginitatis
795 2877 806 2896 ,
849 2856 950 2901 cujus
988 2857 1152 2892 inimicus

31 2907 109 2933 etat
123 2920 139 2940 ,‚
224 2911 386 2934 noscere:
430 2900 531 2945 cujus
556 2902 713 2944 magistri
749 2903 896 2946 vestigia
923 2904 1032 2936 secuti
1072 2914 1152 2938 sunt

35 2943 170 2979 Theod.
224 2956 284 2978 eza
302 2968 312 2987 ‚
355 2947 483 2992 aliique
509 2958 668 2981 votorum
696 2949 970 2982 Monasticornm
1006 2962 1122 2985 osores
1141 2974 1151 2982 .

32 2991 167 3026 Ceteris
210 2999 332 3024 autem
369 2993 616 3036 petulantiores
642 2995 903 3028 centuriatores
941 2995 1153 3040 Magdebur-

31 3047 156 3082 genses
181 3037 234 3074 ita
255 3037 410 3075 scribere
434 3050 507 3074 non
528 3049 610 3075 sum
636 3041 742 3075 veriti
766 3042 936 3076 centuria
963 3043 988 3075 Ι.
1016 3042 1095 3076 Lib.
1123 3045 1148 3076 Ι.

1215 142 1365 186 POST
1401 143 1655 188 PARTUM
1673 175 1684 187 .

2232 149 2320 200 273

1312 232 1390 260 tum
1413 232 1463 259 est
1485 237 1519 261 c.
1538 237 1574 262 a.
1599 238 1634 261 2.
1664 231 1802 276 quaest.
1818 223 1885 261 88.
1916 232 1987 262 art.
2012 223 2051 262 6.
2080 223 2096 271 )
2128 224 2373 276 perfectionis

1307 289 1422 327 opera
1455 278 1572 327 tnagis
1615 288 1696 315 suut
1727 277 1964 324 laudabilia,
2011 279 2041 314 si
2072 290 2116 315 ex
2157 287 2241 315 voto
2268 277 2370 315 cele-

1253 358 1278 376 „
1310 328 1489 366 brentur:
1528 331 1722 379 virginitas
1752 342 1875 367 autem
1908 333 1946 369 in
1977 342 2096 368 matre
2126 331 2198 368 Dei
2230 331 2369 383 praeci·

1252 411 1278 429 ‚‚
1311 396 1384 432 pue
1413 383 1546 420 debuit
1577 383 1745 438 pollere,
1796 384 1880 420 ideo
1921 386 2147 422 conveniens
2178 385 2247 421 fuit
2270 415 2280 432 ,
2330 393 2372 423 ut

1308 436 1504 484 virginitas
1552 450 1632 486 ejus
1661 450 1713 473 ea:
1746 446 1828 471 roto
1874 447 1964 473 esset
1998 439 2077 475 Deo
2125 446 2367 475 consecrata.

1308 486 1454 525 Verum
1485 489 1575 539 quia
1606 497 1774 540 tempure
1793 490 1883 541 legis
1913 490 2106 542 oportebat
2135 491 2369 540 generationi

1307 541 1477 578 insistere
1506 550 1582 578 tam
1615 542 1814 588 nuntiem,
1862 557 1978 595 quini
2011 545 2111 580 viros
2133 572 2143 590 ,
2192 559 2225 594 *l'
2249 545 2277 578 ἐι
2313 559 2368 580 se-

1250 623 1274 641 „
1304 593 1476 632 cundum
1507 595 1632 632 carnis
1661 597 1846 646 originem
1877 597 2000 633 cultus
2031 596 2101 633 Dei
2133 606 2368 647 propr-gana-

1250 676 1275 694 „
1306 655 1392 693 tur‚
1423 657 1625 699 antequam
1657 662 1701 685 ex
1733 647 1798 685 illo
1830 648 1970 700 populo
1998 648 2169 687 Christus
2198 663 2368 687 nascere·

1249 729 1274 747 „
1305 709 1390 744 tur;
1422 711 1540 739 mater
1564 700 1633 738 Dei
1664 715 1737 739 nun
1753 702 1942 749 creditur,
1972 712 2179 753 antequam
2207 703 2366 754 despon-

1308 763 1452 791 saretur
1480 754 1616 805 Josepli
1635 785 1645 802 ‚
1693 754 1864 793 absolute
1895 757 2149 806 virginitatem
2190 757 2364 801 vovisse3

1248 836 1273 854 „
1305 806 1368 843 sed
1400 807 1486 845 licet
1515 821 1598 844 eam
1631 809 1670 845 in
1699 808 1886 846 desiderio
1917 809 2118 855 habuerit,
2150 823 2261 861 super
2293 809 2364 846 linc

1246 889 1272 908 ‚,
1303 869 1428 897 tamen
1451 859 1681 899 voluntatem
1710 876 1818 899 suam
1847 862 1969 899 diviso
1986 864 2177 900 commisit
2207 863 2366 900 arbitrio

1244 942 1269 960 „
1301 911 1540 951 Postmodum
1566 927 1653 951 vero
1673 925 1826 966 accepto
1842 928 1976 966 sponso
1993 944 2002 962 ‚
2034 915 2238 953 secuudum
2260 916 2361 966 quod

1245 995 1270 1014 ‚‚
1300 979 1423 1004 mores
1454 966 1557 1005 illius
1587 969 1765 1019 temporis
1793 968 2021 1018 exigebant,
2052 968 2165 1006 simul
2197 982 2286 1006 cum
2317 982 2361 1006 eo

1244 1048 1271 1066 ‚,
1303 1028 1432 1057 votum
1465 1021 1690 1071 virginitatis
1720 1023 1871 1058 emisit.
1894 1024 1920 1042 “

1300 1073 1392 1123 337.
1421 1074 1522 1111 Cum
1553 1087 1642 1112 vero
1672 1073 1744 1111 sibi
1775 1073 1972 1125 objecisset
2002 1074 2122 1125 legem
2153 1074 2360 1114 Deuterou.

1243 1124 1330 1163 Vll.
1354 1125 1412 1171 14.
1444 1126 1584 1165 latam:
1615 1125 1708 1164 Non
1725 1132 1797 1164 erit
1827 1127 1934 1178 apud
1949 1137 1987 1165 te
2002 1129 2145 1165 sterilis
2161 1131 2360 1178 utriusque

1240 1191 1390 1227 sexus,
1421 1181 1471 1217 ita
1492 1180 1690 1232 respondet
1721 1181 1767 1218 ad
1804 1194 1836 1218 ι.
1867 1211 1892 1228 ,,
1922 1181 2025 1229 Quia
2056 1180 2255 1219 videbatur
2284 1195 2361 1218 esse

1298 1231 1380 1284 lege
1410 1232 1648 1283 prohibitum
1670 1263 1680 1282 ‚
1729 1247 1802 1272 nou
1831 1234 1922 1271 dare
1949 1248 2104 1287 operam
2122 1265 2132 1282 ,
2168 1235 2214 1272 ad
2247 1234 2360 1272 relin-

1296 1287 1493 1339 quendum
1524 1301 1652 1324 semen
1683 1299 1796 1339 super
1824 1296 1963 1325 terram
1982 1318 1992 1335 ,
2040 1288 2124 1325 ideo
2164 1300 2243 1325 uon
2269 1289 2359 1325 sim-

1297 1339 1449 1390 pliciter
1479 1341 1734 1391 virginitatem
1764 1341 1866 1378 vovit
1886 1340 1960 1378 Dei
1989 1341 2180 1392 genitrix,
2209 1342 2270 1378 sel
2288 1341 2366 1379 sub

1295 1392 1513 1430 conditione
1530 1423 1540 1440 ‚
1571 1394 1601 1430 si
1618 1393 1700 1430 Deo
1728 1392 1922 1445 placeret.
1952 1393 2155 1446 Postquam
2174 1403 2301 1431 autem
2322 1396 2359 1434 ei

1297 1446 1484 1493 innotuit,
1514 1445 1585 1483 hoc
1615 1460 1693 1484 esse
1720 1447 1805 1485 Deo
1833 1456 2057 1499 acceptum,
2093 1447 2262 1485 absolute
2293 1462 2358 1486 vo-

1294 1500 1372 1546 vit,
1402 1508 1607 1552 antequam
1637 1501 1685 1538 ab
1717 1499 1863 1553 Angelo
1891 1504 2204 1539 annuntiaretur·
2223 1503 2248 1522 ‘²

1292 1552 1383 1590 558.
1413 1553 1454 1590 ln
1486 1567 1552 1606 qu.
1583 1562 1710 1591 autem
1741 1567 1806 1606 29.
1837 1562 1908 1592 art.
1937 1567 1971 1592 ι.
2012 1555 2059 1593 ad
2095 1568 2126 1592 ι.
2160 1564 2196 1591 ut
2233 1553 2356 1604 931)Ιῇ-

1235 1615 1336 1642 caret
1355 1635 1365 1653 ,
1395 1606 1588 1658 quomodo
1610 1607 1838 1658 virginitatis
1868 1616 1996 1645 votum
2019 1616 2136 1661 posset
2159 1621 2247 1645 cum
2271 1607 2358 1646 [Via-

1236 1660 1306 1696 riae
1336 1659 1625 1711 desponsatione
1655 1661 1879 1698 consistere:
1911 1662 2056 1713 inquit:
2107 1691 2131 1708 ,‚
2163 1661 2206 1698 B.
2237 1659 2365 1711 Virgo·

1236 1741 1261 1760 ‚,
1294 1722 1414 1750 mater
1436 1713 1508 1751 Dei
1540 1726 1583 1750 ex
1614 1713 1800 1752 familiari
1831 1714 2010 1752 instinctu
2039 1714 2205 1766 Spiritus
2233 1715 2355 1752 sancti

1235 1794 1261 1813 „
1292 1766 1482 1804 credenda
1512 1777 1563 1804 est
1591 1767 1812 1819 desponsari
1841 1766 2004 1805 voluisse
2024 1797 2036 1814 ,
2083 1766 2279 1804 confidens
2306 1766 2355 1802 de

1233 1848 1258 1867 2,
1289 1819 1420 1857 divino
1449 1819 1621 1868 auxilio,
1651 1821 1752 1871 quod
1774 1833 1974 1870 nunquam
2002 1819 2051 1854 ad
2079 1817 2272 1854 carnalem
2293 1831 2356 1855 co-

1228 1896 1258 1920 r„
1290 1872 1425 1924 pulam
1455 1874 1699 1924 perveniret.
1736 1872 1818 1907 Hoc
1847 1878 1977 1908 tamen
2005 1869 2136 1907 divino
2163 1871 2356 1908 commisit

1230 1954 1256 1972 „
1286 1926 1471 1963 arbitrio:
1520 1923 1621 1960 unde
1650 1923 1689 1959 iu
1719 1922 1824 1960 nullo
1859 1922 2130 1959 detrimentum
2161 1936 2268 1974 passa
2298 1931 2352 1962 est

1229 2006 1254 2023 ,‚
1286 1977 1484 2027 virginitas
1505 1989 1516 2000 ·
1537 1979 1563 1997 “
1621 1977 1675 2010 lta
1706 1975 1836 2025 paucis
1864 1973 2085 2026 complexus
2114 1985 2165 2012 est
2195 1976 2358 2028 Angeli-

1228 2041 1297 2066 cus
1317 2058 1328 2075 ,
1367 2043 1456 2078 quae
1487 2034 1612 2078 postea
1641 2025 1867 2064 Scliolastici
1897 2025 2081 2065 latissime
2109 2029 2352 2079 disputarunt

1225 2081 1272 2116 de
1292 2090 1461 2130 tempore
1481 2108 1491 2125 ,
1521 2091 1597 2130 quo
1618 2078 1835 2118 beatissima
1850 2078 1924 2118 Dei
1954 2082 2115 2132 genitrix
2143 2095 2250 2119 suam
2274 2084 2351 2120 vir·

1222 2132 1419 2182 ginitatem
1450 2132 1533 2170 Deo
1562 2131 1770 2184 Virginuin
1813 2145 1950 2185 sponso
1988 2136 2252 2183 consecravit,
2300 2136 2347 2173 de

1222 2183 1396 2235 ejusdem
1438 2187 1515 2224 voti
1544 2194 1713 2234 natura,
1760 2199 1808 2224 an
1837 2185 2054 2226 absolutum
2095 2188 2236 2237 fuerit,
2285 2190 2348 2226 vel

1223 2238 1550 2284 conditionatum3
1581 2253 1625 2277 ac
1653 2240 1817 2292 denique
1845 2241 1891 2278 de
1921 2240 2034 2278 modo
2053 2270 2065 2289 ‚
2108 2254 2184 2293 quo
2213 2255 2348 2293 perpe·

1225 2299 1300 2329 tnae
1330 2293 1565 2330 castimoniae
1595 2301 1724 2330 votum
1756 2306 1845 2330 vero
1874 2294 2045 2344 ejusdem
2071 2294 2242 2346 Virginis
2268 2309 2353 2333 ma-

1221 2345 1403 2383 trimonio
1431 2345 1629 2383 conciliari
1659 2355 1802 2398 queat.
1832 2345 1890 2385 De
1909 2347 2051 2398 quibus
2081 2356 2220 2399 praeter
2249 2349 2345 2387 alios

1220 2407 1391 2436 auctores
1421 2398 1565 2448 prolixe
1603 2401 1677 2451 egit
1706 2399 1786 2438 Pat.
1816 2399 1950 2438 Jacob.
1982 2400 2108 2452 Hyac.
2138 2401 2258 2451 Seri-y
2288 2402 2342 2439 E-

1216 2453 1388 2490 xer-citat.
1420 2451 1511 2490 XX.
1543 2453 1575 2488 &
1607 2467 1686 2505 seq.
1716 2452 1764 2490 de
1797 2451 1977 2501 Christo,
2013 2455 2176 2505 ejusque
2208 2452 2344 2506 Virgi-

1215 2517 1268 2542 ne
1297 2515 1456 2543 matre.
1487 2505 1711 2556 Legendum
1737 2515 1863 2544 autem
1893 2506 2052 2544 consulo
2081 2509 2223 2559 saepius
2253 2507 2343 2546 lau-

1216 2559 1346 2596 datum
1375 2558 1511 2597 Joann.
1541 2559 1857 2611 Clirysostomum
1888 2559 2175 2598 'I'rombeltium
2219 2562 2256 2598 in
2288 2561 2344 2600 T.

1216 2611 1247 2650 1⁴.
1277 2610 1340 2649 De
1367 2616 1488 2665 gestis
1518 2611 1669 2650 Maereoe
1697 2611 1979 2651 Sanctissima-
2008 2612 2048 2652 P.
2071 2614 2101 2652 L
2131 2613 2233 2652 Diss.
2256 2613 2330 2654 lx.

1255 252 1280 270 ²>

1253 305 1278 323 θ’

1252 464 1277 482 92

1250 517 1276 535 2)

1249 569 1274 587 ’5

1250 783 1259 799 ,ι

1267 783 1275 801 υ

1242 1261 1268 1280 5>

1240 1314 1266 1332 θ’

1239 1367 1266 1386 2>

1239 1421 1264 1439 >5

1237 1474 1263 1493 θ’

1237 1527 1263 1546 >>

1225 2729 1255 2751 c.
1288 2731 1340 2752 ro.
1368 2741 1392 2760 ,‚
1419 2721 1577 2764 ineptum
1596 2728 1645 2753 est
1663 2742 1674 2760 ,
1700 2718 1792 2764 quod
1809 2720 2025 2763 Augustinus
2040 2741 2051 2760 ‚
2077 2723 2110 2753 &
2126 2720 2185 2753 alii
2212 2719 2276 2754 hoc
2292 2721 2344 2756 lo-

1224 2785 1250 2804 „
1275 2777 1316 2799 co
1339 2766 1512 2799 affirmant
1529 2788 1539 2806 ‚
1568 2767 1719 2799 Mariam
1732 2767 1904 2799 castitatis
1930 2776 2013 2799 voto
2027 2767 2234 2801 obstrictam
2255 2768 2342 2800 fuis-

1222 2832 1249 2851 „
1274 2824 1308 2844 se
1327 2833 1338 2852 ‚
1364 2822 1468 2855 atque
1488 2811 1562 2845 ideo
1580 2812 1733 2845 dixisse:
1761 2810 1880 2846 Virum
1898 2825 1960 2844 non
1979 2824 2148 2856 cognosco
2163 2826 2171 2833 ·
2192 2817 2216 2835 “
2243 2813 2339 2857 (lno-

1223 2858 1350 2898 mode,
1392 2871 1534 2902 quwso,
1580 2860 1693 2903 inepta
1723 2860 1783 2891 illa
1810 2860 2076 2902 interpretatio,
2115 2871 2192 2902 quae
2218 2863 2249 2893 δι
2275 2861 2340 2895 toti

1222 2906 1398 2938 contextui
1426 2906 1582 2948 apprime
1601 2913 1764 2938 consen-it
1786 2926 1796 2944 ,
1823 2908 1852 2937 δε
1870 2915 1941 2938 tam
1966 2917 1984 2937 a
2003 2906 2205 2945 veteribus,
2231 2917 2338 2950 qnam

1222 2961 1241 2982 a
1269 2951 1523 2985 recentioribus
1551 2951 1893 2984 Commentatoribus
1931 2950 2091 2995 adoptata
2129 2953 2225 2984 suit?
2272 2951 2339 2986 Sed

1220 2996 1318 3029 furor
1343 3006 1462 3030 contra
1489 3008 1588 3030 sacra
1613 3006 1693 3031 vota
1717 2996 1778 3031 hos
1793 3018 1805 3037 ‚
1830 2997 1983 3042 aliosque
2000 2997 2196 3032 Novatotes
2220 3001 2257 3033 in
2285 3012 2341 3034 va·

1218 3043 1266 3076 da
1291 3055 1378 3077 αισα,
1404 3045 1507 3077 tulit.

892 3192 1045 3234 FJNJS
1071 3194 1107 3235 T
1105 3195 1222 3236 OMI
1247 3193 1454 3249 QUINTI
1462 3221 1473 3235 .
