2583 3685
228 127 307 173 146
791 110 1190 154 DISSERTA‘I'IO
1224 111 1263 153 II

163 200 340 253 parrulos
371 206 540 247 peccasse
585 192 622 227 in
655 189 823 236 Adam,
870 191 962 241 quia
1005 203 1104 228 mors
1133 193 1172 228 in
1204 203 1262 228 eos

160 267 310 305 qnoque
340 246 574 300 pertransiit.
604 243 677 280 Sed
706 242 904 280 audiamus
935 243 1059 293 ipsum
1080 243 1261 282 Sanctum

160 302 379 356 Apostolum
398 328 408 344 ,
438 297 504 349 qui
534 304 695 333 mentem
727 308 833 332 suam
864 294 986 332 adhuc
1007 298 1171 347 apertius
1200 310 1262 334 ex-

157 359 261 408 ponit
291 366 326 390 v.
363 352 421 396 14.
466 350 662 401 inquiens:
711 347 904 399 Regnavit
934 361 1039 386 mors
1138 354 1262 387 etiam

157 423 196 446 m
227 418 313 453 em,
363 409 533 455 quinon
577 410 837 453 peccaverunt>
880 406 921 438 in
964 402 1261 441 similitudinem

154 461 492 513 premam-icaunam
537 455 664 503 Adoe,
714 464 866 506 peccato
907 454 1050 493 scilicet
1092 456 1260 504 actuali,

154 519 406 566 peccaverunt
435 519 560 548 tamen
592 510 627 546 in
658 508 780 546 Adam
810 516 961 559 peceato
989 509 1194 559 originali.

209 580 273 618 90.
305 565 428 602 Multo
459 564 576 614 magis
604 561 838 612 desipiebant
861 559 1051 611 Pelagiani
1070 591 1079 608 ,
1109 562 1262 613 quando

156 618 214 657 his
243 618 474 669 argumentis
503 617 619 668 pressi
650 628 692 651 eo
721 615 870 652 tandem
899 615 1173 666 confugerunt,
1223 624 1262 652 nt

153 674 357 710 faterentur
386 670 569 723 quidem,
617 676 775 706 mortem
813 665 1047 718 corporalem
1090 668 1262 704 transisse

153 729 192 764 in
222 738 351 763 omnes
381 731 533 775 propter
562 730 757 774 peccatum
781 720 896 766 Adae,
927 719 1115 771 negabunt
1134 728 1260 758 tamen

153 779 342 816 transiisse
372 778 499 829 ipsum
530 784 725 827 peccatum
757 774 818 822 (a)
838 800 847 810 .
878 773 980 820 Quos
997 774 1047 811 ita
1065 773 1258 824 redargue«

152 832 217 870 bat
256 843 414 882 magnus
445 830 675 880 Augustinus
714 827 800 865 Lib.
831 825 897 864 lV.
943 825 987 864 ad
1020 826 1260 864 Bonifacium

153 899 187 924 c.
209 884 247 931 4.
280 915 305 932 ,‚
335 884 375 921 Si
405 892 601 935 propterea
630 882 842 928 morimur,
872 880 963 932 quia
993 879 1059 917 ille
1081 879 1259 930 (Adam)

209 946 380 976 mortuus
409 946 482 983 est,
513 935 578 973 ille
608 943 733 972 antem
764 940 932 972 mortuus
963 941 1034 981 est,
1063 934 1154 984 quia
1174 946 1262 985 pec-

211 992 337 1038 cavit,
385 1002 541 1041 poenam
572 988 704 1025 dicunt
734 987 889 1023 transire
931 987 1008 1024 sine
1037 985 1179 1037 culpa,
1227 986 1260 1022 8<

155 1074 180 1093 2,
211 1046 423 1082 innocentes
467 1040 646 1094 parvulos
689 1039 829 1091 injusto
871 1038 1061 1090 supplicio
1103 1039 1259 1090 puniri,

153 1127 179 1145 „
210 1096 393 1134 trahendo
422 1105 579 1134 mortem
610 1094 691 1133 sine
722 1093 867 1131 meritis
897 1093 1051 1138 mortis3
1085 1093 1187 1144 quod
1218 1092 1263 1129 de

210 1163 285 1188 uno
315 1148 392 1188 solo
421 1149 625 1187 mediatore
652 1147 754 1194 Dei,
802 1145 834 1182 &
865 1144 1064 1184 hominum
1107 1144 1262 1183 homine

153 1235 178 1254 „
207 1203 356 1242 Christo
382 1202 471 1240 Jesu
501 1199 697 1240 Catholica
725 1200 817 1239 fides
846 1199 975 1247 novit,
1004 1199 1072 1250 qui
1103 1211 1170 1250 pro
1198 1211 1261 1234 no-

152 1288 179 1306 „
210 1258 266 1296 bis
298 1265 452 1296 mortem
470 1285 481 1304 ,
511 1254 581 1292 hoc
611 1262 690 1302 est,
721 1254 866 1306 peccati
889 1264 1041 1302 poenam
1070 1250 1151 1288 sine
1173 1264 1259 1301 pec·

152 1341 179 1359 „
208 1320 289 1348 cato
318 1309 445 1347 subire
487 1309 659 1358 dignatus
700 1315 752 1344 est
782 1309 836 1342 “.
883 1305 931 1342 Et
961 1302 1179 1342 Concilium
1210 1303 1261 1340 A·

151 1366 287 1401 rausic.
309 1363 356 1399 ll.
385 1362 477 1398 Can.
501 1374 536 1398 2.
568 1362 618 1398 ita
638 1358 833 1396 definivit:
865 1384 890 1405 „
920 1356 960 1393 Si
982 1357 1067 1408 quis
1090 1381 1129 1393 ...
1160 1367 1259 1393 mor-

151 1444 176 1464 „
207 1425 281 1454 tem
312 1422 457 1451 tantum
487 1413 653 1464 corporis
675 1441 685 1459 ,
732 1424 819 1463 qnae
850 1423 964 1462 poena
1007 1409 1149 1461 peccati
1181 1418 1260 1458 est,

151 1498 176 1517 ,‚
206 1481 280 1506 non
311 1476 437 1505 autem
453 1465 486 1502 8<
517 1474 743 1517 peccatum,
774 1464 875 1515 qnod
895 1475 995 1500 mors
1016 1472 1066 1501 est
1087 1463 1230 1501 animae
1247 1489 1259 1511 ,

151 1552 176 1569 ,‚
206 1534 273 1574 per
304 1533 421 1558 unum
451 1518 647 1557 hominem
675 1519 716 1556 in
746 1530 857 1555 omne
895 1528 1014 1567 genus
1044 1515 1258 1554 humanum

151 1605 178 1622 „
207 1575 397 1613 transiisse
426 1581 606 1620 testatur,
637 1571 866 1624 injustitiam
897 1570 978 1607 Deo
1005 1569 1109 1607 dabit
1138 1572 1192 1605 ⁶⁶-

203 1640 268 1680 91.
299 1627 391 1679 Obj.
421 1635 581 1679 quarto.
624 1625 665 1663 S.
694 1622 834 1661 Paulus
864 1623 910 1660 ad
942 1622 1051 1659 Rom.
1082 1621 1131 1658 V.
1161 1632 1256 1659 vers.

155 1681 216 1719 13.
248 1682 395 1732 inquit:
433 1678 564 1729 Usque
593 1677 648 1714 ad
677 1676 829 1728 Legem
856 1683 1067 1721 peccatum
1098 1683 1185 1711 erat
1217 1676 1258 1710 in

150 1733 325 1781 mundo,
354 1741 563 1783 peccatum
592 1737 728 1767 autem
748 1740 828 1765 non
848 1727 1136 1777 imputabatur,
1167 1739 1257 1764 cum

149 1784 240 1824 Lex
270 1798 348 1822 non
389 1793 516 1822 esset.
565 1781 680 1819 Porro
710 1780 932 1833 inquiebant
961 1780 1150 1831 Pelagiani
1170 1809 1180 1826 ,
1224 1781 1255 1817 si

149 1838 192 1877 S.
222 1837 362 1877 Paulus
390 1836 607 1889 loqueretur
635 1835 681 1872 de
711 1842 862 1886 peccato
890 1833 1088 1885 originali,
1132 1833 1256 1871 dicere

148 1905 222 1931 non
252 1892 454 1943 potuisset,
503 1888 601 1927 illud
638 1901 809 1939 regnasse
852 1899 970 1939 usque
1007 1887 1055 1924 ad
1083 1886 1252 1937 Legem,

149 1945 213 1984 sed
241 1946 366 1982 dicere
395 1943 610 1990 debuisset,
640 1940 736 1979 illud
765 1953 913 1992 semper
942 1953 1108 1991 regnasse
1137 1940 1254 1977 etiam

148 2007 227 2050 post
257 1999 395 2049 Legem
414 2026 424 2045 ,
454 1994 487 2032 ἃ
518 2003 597 2046 post
626 1994 751 2046 ipsum
781 1993 997 2043 Christum:
1037 1992 1254 2030 Peccatum

150 2055 282 2102 itaque
326 2054 340 2101 (
370 2048 621 2089 concludebat
649 2047 822 2085 Julianus
863 2045 964 2098 apud
994 2045 1253 2098 Augustinum

149 2105 237 2143 Lib.
269 2105 316 2142 ΙΙ.
349 2103 468 2155 Oper.
498 2098 660 2153 imperf.
700 2111 734 2138 c.
771 2112 856 2151 ¹99·
887 2101 930 2148 ),
974 2098 1021 2136 de
1048 2113 1124 2151 quo
1153 2098 1254 2150 Apo-

149 2158 261 2196 stolus
291 2157 527 2210 pronuntiat,
557 2159 650 2205 (γαῖα,
678 2152 867 2206 usquead
887 2152 1038 2204 Legem
1057 2151 1189 2204 fuerit
1211 2176 1251 2190 ...

150 2215 317 2249 actionis
335 2241 344 2257 ‚
374 2222 454 2247 non
482 2211 700 2247 nativitatis
729 2220 814 2245 esse
843 2210 1084 2244 convincitur
1114 2205 1170 2259 (h)
1188 2231 1199 2243 .

202 2277 268 2315 92.
299 2261 410 2314 Resp.
428 2292 438 2310 ,
468 2263 498 2300 si
526 2275 601 2313 qua
630 2270 682 2297 est
711 2260 749 2296 in
779 2259 836 2297 his
852 2258 1017 2311 Apostoli
1035 2259 1161 2298 verbis
1181 2259 1254 2296 dif-

149 2315 325 2363 ficultas,
356 2329 439 2352 eam
468 2326 640 2367 premere
670 2313 784 2350 etiam
813 2311 1059 2364 Pelagianos,
1089 2311 1121 2348 &
1143 2325 1254 2362 quos-

148 2382 315 2420 cumque
344 2367 464 2415 alios,
511 2368 579 2419 qui
608 2374 783 2417 negantes
831 2374 1028 2416 peccatum
1069 2363 1255 2415 originale

148 2424 351 2462 admittunt
380 2428 534 2474 peccata
563 2419 753 2466 actualia,
783 2432 871 2469 qnae
902 2427 1001 2456 certe
1031 2430 1102 2454 non
1131 2416 1254 2455 solnm

149 2490 270 2529 usque
299 2476 345 2513 ad
375 2475 511 2526 Legem
544 2474 722 2520 suerunt,
753 2473 815 2509 sed
846 2473 957 2509 etiam
989 2479 1068 2523 post
1088 2471 1252 2522 Legem,

148 2529 182 2566 ἃ
211 2528 334 2567 adhue
363 2537 444 2580 post
472 2526 665 2565 Christum
695 2533 805 2563 suut.
847 2525 895 2564 Et
924 2525 1032 2562 sicuti
1071 2532 1151 2574 post
1183 2523 1253 2560 Le-

147 2596 231 2635 gem
261 2581 472 2619 enormiora
492 2580 655 2618 crimina
671 2577 878 2629 aliquando
898 2576 1142 2623 visibilibus,
1172 2589 1252 2613 ma·

147 2637 305 2688 gnisque
333 2634 457 2687 poenis
485 2647 507 2669 a
536 2632 617 2670 Deo
675 2632 780 2668 unita
808 2631 988 2678 fuerunt,
1026 2630 1077 2667 ita
1106 2628 1139 2664 &
1168 2638 1253 2667 ante

148 2690 314 2740 Legem,
345 2698 384 2725 ut
413 2694 511 2739 patet
539 2686 578 2723 in
607 2646 754 2722 diliivio
775 2683 1007 2731 universali,
1038 2682 1071 2718 8<
1102 2684 1140 2720 in
1173 2697 1253 2734 poe-

149 2743 205 2779 nis
223 2740 482 2794 AEgyptiorum
499 2767 510 2787 ,
540 2752 582 2776 ac
603 2738 885 2776 Sodomitarum
901 2762 911 2774 .
941 2736 1027 2774 Non
1054 2734 1160 2773 aliud
1181 2736 1250 2772 ita-

151 2807 224 2845 que
252 2797 295 2832 iis
324 2794 450 2833 verbis
478 2791 692 2844 significare
721 2789 841 2829 voluit
870 2788 1068 2840 Apostolus
1086 2818 1096 2835 ,
1132 2800 1251 2839 quam

152 2857 345 2897 peccatum
373 2846 585 2901 originale,
616 2845 648 2883 8<
678 2843 825 2883 actuale
854 2842 969 2881 fuisse
988 2850 1070 2880 ante
1086 2841 1250 2892 Legem,

154 969 179 987 2)

154 1022 180 1040 3>

154 1181 179 1199 27

204 3010 251 3044 (a)
282 3006 334 3038 Ita
359 3019 490 3051 quoqne
515 3007 740 3054 desipuerunt
764 3005 959 3046 Sociniani,
984 3013 1022 3038 ut
1048 3001 1158 3036 videri
1178 3010 1255 3048 pot-

153 3060 206 3085 est
228 3050 316 3095 apud
330 3053 593 3097 Slichtinginm,
619 3056 787 3089 Crellintn
802 3076 813 3095 ,
840 3052 1081 3097 Pzripcovinm
1103 3051 1137 3083 in
1151 3051 1255 3084 Com-

154 3106 261 3130 ment-
290 3094 330 3129 ad
357 3096 447 3130 laud.
475 3102 507 3131 S.
531 3102 623 3134 Pauli
651 3103 785 3134 locum.
812 3101 874 3133 His
900 3096 1076 3133 addendus
1095 3098 1171 3130 Jac.
1190 3097 1255 3130 Fa-

153 3144 216 3177 ber
241 3151 316 3176 turn
344 3144 377 3175 in
403 3144 580 3178 Comment-
596 3171 605 3188 ‚
632 3155 704 3181 tum
733 3152 766 3180 in
790 3148 987 3189 Apologia.
1117 3183 1119 3185 ι

203 3190 249 3228 (b)
280 3189 358 3222 Non
385 3189 591 3222 absimiliter
618 3189 815 3226 Harduinns
842 3193 875 3224 in
892 3194 1088 3226 Comment.
1115 3189 1251 3233 inquit:

154 3235 315 3269 Consulis
341 3235 407 3267 haec
432 3238 597 3279 particula
621 3241 705 3271 enim
729 3242 905 3282 perspicue
931 3240 1111 3276 adraonet,
1143 3237 1230 3270 Illud
1246 3255 1257 3274 ²

154 3283 241 3324 qnod
264 3285 413 3325 proxime
439 3286 632 3314 antecessit
648 3304 658 3320 ‚
682 3287 715 3315 ιή
732 3297 791 3327 quo
809 3297 922 3317 ornnes
940 3290 1163 3325 peccaverunt
1177 3303 1188 3321 ,
1213 3282 1256 3313 (le

155 3338 291 3369 peccato
316 3329 484 3373 originali
509 3329 620 3371 accipi
644 3339 710 3361 non
734 3340 832 3373 posse
851 3350 858 3360 .
903 3329 1074 3363 Admonet
1101 3330 1187 3361 enim
1212 3328 1256 3361 cle

1268 140 1279 152 .
1321 105 1489 150 SECT.
1513 105 1546 148 1.
1580 107 1710 151 CAP.
1742 105 1821 153 IV.

1330 187 1439 224 sicuti
1470 183 1502 220 8(
1533 187 1643 223 modo
1671 196 1751 234 est,
1799 187 1861 225 sed
1896 200 1971 226 non
2013 187 2127 225 fuisse
2169 188 2425 240 imputatum,

1329 252 1393 278 sen
1422 251 1493 276 non
1524 239 1635 275 fuisse
1663 239 1856 289 cognitum
1885 250 2037 292 propter
2057 241 2225 279 tenebras
2256 243 2430 293 ignoran-

1330 295 1419 341 tiae,
1456 291 1596 343 quibus
1626 291 1795 330 homines
1822 304 1924 332 erant
1951 295 2162 339 obcaecati3
2207 299 2430 344 praesertim

1329 355 1369 383 nt
1398 359 1425 383 a
1455 345 1542 382 Deo
1569 343 1840 395 puniendum,
1872 355 1910 384 ut
1939 347 1980 385 S.
2010 347 2177 386 Thomas
2208 350 2429 400 interpreta-

1329 409 1389 438 tur
1418 401 1456 437 in
1489 398 1589 435 hunc
1619 398 1745 435 locum
1763 424 1773 436 .

1383 453 1449 505 95.
1479 452 1553 489 Ob.
1583 453 1738 503 quinto.
1769 449 1808 489 S.
1839 449 1976 489 Paulus
2007 465 2101 491 vers.
2137 455 2196 491 15.
2226 454 2342 492 dicit:
2377 454 2434 492 U·

1329 509 1417 544 nius
1446 504 1585 541 delicto
1614 509 1629 555 (
1651 517 1787 555 nempe
1809 503 1978 553 Adami)
2009 506 2121 542 multi
2143 511 2284 543 mortui
2314 516 2429 544 sunt:

1330 573 1425 596 vers.
1455 567 1579 595 antem
1608 571 1666 609 ¹9·
1697 560 1836 595 iterum
1864 556 1976 595 dicit:
2006 558 2114 595 Sicut
2127 557 2429 608 perinobedien-

1329 618 1430 650 tiam
1467 614 1581 649 unius
1623 610 1790 648 hominis
1832 618 2062 660 peccatores
2102 613 2300 649 constituti
2343 620 2433 648 sunt

1329 666 1470 710 multi‚·
1514 668 1571 702 itit
1599 664 1648 704 (9-
1676 678 1743 715 μεν
1773 667 1886 701 unius
1916 662 2177 701 obeditionem
2214 664 2314 715 justi
2342 675 2434 700 con-

1328 724 1536 757 stituentur
1565 718 1702 755 multi.
1742 717 1842 755 Hinc
1871 726 1997 756 autem
2026 717 2080 754 sic
2108 715 2340 767 colligebant
2368 715 2435 753 Pe-

1328 771 1493 824 lagiani2
1524 770 1724 822 Apostolus
1752 784 1826 808 non
1843 770 1962 818 dicit,
1995 772 2104 809 unius
2132 769 2271 807 delicto
2298 781 2438 808 omnes

1329 834 1494 863 mortuos
1523 838 1627 873 esse,
1657 834 1720 863 ant
1751 833 1962 876 peccatores
1978 825 2215 871 constitutos,
2246 821 2310 860 sed
2339 823 2438 862 mul-

1330 887 1424 925 tos,
1444 890 1505 915 eos
1533 890 1698 929 nempe,
1740 879 1807 929 qui
1839 878 1956 929 ipsius
1985 884 2186 928 peccatum
2216 876 2438 921 imitantur3

1329 932 1440 968 sicuti
1471 942 1537 981 per
1564 929 1650 967 Jesu
1680 930 1820 968 Christi
1850 930 2104 968 obedientiam
2121 928 2437 978 nouomnesju-

1330 982 1563 1028 stificantur,
1602 983 1668 1021 sed
1698 983 1838 1031 multi,
1874 985 1941 1035 qui
1972 997 2108 1034 nempe
2137 982 2327 1021 beneficio
2355 981 2450 1033 ejus,

1330 1034 1601 1086 redemptionis
1630 1045 1785 1073 utuntur
1802 1061 1813 1073 .

1383 1088 1449 1139 94.
1483 1086 1592 1138 Resp.
1623 1102 1711 1127 cum
1741 1089 1780 1126 S.
1812 1089 2022 1140 Augustino
2050 1088 2139 1130 Lib.
2169 1086 2217 1127 II.
2259 1088 2334 1139 Op.
2364 1091 2438 1127 ime

1330 1139 1432 1192 perf.
1461 1154 1497 1179 c.
1533 1139 1618 1185 145.
1649 1154 1716 1192 per
1745 1142 1888 1180 multo.-
1918 1143 2076 1193 intelligi
2105 1155 2244 1180 omnes
2265 1157 2280 1186 ,-
2309 1155 2440 1181 revera

1331 1198 1436 1232 enirn
1465 1207 1598 1232 omnes
1628 1193 1802 1231 homines
1830 1192 1940 1231 multi
1970 1204 2081 1233 sunt.
2108 1197 2217 1233 Certe
2246 1208 2335 1233 cum
2366 1195 2440 1234 ibi-

1330 1249 1416 1285 dem
1449 1247 1648 1298 Apostolus
1677 1247 1806 1293 dicat,
1853 1256 2014 1283 mortem
2044 1249 2299 1297 pertransiisse
2331 1251 2371 1287 in
2399 1262 2439 1287 o-

1328 1313 1442 1338 mnes
1471 1299 1642 1338 homines
1660 1329 1670 1347 ‚
1701 1299 1734 1334 8(
1763 1312 1902 1336 omnes
1932 1311 2103 1351 peccasse
2133 1300 2171 1337 in
2203 1301 2376 1349 Adamo,
2406 1301 2440 1338 &c

1328 1368 1395 1407 per
1427 1355 1536 1391 unius
1566 1353 1750 1391 delictum
1781 1354 1819 1390 in
1843 1366 1988 1391 omnes
2017 1350 2189 1390 homines
2231 1354 2271 1389 in
2302 1354 2440 1390 conde·

1328 1409 1559 1446 mnationem
1578 1436 1588 1454 ‚
1619 1407 1817 1443 manifeste
1836 1414 2021 1457 apparet,
2050 1406 2202 1444 nomine
2224 1405 2442 1444 multorum.

1327 1460 1491 1511 intelligi
1520 1471 1661 1497 omnes
1704 1467 1866 1510 posteros
1896 1458 2018 1504 Adae,
2065 1459 2131 1510 qui
2163 1460 2287 1510 reipsa
2328 1457 2440 1497 multi

1327 1523 1411 1551 sunt
1429 1538 1438 1551 .
1470 1510 1590 1550 Acute
1619 1512 1721 1548 enim
1751 1510 1791 1548 S.
1811 1510 1952 1549 Doctor
1980 1510 2231 1558 observabat,
2262 1510 2440 1563 aliquan·—

1327 1567 1375 1604 do
1403 1578 1542 1603 omnes
1572 1578 1650 1602 esse
1679 1563 1843 1610 multos,
1892 1563 2103 1616 aliquando
2140 1576 2214 1602 non
2242 1577 2346 1610 esse3
2397 1573 2438 1604 ut

1326 1631 1416 1655 cum
1444 1619 1583 1656 dicitur
1611 1629 1750 1655 omnes
1779 1616 1943 1666 capilli,
1991 1617 2025 1653 ἃ
2051 1629 2193 1654 omnes
2231 1615 2342 1668 digiti
2371 1615 2439 1654 ho«

1324 1672 1466 1716 minis,
1511 1671 1681 1722 primum
1714 1670 1903 1721 significat
1934 1671 2102 1717 multos,
2149 1668 2310 1707 alterum
2340 1682 2440 1720 pau*

1326 1737 1392 1762 cos
1408 1748 1418 1761 .
1451 1721 1581 1761 Voluit
1610 1736 1698 1775 ergo
1720 1723 1921 1773 Apostolus
1953 1737 2016 1760 nos
2035 1723 2167 1760 docere
2185 1753 2195 1771 ,
2223 1735 2353 1760 omnes
2373 1721 2440 1760 ho·-

1324 1779 1446 1815 mines
1477 1789 1648 1827 peccasse
1678 1777 1715 1814 in
1733 1775 1901 1823 Adamo,
1933 1776 1966 1811 81
1997 1785 2164 1813 mortuos
2184 1789 2261 1814 esse
2279 1805 2288 1823 ,
2319 1775 2352 1812 81
2374 1775 2438 1818 hos

1323 1843 1454 1867 omnes
1483 1842 1557 1866 non
1587 1841 1663 1866 esse
1695 1839 1831 1878 paucos
1849 1858 1859 1876 ,
1890 1829 1950 1866 sed
1983 1827 2122 1865 multos
2140 1852 2150 1865 .

1380 1884 1446 1934 95.
1477 1882 1589 1920 Dices
1608 1906 1618 1920 .
1650 1878 1847 1933 Apostolus
1875 1881 2020 1920 subdit:
2051 1879 2130 1918 Sed
2149 1894 2230 1919 non
2259 1884 2357 1919 sicut
2373 1880 2438 1920 de-

1322 1936 1485 1983 lictum,
1534 1937 1590 1972 ita
1618 1933 1667 1975 ὠ*
1698 1931 1874 1971 donum:
1922 1938 1973 1971 si·
1993 1938 2100 1972 enim
2142 1938 2257 1972 unius
2299 1934 2440 1978 delicto
2469 1971 2472 1974 .

1321 1990 1433 2026 multi
1463 1990 1606 2026 mortui
1635 1996 1752 2034 sunt,
1783 1987 1905 2025 multo
1935 1991 2068 2040 magis
2096 1992 2232 2040 gratia.
2253 1987 2331 2027 Dei
2349 2018 2359 2036 ‚
2388 1987 2438 2029 Θ

1323 2043 1472 2081 donum
1566 2046 1607 2079 in
1633 2041 1764 2092 plures
1786 2040 2019 2079 abundavit.
2049 2041 2144 2079 Vult
2166 2054 2274 2093 ergo,
2304 2055 2439 2081 nume·

1322 2111 1408 2135 rum
1438 2107 1568 2133 eorum
1592 2122 1603 2143 ,
1651 2095 1719 2146 qui
1748 2095 1880 2145 gratiae
1911 2094 2049 2132 Christi
2093 2096 2297 2145 participes
2323 2103 2437 2141 sunt,

1321 2150 1508 2201 majorem
1537 2162 1615 2185 esse
1643 2160 1775 2184 eornm
1805 2158 1994 2194 numero,
2041 2148 2108 2198 qui
2140 2147 2277 2184 delicto
2319 2148 2438 2198 primi

1321 2204 1487 2256 parentis
1519 2203 1742 2254 perierunt.
1780 2200 1891 2247 Quod
1921 2213 2054 2240 verum
2083 2213 2160 2237 esse
2191 2212 2261 2236 non
2293 2208 2437 2250 potest,

1321 2258 1395 2295 nisi
1427 2256 1624 2302 dicamus,
1655 2253 1776 2292 nonisi
1806 2266 1865 2291 eos
1896 2255 2021 2301 mori,
2049 2254 2115 2304 qui
2137 2252 2318 2290 delictum
2341 2253 2436 2290 Adae

1323 2310 1517 2347 imitantes
1545 2317 1702 2359 peccant
1727 2337 1737 2354 ,
1785 2305 2001 2358 cujusmodi
2031 2319 2106 2342 esse
2149 2318 2222 2344 non
2255 2315 2407 2357 possunt
2427 2335 2438 2353 ,

1324 2363 1398 2400 nisi
1426 2360 1575 2406 adulti3
1604 2361 1736 2413 gratiae
1767 2368 1893 2397 autem
1915 2359 1988 2396 Dei
2019 2359 2131 2395 etiam
2162 2359 2321 2397 infantes
2351 2372 2438 2410 par-

1323 2416 1458 2467 ticipes
1486 2423 1586 2452 esse:
1630 2425 1707 2451 non
1737 2414 1854 2463 igitur
1883 2411 2083 2463 Apostolus
2111 2423 2180 2463 per
2208 2414 2352 2450 multos
2382 2413 2439 2450 in-

1324 2467 1470 2505 tellexit
1499 2477 1639 2504 omnes
1658 2488 1669 2503 .

1375 2520 1441 2572 96.
1473 2518 1586 2570 Resp.
1616 2530 1706 2556 cum
1749 2514 1882 2556 eodem
1912 2514 1952 2556 S.
1984 2514 2172 2566 Domni-e,
2220 2517 2437 2557 antithesim

1318 2586 1398 2612 non
1426 2587 1503 2612 esse
1532 2573 1626 2610 inter
1645 2585 1851 2609 numerum
1868 2600 1879 2618 ,
1909 2571 1942 2609 &
1960 2581 2161 2608 numerum
2180 2600 2190 2617 ‚
2219 2571 2361 2608 scilicet
2382 2573 2438 2608 in-

1321 2634 1378 2665 ter
1421 2638 1626 2664 nnmerum
1669 2636 1828 2670 eorum,
1876 2624 1943 2673 qui
1973 2624 2086 2659 unius
2127 2622 2266 2659 delicto
2295 2620 2437 2658 mortui

1320 2689 1434 2726 sunt,
1464 2677 1498 2715 ἃ
1527 2688 1730 2715 numerum
1750 2675 1928 2721 illorum,
1957 2687 2051 2724 quos
2072 2675 2192 2723 gratia
2221 2673 2360 2711 Christi
2377 2675 2434 2711 vi-

1321 2732 1478 2771 vificat.
1526 2730 1623 2776 Quis
1652 2729 1753 2765 'enim
1783 2728 1951 2772 nesciat,
1983 2724 2102 2763 multo
2132 2725 2258 2776 plures
2291 2728 2328 2762 in
2358 2724 2428 2764 hoc

1319 2784 1463 2823 mundo
1491 2796 1568 2820 esse
1597 2789 1810 2833 peccatores
1827 2809 1836 2826 ,
1866 2790 1983 2830 quam
2014 2777 2158 2829 justos?
2186 2779 2431 2830 Comparatio

1320 2834 1490 2890 Apostoli
1520 2843 1572 2873 est
1601 2836 1696 2873 inter
1715 2833 1897 2872 damnum
1927 2831 2037 2870 nobis
2065 2846 2087 2870 a
2116 2841 2271 2884 peccato
2291 2832 2432 2871 Adeunt

2335 2885 2383 2923 il-

1323 3002 1441 3036 eoclem
1466 2998 1604 3043 peccati
1625 3009 1752 3042 genere
1777 2995 1949 3037 utrobique
1983 3005 2166 3027 sermonem
2191 3006 2269 3026 esse
2289 3014 2300 3033 ‚
2341 2993 2435 3037 atqui

1323 3051 1357 3081 in
1382 3051 1456 3091 ipso
1482 3058 1579 3079 versu
1610 3046 1661 3077 13.
1685 3045 1728 3077 de
1753 3048 1896 3085 peccato
1921 3042 2052 3073 actuali
2079 3053 2187 3072 sermo
2213 3048 2288 3073 est:
2327 3042 2370 3073 de
2397 3053 2434 3072 o-

1323 3096 1468 3137 rigmali
1494 3094 1580 3125 enim
1608 3102 1673 3123 non
1697 3091 1894 3125 (liceretur,
1921 3099 2021 3128 nsque
2046 3088 2093 3119 ad
2110 3084 2235 3127 Legem
2259 3094 2436 3129 peccatum

1324 3149 1400 3174 eruc
1425 3143 1458 3171 in
1484 3138 1626 3175 mundo,
1649 3143 1824 3177 peccatum
1849 3141 1960 3164 (intem
1987 3146 2050 3164 non
2079 3133 2299 3175 imputabatur
2315 3154 2326 3172 ‚
2363 3143 2435 3165 cum

1325 3190 1381 3219 lex
1407 3191 1614 3218 nort-esset.·
1641 3184 1671 3213 si
1696 3181 1828 3222 quidem
1855 3181 1895 3211 <f
1923 3180 1980 3210 sub
2006 3181 2081 3222 lege
2098 3200 2109 3218 ‚
2134 3188 2230 3222 atque
2256 3182 2434 3212 etiamnum

1326 3241 1419 3266 certe
1445 3239 1496 3262 est
1515 3250 1527 3268 ‚
1551 3229 1659 3260 donec
1684 3228 1816 3260 eluatur
1834 3239 1843 3256 :
1870 3237 1950 3269 ergo
1979 3231 2019 3258 Φ
2044 3227 2138 3268 prius
2164 3227 2276 3264 illud,
2314 3237 2348 3256 m
2372 3233 2432 3265 quo

1323 3289 1435 3310 omnes
1459 3281 1682 3317 peccaverunt
1699 3294 1710 3312 ,
1735 3274 1779 3306 de
1802 3279 1942 3315 peceato
1966 3274 2094 3307 actuali
2111 3272 2300 3317 Apostolus
2325 3268 2429 3304 intel-

1325 3325 1413 3359 lexit
1438 3325 1512 3354 (rc.
