2583 3685
963 141 1043 189 DE
1077 138 1222 188 NA'r.
1255 136 1418 184 PECC.
1452 139 1611 183 ORIG.

138 236 213 271 tem
239 227 438 268 manifeste
469 225 576 265 salsae
593 255 603 274 ‚
631 223 794 278 aliisque
823 226 950 264 minus
967 225 1128 277 vulgatis
1157 222 1242 261 bre-

139 282 261 323 vitatis
287 294 416 320 amore
446 280 730 332 praetermissis‚
773 288 922 331 tempus
950 286 1027 327 est,
1071 286 1110 314 ut
1139 275 1242 313 Tho-

132 335 358 384 mistarnm,
395 333 638 386 aliorumque
668 331 838 384 plurium
868 331 1149 382 Theologorum
1179 330 1242 366 ilo·

120 389 286 428 urinam
303 417 316 436 ‚
373 401 432 426 uae
462 389 519 425 sin
550 389 674 425 minus
701 386 858 425 omnino
877 394 999 431 certa,
1029 382 1160 422 saltem
1182 394 1242 419 ce-

122 441 218 489 'teris
252 401 434 480 omnibus
474 439 713 494 probabilior
751 448 934 492 apparet,
976 448 1242 489 exponamus.

120 490 214 533 ‘Deo
241 495 341 532 enim
373 507 440 547 pro
467 508 534 532 sua
564 495 602 532 in
633 506 696 530 nos
715 492 880 531 bonitate
911 490 1077 542 placuit,
1108 501 1242 540 pecca-

130 547 158 585 ti
187 546 388 599 originalis
418 549 456 586 in
486 561 614 585 omncs
644 546 814 583 homiues
837 543 1138 595 propagationem
1160 554 1240 577 cer-

120 601 274 639 ’tissime
296 600 464 640 revelare
480 630 490 648 ,
522 610 559 638 ut
588 614 718 638 omues
744 599 790 637 ad
811 597 1004 634 Christum
1027 595 1241 632 Dominum

121 650 424 705 ‘Redemptoretn
454 667 523 705 pro
564 652 731 704 ejusdem
774 650 1017 694 remissione,
1065 661 1142 699 qua
1173 661 1241 699 par

129 717 208 755 est,
257 707 399 746 fiducia
427 707 698 757 confugerent3
735 704 806 755 ipsi
836 710 962 740 autem
992 713 1066 738 non
1098 699 1240 751 placuit

127 760 238 801 nobis
264 761 397 799 eadem
425 760 652 798 certitudine
680 755 948 803 manifestare,
990 767 1170 806 quaenam
1202 768 1238 791 e-

127 813 190 866 jus
218 822 354 853 natura
381 813 454 861 sit,
500 821 565 851 aut
591 809 780 864 quomodo
818 809 868 847 ab
900 808 1046 846 Adaino
1089 808 1127 844 in
1157 807 1237 858 clm

125 876 294 919 'posteros
323 873 550 920 propagetur
568 891 580 903 .
609 862 869 911 Quamobrem
899 861 1044 913 Synodi
1075 860 1235 898 Triden-

126 922 217 958 tinae
252 919 460 965 Praesides,
503 916 685 955 referente
726 914 894 967 ejusdem
941 913 1237 965 historiographo

126 967 243 1012 Cat-d.
271 969 495 1010 Pallavicini
524 967 614 1009 Lib.
637 967 723 1007 Vll.
752 982 868 1006 c.1o.
899 967 996 1005 nihil
1028 966 1237 1005 aPatribus

125 1023 387 1064 definiendum
417 1030 642 1062 censuerunt
672 1023 716 1061 de
747 1021 860 1072 hujus
890 1021 1033 1072 peccati
1071 1030 1205 1058 natura
1227 1050 1238 1068 ,

123 1079 172 1117 de
191 1078 378 1131 quainter
394 1072 608 1128 Tlieologos
635 1076 899 1114 controversiae
918 1072 1095 1123 vigebant
1112 1100 1122 1110 .
1155 1071 1238 1111 Ma-

149 1144 235 1169 nain
264 1139 342 1169 esse
362 1128 433 1170 hac
463 1131 502 1168 in
521 1142 562 1167 re
581 1127 846 1167 difficultatem
864 1158 874 1175 ‚
907 1126 1094 1164 fatebatur
1124 1126 1236 1164 etiam

117 1187 164 1230 b.
196 1185 253 1222 Au
284 1184 449 1232 ustinus,
477 1183 571 1221 dum
601 1182 689 1220 Lib.
708 1181 738 1219 1.
768 1180 816 1218 de
846 1178 1015 1217 moribus
1045 1178 1239 1217 Ecclesiae

126 1197 280 1275 Cathof.
309 1250 345 1276 c.
371 1246 434 1274 22.
464 1233 663 1287 inquiebat
691 1233 738 1271 de
768 1242 921 1285 peccato
949 1232 1150 1282 originali,
1180 1238 1240 1271 ni—

122 1287 175 1327 hit
203 1301 290 1327 esse
318 1286 373 1326 ad
399 1284 703 1339 praedicandum
732 1291 863 1325 notius
880 1316 891 1335 ‚
921 1284 1015 1324 nihil
1045 1285 1099 1323 ad
1128 1287 1241 1325 intel-

123 1339 324 1395 ligentium
353 1343 540 1380 secretius
556 1367 568 1380 .

177 1392 244 1440 64.
262 1388 525 1433 Commouet
538 1402 666 1432 autem
684 1392 872 1445 Theologi
894 1394 1119 1432 sententiam
1137 1393 1242 1431 Tho-

121 1453 198 1486 x'nae
219 1459 264 1484 ex
283 1445 324 1484 S.
344 1445 554 1496 Augustino
583 1447 757 1484 haustam
787 1445 1094 1497 atnplectuntur,
1123 1460 1242 1498 quam

120 1499 164 1539 S.
193 1498 332 1547 Doctor-
360 1497 538 1549 pluribus
567 1500 607 1536 in
638 1498 729 1536 locis
747 1527 759 1545 ,
801 1500 999 1550 praecipue
1043 1507 1169 1536 autem
1202 1501 1241 1536 in

114 1548 280 1592 'Lib.11.
310 1550 488 1589 Sentent.
519 1544 617 1589 Dist.
649 1550 714 1589 50.
743 1564 783 1602 q.
820 1563 853 1588 i.
883 1560 954 1587 art.
986 1551 1023 1588 5.
1056 1550 1114 1588 his
1158 1564 1242 1587 ver-

118 1602 184 1650 his
213 1605 418 1656 proponit:
450 1607 476 1626 “
497 1600 541 1642 In
571 1602 745 1656 quolibet
787 1612 943 1656 peccato
987 1611 1038 1641 est
1069 1603 1242 1640 invenire

124 1687 153 1708 „
182 1655 330 1709 aliquid
358 1657 465 1710 quasi
496 1656 657 1696 formale
675 1687 685 1705 ,
716 1655 749 1692 8(
778 1655 927 1708 aliquid
949 1655 1168 1694 materiale.
1199 1655 1241 1694 Si

116 1740 150 1760 -„
179 1712 283 1749 enim
312 1708 592 1750 consideremus
613 1718 810 1762 peccatum
839 1707 990 1747 actuale
1008 1739 1018 1758 ,
1048 1711 1131 1762 ipsa
1151 1707 1242 1747 snb-

119 1795 150 1815 „
179 1763 313 1802 stantia
355 1771 461 1803 actus
487 1764 699 1803 deordinati
740 1760 991 1802 materialiter
1021 1763 1058 1800 in
1088 1772 1242 1815 peccato

121 1846 150 1867 „
179 1830 218 1855 se
248 1815 381 1855 habet:
408 1816 473 1855 sed
499 1815 733 1856 deordinatio
760 1816 874 1855 afine
904 1815 1065 1855 formale
1096 1817 1134 1853 in
1154 1830 1243 1869 pec-

123 1899 151 1920 „
179 1877 262 1908 cato
290 1878 380 1919 est,
410 1870 503 1922 quia
530 1882 576 1908 ex
604 1868 677 1908 hoc
708 1871 893 1908 rationem
922 1869 1017 1909 mali
1047 1872 1245 1922 praecipue

112 1927 149 1973 '„
181 1920 292 1960 habet
309 1948 319 1960 .
347 1921 459 1961 Unde
487 1923 649 1971 dicitur,
679 1923 780 1974 quod
797 1924 995 1961 conversio
1023 1922 1069 1960 ad
1092 1922 1240 1961 bonum

123 2006 150 2026 2,
179 1974 452 2024 commutabile
481 1984 531 2013 est
560 1975 616 2013 ibi
647 1976 743 2013 sicut
772 1974 998 2024 materiale,
1029 1975 1063 2012 ἃ
1092 1978 1241 2015 aversio

108 2027 146 2080 '„
175 2043 198 2067 a
216 2028 315 2066 bono
343 2027 652 2066 incommutabili
682 2037 735 2067 est
762 2029 860 2068 sicut
889 2028 1050 2068 formale
1068 2055 1108 2068 ...
1129 2027 1240 2069 Sicut

109 2079 148 2132 '„
178 2089 304 2119 autem
320 2089 519 2134 peccatum
548 2080 695 2120 actuale
723 2081 891 2122 consistit
920 2083 959 2121 in
987 2083 1238 2122 deordinatio-

116 2165 145 2185 „
175 2148 224 2173 ue
250 2141 355 2173 actus
375 2163 386 2182 ,
416 2135 467 2174 ita
497 2136 611 2174 'etiam
631 2145 831 2188 peccatum
853 2135 1041 2189 originale
1069 2137 1239 2176 consistit

114 2217 144 2238 ‚,
174 2188 214 2226 in
243 2187 529 2240 deordinatione
557 2197 703 2227 naturae
723 2216 734 2228 .
781 2189 893 2229 Unde
920 2198 1092 2242 oportet,
1135 2190 1239 2242 quod

120 2271 148 2291 „
175 2241 269 2292 ipsae
299 2242 398 2280 vires
426 2242 657 2280 deordinatae
679 2272 689 2290 ‚
732 2242 793 2282 vel
821 2243 1057 2282 deordinatio
1094 2244 1238 2282 virium

113 2324 145 2344 2,
176 2294 277 2342 siut,
318 2295 416 2332 sicut
458 2295 655 2334 materiale
684 2295 724 2333 in
769 2305 926 2349 peccato
954 2296 1161 2349 originali,
1203 2296 1238 2332 ἃ

118 2376 145 2396 „
174 2346 256 2395 ipsa
283 2346 521 2385 deordinatio
548 2362 570 2385 a
598 2346 676 2385 fine
705 2350 752 2386 sit
782 2349 835 2388 ibi
855 2380 866 2398 ,
914 2351 1011 2388 sicut
1041 2348 1203 2388 formale
1224 2376 1234 2388 .

122 2427 150 2447 ‚,
179 2397 252 2436 Illa
280 2408 407 2438 autem
438 2412 526 2450 pars
543 2428 554 2446 ,
583 2413 671 2450 quae
701 2414 768 2452 per
795 2415 834 2438 se
855 2411 943 2440 nata
971 2411 1023 2441 est
1051 2402 1236 2454 conjungi

120 2479 147 2498 „
180 2448 280 2498 fini,
310 2458 362 2488 est
391 2451 474 2501 ipsa
501 2450 702 2498 voluntas,
731 2466 819 2504 quae
849 2453 964 2491 habet
992 2456 1167 2494 ordinem
1188 2455 1235 2494 fi-

108 2496 147 2551 '„
177 2502 234 2540 nis
262 2500 443 2542 omnibus
471 2501 559 2541 aliis
602 2502 776 2556 partibus
819 2506 1037 2556 imponere,
1079 2506 1114 2542 &
1141 2516 1232 2545 tunc

117 2585 146 2604 „
175 2554 368 2594 destitutio
409 2557 530 2607 ipsius
570 2556 771 2595 voluntatis
799 2570 821 2595 a
849 2558 1072 2596 rectitudine
1109 2558 1156 2597 ad
1186 2559 1232 2596 fi-

109 2637 146 2666 K„
175 2620 292 2656 nem,
334 2621 452 2662 quam
483 2608 616 2648 habuit
646 2611 687 2648 in
716 2611 945 2649 institutione
974 2620 1119 2650 naturae
1142 2641 1153 2660 ,
1192 2612 1231 2649 in

117 2690 146 2710 „
175 2668 331 2712 peccato
357 2661 533 2712 originali
563 2661 725 2700 formale
753 2671 828 2711 est,
858 2663 892 2700 ἃ
923 2663 991 2701 hoc
1022 2673 1074 2702 est
1102 2666 1231 2716 priva-

117 2743 146 2764 „
175 2715 227 2752 tio
254 2713 453 2805 oriffiginalis
488 2714 671 2766 justitiae.
715 2715 825 2755 Vires
867 2725 995 2755 autem
1043 2719 1233 2768 appetitus

112 2771 147 2816 '„
174 2766 315 2806 sensibi
335 2768 366 2806 is
393 2776 480 2806 sunt
507 2776 607 2807 natm
637 2770 808 2822 recipere
836 2769 1010 2808 ordinem
1039 2770 1085 2808 ad
1116 2770 1232 2807 finem

111 2822 146 2869 j„
169 2819 225 2858 ab
245 2820 328 2873 ipsa
355 2820 546 2860 voluntate
562 2852 573 2870 ,
601 2823 811 2862 secundnm
827 2823 929 2875 quod
945 2821 1018 2861 sibi
1049 2822 1232 2870 subjectae

110 2874 148 2922 ⁸„
175 2881 280 2911 sunt:
309 2873 344 2911 ἃ
372 2875 458 2914 ideo
485 2875 692 2914 subtractio
719 2875 825 2916 illius
841 2876 985 2914 vinculi
1003 2906 1013 2925 ,
1042 2871 1232 2929 quoquo-

121 2952 150 2973 „
177 2923 379 2966 dammodo
405 2927 477 2967 sub
506 2935 683 2981 potestate
713 2929 915 2969 voluntatis
944 2938 1056 2968 rectae
1087 2930 1228 2968 detine—

123 3005 151 3025 „
177 2975 318 3018 bantur
336 3009 349 3027 ‚
376 2981 576 3021 materiale
604 2984 644 3022 in
674 2993 828 3036 peccato
857 2992 939 3022 est.
977 2983 1034 3022 Ex
1066 2982 1135 3020 hac
1163 2997 1232 3021 au-

122 3057 154 3077 „
181 3037 257 3090 tem
285 3032 536 3092 subtractione
562 3037 732 3088 sequitur
748 3068 759 3085 ,
787 3038 888 3090 quod
905 3050 1146 3090 unaquaeqne
1174 3038 1232 3076 vis

125 3110 154 3131 „
183 3094 223 3120 in
250 3096 362 3123 suum
389 3086 603 3138 subjectum
641 3091 850 3129 inordinate
885 3090 1014 3129 tendat
1037 3120 1047 3138 ,
1090 3103 1228 3128 concu-

123 3163 152 3183 υ
181 3135 357 3195 pisceudo
384 3137 507 3186 illud;
535 3140 570 3178 ἃ
590 3143 676 3181 ideo
703 3145 1008 3196 concupiscentia
1025 3173 1035 3192 ,
1064 3157 1140 3196 qua
1163 3141 1229 3180 ha-

120 3215 149 3235 „
177 3186 275 3226 biles
300 3201 430 3231 sumus
457 3192 506 3230 ad
532 3193 634 3232 male
674 3197 1024 3249 concupiscendum
1043 3226 1053 3244 ‚
1096 3209 1230 3248 pecca-

122 3269 150 3289 „
179 3249 260 3279 tum
289 3242 473 3293 originale
499 3245 640 3284 dicitur
660 3276 671 3295 ,
707 3252 817 3301 quasi
846 3249 1043 3291 materiale
1072 3263 1111 3288 in
1140 3263 1230 3302 pec·

122 3321 149 3342 ‚,
178 3302 262 3333 cato
290 3294 469 3348 originali
497 3298 654 3337 existens
674 3303 700 3321 “
717 3326 728 3340 .

2286 150 2359 193 ¹7¹

1364 220 1428 258 65.
1460 219 1646 256 Eanulem
1676 219 1915 266 doctrinam,
1962 231 2078 271 qnam
2107 217 2169 256 hic
2199 212 2336 267 longo,
2384 218 2418 254 se

1309 271 1468 319 subtili,
1499 274 1560 309 scil
1589 274 1747 310 omuino
1777 282 1876 309 recto
1894 273 2089 311 ratiocinio
2117 271 2294 318 deducit,
2324 270 2421 308 alibi

1308 326 1464 365 brevius
1493 327 1647 376 exponit
1679 327 1873 376 praecipue
1903 327 1942 363 in
1979 340 2010 364 1.
2043 339 2079 363 2.
2109 339 2148 378 q.
2170 326 2235 363 82.
2266 333 2336 362 art.
2359 323 2421 372 3.,

1311 380 1377 418 ubi
1408 380 1555 430 inquit:
1585 408 1610 425 ‚,
1642 377 1705 416 Est
1734 380 1954 416 attendenda
1983 391 2094 417 cansa
2122 376 2317 430 originalis
2336 388 2423 430 pec-

1367 434 1440 470 cati
1471 445 1515 469 ex
1545 445 1658 469 cansa
1685 432 1880 483 originalis
1909 432 2089 481 iristitiae,
2119 442 2207 485 quae
2238 432 2272 469 ei
2302 440 2419 483 oppo-

1371 487 1496 523 nitur.
1555 484 1649 523 Tota
1679 494 1802 522 autem
1832 487 2016 524 ordinatio
2043 485 2237 536 originalis
2266 484 2422 535 justitiae

1370 552 1412 576 ex
1445 539 1514 577 hoc
1544 548 1621 586 est,
1669 539 1768 590 quod
1812 538 1981 576 voluntas
2025 538 2191 578 hominis
2230 548 2310 576 erat
2339 536 2421 575 Deo

1312 624 1337 643 „
1369 592 1540 643 subjecta
1557 618 1566 630 .
1598 592 1696 639 Quae
1713 592 1869 643 quidem
1887 591 2070 643 subjectio
2086 595 2232 644 prime,
2263 589 2295 626 ἃ
2311 591 2417 643 prin-

1309 677 1336 696 „
1366 646 1540 697 cipaliter
1571 654 1648 683 erat
1679 659 1743 696 per
1775 644 2003 682 voluntatem
2024 677 2033 693 ,
2071 660 2182 690 cuius
2211 652 2263 683 est
2294 656 2420 681 move-

1367 712 1405 737 re
1433 713 1562 737 omnes
1592 698 1684 736 alias
1714 708 1836 750 partes
1866 699 1904 736 in
1926 698 2068 736 finem.
2099 698 2207 737 Unde
2238 710 2280 735 ex
2312 708 2419 734 aver-

1365 755 1468 790 sione
1497 752 1701 791 voluntatis
1730 767 1752 790 a
1782 751 1864 788 Deo
1891 761 2087 790 consen-,ita
2116 763 2166 790 est
2195 750 2422 791 inordinatio

1364 807 1400 843 in
1430 806 1606 844 omnibus
1635 804 1721 844 aliis
1750 807 1892 844 animae
1924 806 2097 844 viribus.
2134 805 2199 844 Sic
2228 816 2315 855 ergo
2345 804 2422 854 pri-

1363 860 1462 896 vatio
1477 859 1673 910 originalis
1688 858 1871 910 justitiae,
1931 873 1969 896 er
1990 873 2106 912 quain
2135 859 2311 897 vol-intas
2331 855 2420 893 sub-

1360 913 1519 950 debatur
1549 913 1657 961 Deo,
1697 923 1747 950 est
1779 874 1937 951 formali?
1969 915 2006 951 iu
2037 923 2187 964 peccato
2216 907 2422 961 originali5

1363 968 1486 1003 omnis
1514 975 1639 1004 autem
1669 968 1746 1004 alia
1779 967 2000 1004 inordinatio
2039 968 2179 1003 virium
2211 965 2352 1001 aniinae
2383 974 2420 998 se

1365 1019 1476 1057 habet
1507 1021 1543 1057 in
1574 1030 1726 1072 peccato
1754 1018 1957 1070 originali,
2001 1021 2096 1056 sicut
2125 1017 2309 1071 quiddam
2339 1028 2421 1053 ma-

1306 1103 1332 1123 „
1362 1073 1521 1112 teriale.
1562 1073 1793 1112 inordinatio
1822 1081 1947 1110 auteur
1977 1072 2140 1110 aliarum
2173 1072 2313 1108 virium
2343 1069 2422 1106 ani-

1306 1156 1333 1177 „
1365 1140 1438 1163 nice
1471 1127 1667 1178 praecipue
1699 1129 1736 1164 in
1768 1125 1836 1163 hoc
1867 1126 2095 1172 attenditur,
2143 1124 2245 1175 quod
2283 1121 2422 1160 inordi-

1308 1210 1335 1229 „
1365 1189 1450 1217 nate
1479 1180 1808 1217 convertunturad
1840 1178 1984 1215 bonnm
2005 1175 2305 1219 commutabile3
2334 1186 2422 1227 quae

1310 1263 1336 1282 „
1365 1234 1520 1284 quidem
1552 1233 1776 1271 inordinatio
1805 1231 2001 1270 communi
2040 1231 2193 1266 nomine
2223 1237 2340 1279 potest
2367 1228 2422 1265 di-

1312 1315 1338 1334 „
1367 1288 1402 1323 ci
1433 1287 1740 1338 concupiscentia
1757 1311 1767 1323 .
1796 1285 1845 1323 Et
1862 1286 1912 1322 ita
1926 1291 2123 1336 peccatum
2144 1279 2329 1334 originale
2343 1294 2424 1318 ma—

1311 1367 1338 1386 „
1367 1337 1550 1377 terialiter
1577 1339 1733 1390 quidem
1764 1348 1816 1376 est
1845 1337 2176 1389 concupiscentia,
2215 1333 2426 1373 formaliter

1314 1421 1340 1440 ,‚
1370 1405 1458 1430 vero
1487 1401 1538 1428 est
1566 1392 1733 1429 desectus
1760 1389 1954 1442 originalis
1984 1389 2138 1440 justitias
2157 1392 2182 1411 “
2201 1415 2211 1426 .
2242 1388 2335 1425 Haec
2366 1387 2425 1424 fn-

1310 1446 1388 1482 sins
1417 1446 1566 1495 exponit
1596 1446 1633 1482 in
1663 1458 1729 1497 qu.
1751 1444 1789 1490 4.
1819 1443 1867 1479 de
1897 1443 2006 1480 malo
2025 1450 2094 1480 art.
2118 1455 2154 1479 ρ.
2173 1471 2183 1489 ,
2214 1442 2279 1479 nbi
2313 1442 2426 1478 etiam

1310 1497 1551 1535 difficultates
1591 1499 1779 1548 oppositas
1809 1503 1916 1535 acute
1945 1495 2078 1546 juxta,
2127 1509 2169 1532 ac
2208 1494 2324 1531 solide
2351 1493 2426 1531 dis-

1310 1548 1445 1586 solvit:
1476 1563 1518 1586 cx
1548 1551 1690 1600 quibus
1720 1564 1787 1587 nos
1816 1563 1876 1587 eas
1906 1559 2048 1587 tantum
2079 1547 2307 1600 seligemus,
2335 1554 2424 1599 quae

1310 1601 1469 1650 majoris
1499 1604 1679 1640 momenti
1711 1603 1912 1640 videntur.

1364 1653 1431 1692 66.
1461 1654 1664 1693 Innumera
1706 1668 1819 1706 porro
1847 1656 1893 1692 ad
1925 1654 1995 1692 hoc
2038 1655 2164 1705 ipsum
2193 1653 2425 1692 confirmau-

1309 1705 1403 1744 dum
1433 1719 1475 1744 ex
1497 1706 1538 1744 S.
1561 1709 1770 1757 Augustino
1799 1716 1939 1758 praesto
1968 1715 2052 1751 sunt
2081 1708 2320 1744 testimonia.
2350 1706 2426 1745 Sed

1310 1773 1430 1798 unum
1460 1759 1650 1807 sufficiat,
1697 1759 1798 1812 quod
1827 1759 2080 1798 decretorium
2110 1768 2160 1796 est
2189 1758 2279 1797 Lib.
2299 1759 2350 1797 ll.
2380 1759 2427 1798 de

1310 1825 1419 1864 pecc.
1450 1826 1550 1851 mer.
1581 1813 1629 1853 (9⁶
1659 1818 1794 1850 remis.
1825 1828 1858 1851 c.
1880 1813 1918 1859 4.
1952 1812 2016 1850 nbi
2047 1812 2093 1851 de
2122 1814 2427 1864 concupiscentia

1310 1867 1462 1918 inquit:
1514 1866 1613 1904 Cum
1641 1868 1814 1916 parvulis
1839 1870 2044 1914 nascitur,
2092 1868 2133 1903 in
2161 1866 2331 1917 pari-ulis
2360 1865 2427 1904 ba-

1310 1923 1466 1970 ptizatis
1495 1933 1523 1957 a.
1551 1929 1665 1958 reatu
1694 1921 1871 1958 solvitur.
1902 1919 1980 1958 Ubi
2002 1920 2076 1957 dno
2105 1921 2142 1956 in
2173 1928 2325 1970 peccato
2352 1921 2427 1958 ori-

1309 1973 1429 2026 ginali
1459 1984 1587 2024 aperte
1615 1973 1837 2026 distinguit,
1867 1981 2026 2012 reatum
2055 1986 2219 2024 nempe,
2257 1987 2320 2010 seu
2351 1974 2426 2011 sor·

1310 2026 1433 2072 male3
1463 2026 1495 2062 8<
1525 2030 1886 2077 concupiscentiam
1904 2057 1914 2074 ,
1943 2039 2030 2079 quae
2063 2039 2132 2064 non
2164 2034 2216 2062 est
2244 2027 2314 2064 nisi
2344 2040 2425 2064 ma·

1308 2080 1468 2128 teriale,
1498 2080 1531 2117 8<
1561 2080 1790 2118 substratum
1810 2110 1820 2129 ,
1851 2079 1884 2116 &
1914 2093 2001 2130 quae
2032 2077 2151 2117 soluto
2179 2087 2285 2116 reatu
2315 2079 2354 2117 iu
2385 2094 2425 2117 a·

1309 2133 1424 2172 dultis
1454 2143 1580 2172 manet
1609 2133 1657 2170 ad
1686 2147 1842 2184 agonem
1860 2159 1870 2171 .
1900 2131 2104 2171 Similibus
2124 2133 2313 2170 sententiis
2342 2131 2422 2184 ple-

1308 2201 1359 2225 na
1387 2195 1472 2226 sunt
1501 2185 1541 2224 S.
1571 2186 1744 2225 Doctoris
1773 2188 1941 2239 scripta,
1978 2199 2067 2239 (μιᾷ)
2099 2194 2227 2224 contra
2255 2185 2423 2238 Pelagia-

1307 2253 1372 2278 nos
1403 2242 1483 2292 ipse
1513 2241 1707 2278 exaravit.

1360 2292 1426 2345 67.
1456 2294 1602 2345 Objicit
1625 2295 1750 2346 primo
1769 2293 1842 2332 sibi
1874 2293 1946 2345 ipsi
1965 2291 2194 2344 Angechs,
2223 2300 2423 2344 peccatum

1306 2359 1383 2385 esse
1412 2357 1537 2384 contra
1568 2357 1768 2393 naturam3
1810 2347 2157 2398 concupiscentiam
2189 2356 2316 2385 autem
2346 2360 2421 2385 esse

1303 2400 1511 2438 secundum
1541 2410 1745 2446 naturam3
1792 2408 1844 2437 est
1874 2400 1977 2439 enim
2007 2403 2182 2453 proprius
2212 2409 2315 2437 actus
2345 2401 2421 2437 vir-

1303 2454 1391 2490 tutis
1420 2453 1727 2503 concupiscibilis
1745 2484 1755 2503 ,
1802 2467 1892 2506 quae
1922 2463 1974 2492 est
2016 2453 2180 2506 potentia
2210 2450 2420 2497 naturalis,

1302 2518 1378 2543 non
1411 2520 1499 2555 ergo
1530 2507 1600 2542 &m

1355 2555 1421 2594 68.
1472 2557 1680 2607 Respondet
1735 2567 1863 2594 autem
1894 2587 1904 2604 ,
1956 2560 2222 2607 concupiscere
2283 2569 2420 2596 secun-

1299 2608 1392 2645 dum
1442 2609 1597 2646 rationis
1638 2609 1840 2655 ordinem,
1890 2622 1967 2646 esse
1997 2609 2143 2646 homini
2192 2619 2418 2648 connatura-

1301 2661 1365 2698 le:
1417 2664 1782 2711 concupiscentiam
1826 2670 1959 2699 autem
1980 2691 1990 2708 ,
2041 2673 2131 2711 quae
2176 2661 2425 2701 transcendit

1301 2715 1445 2752 limites
1496 2717 1663 2752 rationis
1691 2745 1702 2762 ,
1749 2718 1878 2752 inesse
1926 2713 2071 2751 homini
2116 2723 2257 2752 contra
2298 2725 2417 2754 natu-

1301 2781 1393 2806 ram
1411 2783 1425 2812 ‚·
1470 2768 1518 2808 Θ·
1549 2768 1673 2806 talem
1705 2779 1791 2806 esse
1819 2771 2180 2817 concupiscentiam
2210 2769 2416 2822 originalis

1300 2825 1480 2874 peccati.
1971 2825 1974 2828 ’

1356 2874 1422 2927 69.
1451 2875 1527 2914 Ob.
1557 2875 1745 2914 secundo·
1794 2872 1862 2911 Per
1893 2882 2088 2926 peccatum
2118 2873 2302 2927 originale
2328 2885 2416 2915 eunt

1300 2928 1339 2966 in
1385 2928 1494 2966 nobis
1539 2930 1651 2966 etiam
1700 2927 1787 2965 aliae
1837 2928 2041 2978 passiones:
2087 2940 2159 2966 non
2207 2939 2297 2981 ergo
2338 2930 2416 2968 sola

1299 2983 1606 3034 concupiscentia
1646 2981 1722 3019 dici
1765 2989 1881 3032 potest
1922 2983 2079 3020 materia
2109 2984 2255 3034 peccati
2298 2985 2414 3035 origi-

1301 3035 1398 3072 nalis
1420 3061 1430 3071 .
2191 3072 2198 3078 ,

1355 3101 1418 3138 70.
1451 3086 1661 3139 Respondet
1689 3099 1778 3125 cum
1798 3085 1838 3126 S.
1861 3081 2013 3127 Thema
2032 3101 2066 3127 1.
2089 3101 2126 3127 2.
2155 3102 2222 3141 qu.
2244 3087 2310 3128 82.
2339 3099 2410 3129 art.

1299 3140 1336 3178 3.
1366 3140 1412 3177 ad
1444 3140 1480 3177 3.
1498 3168 1509 3186 ,
1540 3141 1729 3190 passiones
1758 3140 1968 3180 irascibiles
1995 3141 2126 3181 reduci
2156 3143 2202 3180 ad
2225 3143 2411 3195 passiones

1296 3192 1640 3243 concupiscibiles,
1670 3194 1842 3232 sicutiad
1858 3195 2173 3247 principaliores,
2204 3197 2302 3234 inter
2318 3208 2410 3246 quas

1297 3247 1603 3295 concupiscentia
1623 3245 1882 3286 vehementius
1901 3259 2054 3298 movet,
2085 3250 2116 3286 ἃ
2148 3251 2269 3302 magis
2296 3249 2407 3285 senti-

1297 3307 1381 3345 tur3
1413 3298 1446 3334 ὅ(
1473 3298 1558 3338 ideo
1585 3302 1901 3353 concupiscentie
1936 3303 2181 3351 attribuitur,
2231 3312 2406 3350 tanquam

2251 3365 2357 3404 prin-

1313 464 1338 483 22

1313 517 1340 536 ³²

1313 571 1339 589 99

1309 731 1335 750 2)

1308 783 1333 803 9³

1306 837 1332 856 2>

1307 890 1331 909 2>

1306 944 1331 962 ⁷)

1308 997 1334 1016 2²

1306 1050 1333 1070 ’³
