2583 3685
1001 123 1082 168 DE
1115 123 1394 169 OBSESSIS
1417 153 1430 166 .

67 206 134 248 aed
158 207 282 260 potius
308 203 548 258 permitteret
576 203 629 243 eis
658 204 865 257 in'porcos
893 203 1041 256 ingredi
1061 234 1071 251 ,
1119 205 1188 256 qui

68 262 154 307 illic
179 267 307 305 erant3
337 267 449 311 atque
480 260 533 298 ita
562 258 709 297 factum
741 260 866 310 reipsa
897 268 974 296 est:
1002 263 1187 297 exierunt

66 322 160 366 ergo
180 311 399 351 Doemonviii
428 311 480 350 ab
500 312 663 351 homine
689 313 738 353 ὠ·
761 316 1008 352 intraverunt
1036 317 1077 349 in
1096 323 1186 362 por-

64 379 152 416 cos,
183 368 267 456 θιιί
298 377 424 420 postea
465 381 505 405 se
548 368 889 419 praecipitaverunt
932 367 972 404 in
1011 373 1185 416 stagnum

60 419 158 460 Luc.
220 420 288 458 ΙΙΙ.
331 419 541 459 Possumne
568 421 654 460 haec
680 423 808 459 omnia
847 418 1107 471 metaphorice
1135 419 1183 456 de

58 473 320 514 narrationibus
346 486 578 526 aegrotorum
616 472 812 527 intelligi?
870 471 1183 524 Metaplioriceue

60 528 325 580 intelligentur
354 530 469 568 etiam
500 529 590 567 illa:
640 528 822 566 Exibunt
851 535 988 564 αυιεηι
1016 525 1180 563 Doemo-

61 585 132 619 niu.
163 595 190 620 a
221 583 353 620 multis
382 584 639 631 clamantia,
685 590 735 623 <9⁹
764 581 966 627 dicentia,
1015 583 1109 630 quin.
1140 588 1180 616 tu

59 647 104 674 es
134 634 254 675 Filius
282 635 389 685 Dei,
431 638 480 678 Cf
510 643 722 686 increpans
752 648 831 672 ηωι
860 632 1015 671 sinebat
1045 647 1095 671 eu.
1125 634 1178 670 lo-

58 687 162 739 qui?
192 691 308 729 hucae
341 689 407 729 lv.
439 692 508 736 41.
538 691 626 729 Alia
654 691 692 727 id
712 702 828 740 genus
859 687 956 725 bene
987 688 1108 725 multa
1130 688 1179 728 jn

60 742 276 795 Evangelio
317 744 521 797 leguntur,
568 758 656 798 quae
688 741 798 780 nulla
841 742 1110 779 machinarum
1139 741 1180 780 vi

61 808 217 850 possunt
245 799 293 836 ad
323 800 535 837 curationes
564 797 786 835 morborum
818 796 1014 847 pertrahi.

114 851 210 901 327.
239 852 372 906 Neque
401 850 721 905 praetermittenda
750 848 891 900 injusta
921 850 1017 898 illa,
1066 863 1179 902 aeque

55 903 199 943 insulsa
227 904 508 943 Pharisaeorum
537 905 735 943 calumnia
752 933 763 951 ,
793 905 893 956 quod
915 903 1022 942 Jesus
1049 905 1088 941 in
1112 906 1180 941 lie-

55 956 216 998 elzebub
245 959 422 1012 principe
451 958 746 997 Daemoniorum
766 957 971 996 Daemonia
1000 956 1178 1009 ejiceret;

53 1025 144 1064 quae
173 1012 372 1051 calumnia
399 1011 486 1051 licet
516 1014 667 1066 inepta,
696 1021 797 1050 certo
819 1021 946 1050 tamen
976 1011 1178 1064 supponit,

55 1064 250 1106 Christum
280 1067 408 1120 reipsa
434 1065 643 1106 Daemonia
671 1065 854 1117 ejecisse.
909 1066 1080 1104 Christus
1109 1080 1179 1103 au-

52 1126 131 1158 tem
160 1119 257 1159 hanc
294 1122 474 1175 putidam
515 1120 757 1159 calumniam
784 1134 806 1157 a
833 1134 874 1157 se
911 1118 1100 1171 repellens
1130 1132 1177 1158 ex

51 1171 125 1212 hac
173 1175 256 1228 ipsa
299 1184 475 1227 potestate
518 1174 697 1227 ejiciendi
743 1174 947 1211 Daemonia
992 1173 1176 1211 Divinam

53 1241 162 1267 suam
191 1230 411 1267 missionem
442 1229 581 1266 invicte
609 1228 854 1275 ostendebat,
885 1228 1036 1266 diceus:
1064 1226 1106 1265 Sc
1135 1240 1177 1265 e·

48 1294 102 1334 go
129 1285 171 1319 in
198 1285 337 1333 spiritu
363 1281 443 1319 Dei·
471 1282 587 1333 ejicio
616 1280 834 1318 Doemones
854 1310 865 1327 ‚
895 1283 1016 1332 igitur
1043 1294 1178 1332 perve-

50 1338 109 1373 nit
137 1338 179 1373 in
207 1347 274 1373 vos
300 1346 471 1387 regnum
500 1333 605 1372 Dei:
637 1333 778 1372 Manli.
798 1332 887 1371 ΧΗ.
921 1333 988 1372 28.
1015 1334 1050 1370 ἃ
1079 1349 1159 1387 seq.

106 1387 201 1427 328.
232 1387 389 1426 Frustra
417 1397 546 1425 autem
573 1396 687 1434 sunt,
724 1387 792 1439 qui
823 1388 920 1424 lianc
951 1396 1177 1439 potestatem

52 1439 252 1479 obsidendi
281 1452 439 1490 corpora
468 1439 725 1478 Daemonibus
753 1440 974 1491 ademptam
1004 1455 1080 1478 esse
1110 1455 1176 1479 vo-

48 1492 131 1531 lunt
171 1501 251 1544 post
277 1492 417 1530 Christi
461 1494 676 1543 passionem
699 1517 710 1529 .
769 1492 928 1529 Frustra
976 1494 1174 1544 inquam;

50 1543 226 1585 Christus
253 1547 360 1584 enim
390 1546 489 1584 iuter
517 1544 619 1593 alia,
648 1557 737 1597 quae
754 1545 832 1582 suis
860 1545 1084 1596 discipulis,
1115 1560 1177 1582 eo-

49 1611 217 1652 rumque
257 1598 538 1639 successoribus
578 1599 679 1637 dona
726 1599 901 1650 promisit
940 1598 1044 1636 Mar.
1066 1597 1176 1638 XVI.

55 1665 120 1705 17.
149 1654 222 1692 hoe
251 1654 366 1692 etiam
395 1654 524 1707 ponit:
553 1651 614 1691 ·Ιη
642 1657 806 1690 nomine
837 1664 928 1690 meo
958 1650 1181 1691 Doemonia·

51 1708 241 1761 ejicient,
269 1708 372 1760 quod
403 1707 601 1746 manifeste
630 1707 776 1746 indicat
794 1707 952 1754 ,etiam
984 1717 1063 1758 post
1092 1721 1181 1759 ejus

55 1762 316 1800 ascensionem
344 1760 394 1800 ad
421 1761 569 1801 coelum
598 1762 746 1800 futuros
775 1759 1078 1810 Daemoniacos,
1125 1762 1180 1800 si-

49 1823 113 1855 cut
144 1817 270 1868 reipsa
299 1816 485 1854 fuerunt.

107 1869 200 1922 3²9·
230 1869 331 1907 Nam
372 1868 518 1908 similes
558 1869 807 1909 liberationes
831 1869 1180 1909 Daemoniacorum

52 1921 103 1961 ab
133 1922 322 1973 Apostolis
349 1923 466 1963 factas
495 1923 696 1973 Scriptura
725 1923 841 1962 Sacra
870 1933 1064 1963 recenset.
1096 1919 1180 1972 ,ΤΑ-

51 1983 148 2015 ctor.
172 1975 220 2014 V.
255 1975 315 2015 16.
354 1976 486 2016 Petrus
514 1978 657 2016 dicitur
685 1991 836 2016 curasse
867 1987 1018 2016 vexatos
1047 1994 1069 2017 a
1098 1980 1176 2031 spi-

50 2029 187 2069 ritibus
216 2030 455 2078 immundis5
500 2030 535 2069 8<
564 2030 674 2069 Pauli
704 2032 885 2080 sudaria,
934 2031 967 2068 δε
997 2033 1178 2071 semicin-

49 2085 126 2122 ctia
154 2085 308 2136 spiritus
336 2098 504 2138 nequam
542 2085 784 2139 expellebant
814 2087 946 2125 Actor.
964 2085 1078 2125 X1X.
1115 2099 1178 2127 ι2.

49 2136 118 2176 ubi
140 2141 254 2177 etiam
275 2149 449 2179 narratur
464 2170 476 2190 ,
504 2141 545 2179 id
574 2149 757 2179 tentatum
772 2140 888 2178 fuisse
905 2140 1177 2193 aquibusdam

49 2190 195 2232 Judaeis
224 2195 446 2243 exorcistis,
494 2193 529 2232 8<
557 2195 716 2248 quidem
744 2197 787 2232 in
815 2198 981 2232 nomine
1008 2194 1179 2234 Domini

42 2243 140 2284 Jesu
158 2276 170 2296 ,
200 2259 321 2298 quem
348 2247 500 2287 Paulus
527 2247 777 2300 praedicabat
793 2262 810 2294 ,-
836 2249 1080 2301 respondisse
1109 2263 1180 2288 au·

44 2305 122 2338 tem
150 2302 334 2354 spiritum
363 2315 558 2356 nequam:
605 2302 743 2341 Jesum
772 2306 860 2340 ηονί
877 2333 887 2351 ,
924 2305 976 2343 <9⁰
1003 2301 1178 2342 Paulum

48 2357 156 2399 εσὶος
184 2364 250 2393 νος
277 2365 416 2395 autem
446 2360 511 2408 qui
541 2356 674 2395 estis?
706 2357 834 2410 Atque
862 2357 1040 2406 additur,
1071 2359 1174 2410 quod

40 2408 229 2447 insiliens
258 2413 300 2447 in
328 2423 394 2448 eos
422 2409 567 2459 homo,
615 2414 657 2448 in
685 2424 760 2461 quo
789 2420 878 2449 erat
909 2409 1175 2450 Daemonium

46 2464 266 2510 pessimum
282 2487 340 2500 ....
368 2463 529 2500 invaluit
570 2473 714 2501 contro.
744 2478 810 2502 eos
824 2479 842 2508 ,-
888 2468 946 2502 itu.
976 2473 1017 2502 ut·
1045 2466 1142 2504 nudi
1161 2496 1176 2516 ,

48 2512 99 2554 Φ·
127 2513 322 2550 vulnerati
351 2512 574 2567 effugerent
591 2540 605 2552 .

57 2580 62 2584 ·
101 2565 198 2605 550.
225 2565 414 2606 Eamdem
444 2569 708 2606 auctoritatem
738 2566 957 2620 expellendi
986 2584 1009 2606 a
1036 2583 1177 2622 corpo-

46 2618 160 2658 ribus
184 2618 394 2659 Daemonia
422 2622 587 2674 viguisse
617 2630 743 2674 postea
772 2623 810 2658 iu
840 2621 1042 2671 Ecclesia,
1072 2626 1172 2662 testis

46 2678 114 2711 e'st·
127 2671 418 2724 Tertullianus,
447 2676 517 2727 qui
546 2675 585 2713 in
617 2688 684 2714 suo
713 2675 966 2728 Apologeeico
995 2691 1082 2730 cap.
1108 2677 1172 2716 23.

39 2727 99 2766 'ita
127 2726 292 2766 fidenter
318 2728 501 2767 Etltnicos
530 2728 786 2781 provocabat:
817 2759 842 2778 „
873 2728 1018 2768 Edatur
1048 2731 1112 2769 lu'c
1133 2746 1174 2769 a-

46 2811 76 2832 „
104 2780 222 2834 liquis
250 2781 322 2821 sub
350 2782 611 2822 tribunalibus
640 2785 799 2831 vestris,
835 2797 953 2836 quem
983 2783 1174 2823 Daemone

42 2864 77 2886 3,
106 2837 168 2888 agi
197 2845 362 2875 constet:
409 2835 536 2889 jussus
562 2852 584 2874 a
612 2837 785 2890 quolibet
813 2837 1028 2876 Christiano
1056 2840 1172 2891 spiri-

49 2917 80 2939 „
106 2897 167 2928 tus
196 2888 264 2928 ille
293 2900 370 2930 tam
391 2905 430 2930 se
449 2891 680 2930 Daemouem
707 2891 954 2931 confitebitur
982 2892 1030 2930 de
1061 2906 1171 2943 vero²

46 2970 78 2991 ‚,
106 2956 227 2997 quam
255 2943 352 2984 alibi
374 2945 501 2984 Deum
531 2945 578 2984 de
608 2945 727 2984 falso:
747 2949 774 2966 “
808 2946 907 2984 unde
937 2947 1051 2984 etiam
1082 2961 1174 2985 con-

51 2994 228 3038 eiudebat
243 3028 256 3049 ,
283 2997 474 3053 subjectas
494 3014 571 3039 esse
590 2999 818 3040 Christianis
844 3000 1064 3040 divinitates
1082 3014 1177 3054 gen·

52 3046 180 3091 tilium
196 3077 208 3092 ο

107 3100 200 3150 331·
225 3105 405 3162 Longum
445 3119 576 3149 autem
616 3110 736 3149 nimis
777 3117 896 3159 esset,

50 3158 260 3217 posteriora
286 3161 426 3210 saecula
441 3165 699 3218 percurrendo
713 3165 906 3203 ostendere
923 3195 933 3213 ,
965 3163 1063 3201 hanc
1083 3176 1171 3216 gra-

50 3219 146 3249 tiam
178 3210 368 3255 liberandi
395 3231 668 3271 energumenos
697 3233 895 3271 nunquam
925 3220 964 3256 in
995 3216 1170 3258 Ecclesia.

49 3264 260 3305 defecisse.
290 3267 340 3306 Et
367 3283 588 3325 quanquam
618 3285 690 3311 non
720 3273 750 3311 is
779 3286 848 3325 ego
875 3287 960 3311 sum
978 3303 989 3321 ,
1027 3273 1096 3324 qui
1125 3285 1168 3310 o-

48 3320 188 3369 mnia,
236 3334 326 3373 quae
354 3322 402 3360 de
429 3325 585 3365 obsessis
614 3335 848 3376 narrantur,
895 3327 1057 3379 probare
1085 3327 1167 3365 siue

47 3370 196 3414 delectu
225 3375 371 3426 velim,
408 3385 473 3417 aut
499 3381 640 3431 possim
657 3410 669 3430 ,
716 3378 817 3421 illud
845 3390 972 3421 tamen
1003 3380 1166 3420 certissi-

945 3121 1014 3163 per
1041 3110 1178 3149 omnia

2251 133 2308 180 43

1256 218 1365 243 mum
1396 213 1476 251 est,
1505 211 1732 242 constantem
1753 235 1763 254 ,
1804 205 1839 242 8(
1868 205 2124 245 universalem
2154 217 2371 248 sanctornm

1256 258 1441 306 Patrum,
1471 267 1583 310 atque
1614 261 1725 296 etiam
1758 259 1932 297 fidelium
1963 262 2246 312 persuasionem
2278 264 2370 300 suis-

1253 327 1319 360 se,
1349 315 1476 364 primo
1507 312 1709 349 Daemones
1739 313 1819 350 Deo
1849 315 2090 367 permittente
2116 328 2276 369 corpora
2304 315 2371 354 ho-

1251 369 1405 405 minum
1436 366 1634 404 obsidere:
1682 368 1847 404 secundo
1889 384 1965 406 esst·
1995 371 2036 407 iu
2066 368 2240 409 Ecclesia
2268 379 2373 424 pote—

1252 429 1384 459 statem
1416 420 1564 457 eosdem
1595 433 1615 457 e
1643 421 1864 472 corporibus
1894 421 2136 473 expellendi.

1306 475 1399 513 532.
1431 473 1515 511 Huc
1546 473 1660 511 etiam
1689 483 1854 526 spectant
1895 477 2125 525 exorcismi,
2173 477 2318 529 quibus
2347 492 2371 517 a

1249 529 1389 581 primis
1433 542 1553 580 usque
1595 527 1830 580 temporibus
1871 530 1918 567 ad
1960 530 2165 581 abigendas
2213 532 2371 571 insidias

1250 583 1485 621 Daemonum
1517 581 1691 620 Ecclesia
1727 595 1875 633 semper
1918 597 1982 621 usa
2012 595 2086 623 est:
2133 583 2167 621 ἃ
2209 583 2260 622 ab
2289 588 2371 634 ipso

1249 636 1448 675 Ecclesiae
1477 639 1587 673 initio
1619 637 1827 674 Exorcistae
1859 650 2019 685 noinen,
2050 638 2083 674 ἃ
2114 639 2370 677 ministerium

1250 692 1367 729 fuisse
1395 691 1525 728 asserit
1553 689 1801 728 Sacrosancta
1830 690 2054 730 Tridentino.
2073 692 2247 745 Synodus
2267 693 2368 732 sess.

1250 744 1399 783 XXlll.
1428 758 1515 796 cap.
1539 757 1577 782 2.

1304 798 1398 838 353.
1429 797 1527 849 Obj.
1554 799 1709 850 primo.
1736 798 1836 847 Quae
1857 813 1879 837 a
1897 802 2010 839 sacris
2030 799 2284 851 Evangelistis
2311 813 2371 838 re·

1248 854 1425 891 feruntur
1453 853 1501 891 de
1543 856 1739 891 curatione
1769 853 2135 902 Doernonirwormri,
2186 863 2370 905 possunt,

1247 906 1285 944 &
1312 906 1451 945 debent
1483 907 1643 959 intelligi
1673 908 1721 945 all
1752 917 1920 946 mentem
1949 909 2103 948 rudium
2123 908 2371 956 Judaeorum,

1247 963 1350 1013 apud
1380 975 1474 1014 quos
1503 960 1728 1013 pervulgata
1757 971 1836 1000 erat
1854 964 2012 1014 opinio,
2040 975 2175 1000 onmes
2202 962 2281 999 sere
2311 963 2369 1000 in·

1246 1015 1449 1054 firmitates
1493 1029 1570 1054 esse
1599 1030 1619 1053 a
1651 1015 1864 1063 Daemone5
1913 1030 2030 1067 quam
2061 1015 2198 1054 falsam
2236 1029 2371 1054 eorum

1245 1071 1468 1121 opinionem
1497 1069 1697 1118 Christus,
1728 1070 1760 1106 8<
1795 1071 1962 1122 Apostoli
1992 1071 2207 1109 convellere
2237 1069 2369 1108 nolue-

1245 1133 1357 1171 runt,
1404 1125 1498 1177 quia
1526 1124 1559 1160 8<
1606 1125 1685 1175 ipsit
1716 1125 1944 1162 inserviebat
1985 1126 2033 1162 ad
2074 1125 2249 1162 divinam
2277 1123 2368 1161 Jesu

1242 1177 1386 1216 Christi
1411 1188 1627 1230 potestatem
1646 1179 1765 1229 magis
1782 1208 1792 1226 ,
1823 1179 2022 1230 magisque
2036 1177 2369 1215 confirmandam.

1244 1232 1286 1270 S.
1318 1231 1609 1285 Hieronymus,
1659 1234 1727 1285 qni
1757 1241 1875 1269 totam
1903 1232 1981 1270 fere
2010 1245 2121 1270 suam
2150 1240 2302 1268 aetatem
2332 1231 2370 1268 in

1244 1285 1368 1323 studio
1396 1285 1485 1324 Sac.
1520 1287 1750 1324 Litterarum
1787 1287 2051 1338 consumpsit,
2099 1284 2259 1333 Multa,
2307 1285 2369 1322 in-

1244 1339 1328 1390 quit
1358 1339 1398 1376 in
1428 1353 1463 1376 c.
1485 1338 1675 1377 XXVln.
1703 1339 1911 1388 (lemniae,
1950 1344 1991 1377 in
2022 1338 2236 1392 Scripturis
2265 1337 2370 1376 San-

1243 1396 1315 1430 ctis
1362 1391 1544 1429 dicuntur
1568 1394 1694 1443 juxta
1735 1397 1966 1443 opinionem
2005 1394 2106 1431 illius
2148 1395 2368 1443 temporis,

1244 1459 1318 1495 quo
1347 1457 1464 1498 gesta
1494 1444 1750 1498 referuntur,
1797 1447 1846 1487 ἐν
1876 1460 1957 1483 ηοη
1982 1448 2107 1497 juxta
2136 1446 2239 1496 quoii
2268 1449 2368 1483 veri-

1243 1508 1309 1536 tas
1339 1499 1595 1538 continebat.
1637 1499 1735 1538 Vide
1766 1502 1879 1537 etiam
1912 1502 1949 1538 iu
1979 1498 2120 1539 Manli.
2148 1514 2236 1552 cap.
2257 1498 2372 1539 XlV.

1245 1552 1292 1589 ad
1323 1567 1419 1590 vers.
1442 1554 1480 1590 ὅ.
1511 1563 1638 1591 contra
1670 1553 1927 1592 Helvidium.

1301 1605 1393 1650 554.
1427 1605 1540 1655 Resp.
1569 1621 1792 1658 quanquam
1822 1607 2023 1655 Christus,
2067 1605 2227 1659 ejusque
2259 1607 2363 1658 Ape-

1245 1657 1332 1697 stoli
1361 1661 1557 1711 potuerint
1585 1658 1702 1697 falsas
1727 1662 1941 1710 quasdam,
1971 1660 2202 1699 &innocuis
2219 1661 2369 1711 Judaeo-

1246 1714 1565 1765 rum.opiuiones
1593 1712 1785 1760 tolerare,
1827 1711 1904 1750 non
1931 1722 2058 1750 tamen
2100 1727 2165 1751 eos
2203 1717 2370 1766 potuisse

1247 1767 1398 1806 easdem
1430 1766 1542 1805 falsas
1583 1766 1784 1819 opiniones
1815 1767 1893 1804 suis
1926 1764 2213 1815 locutionibus,
2256 1777 2370 1820 atque

1245 1821 1462 1860 actionibus
1489 1820 1722 1859 confirmare
1740 1847 1750 1858 .
1781 1819 1953 1858 Profecto
1980 1819 2132 1873 aliquid
2151 1819 2242 1874 plus
2268 1831 2369 1870 erat,

1245 1889 1366 1929 quam
1395 1875 1557 1913 tolerare
1585 1874 1725 1913 falsam
1755 1874 2096 1912 Daemoniacorum
2124 1876 2369 1927 opinionem,

1245 1939 1322 1968 tam
1353 1943 1458 1981 saepe
1486 1939 1655 1982 repetere
1670 1929 1878 1968 Daemones
1907 1929 2023 1967 fuisse
2044 1928 2093 1967 ab
2124 1930 2178 1967 eis
2205 1928 2368 1980 ejectos.

1246 1983 1295 2023 Et
1324 1985 1425 2037 quod
1455 1983 1582 2022 adhuc
1610 1983 1698 2036 plus
1726 1992 1809 2031 est,
1852 1982 1987 2034 jubere
2016 1983 2299 2031 Daemonibus,
2331 1993 2373 2022 ut

1247 2054 1270 2077 a
1298 2039 1525 2091 corporibus
1554 2040 1732 2086 exirent,
1775 2038 1926 2075 eosdem
1955 2038 2156 2088 inc-reparo
2174 2067 2184 2085 ,
2223 2038 2303 2075 imo
2331 2037 2367 2074 St

1245 2105 1381 2131 eorum
1411 2092 1659 2145 petitionibus
1685 2104 1882 2139 annuere,
1912 2100 1954 2128 ut
1979 2091 2131 2142 quando
2146 2090 2370 2130 facultatem

1244 2146 1492 2186 obtinuerunt
1522 2146 1688 2184 intrandi
1717 2147 1760 2183 in
1787 2158 1941 2198 gregem
1956 2157 2190 2197 porcorum.
2220 2144 2291 2184 His
2309 2158 2368 2183 sa-

1245 2214 1293 2240 ne
1323 2201 1504 2239 omnibus
1532 2214 1609 2239 non
1628 2199 1866 2238 tolerabatur
1883 2199 2030 2247 solum,
2060 2200 2123 2237 sed
2144 2197 2257 2250 plane
2277 2211 2367 2237 con-

1246 2254 1478 2294 firmabatur
1507 2253 1698 2307 majorem
1726 2254 1769 2291 in
1791 2253 1950 2291 modum
1979 2254 2199 2291 communis
2212 2252 2232 2291 J
2240 2254 2369 2291 udaeo-

1246 2322 1335 2348 rum
1362 2310 1494 2362 opinio
1522 2309 1568 2347 de
1597 2307 1800 2360 spiritibus
1828 2306 1946 2345 malis
1973 2306 2178 2345 homiuum
2206 2319 2368 2359 corpora

1247 2363 1540 2409 obsidentibus3
1588 2375 1677 2415 quae
1707 2363 1739 2400 si
1782 2361 1899 2410 falsa,
1943 2360 1977 2397 ἃ
2008 2374 2163 2400 erronea
2207 2361 2366 2408 fuisset,

1242 2416 1396 2456 Christo
1425 2419 1564 2466 etiam,
1606 2416 1767 2470 ejusque
1796 2414 1990 2470 Apostolis
2019 2428 2123 2454 error
2150 2414 2271 2453 tribui
2300 2415 2368 2452 de-

1242 2471 1380 2511 beret.

1298 2525 1392 2564 335.
1421 2525 1570 2564 Eodem
1599 2538 1708 2564 sensu
1739 2524 1904 2578 intelligi
1941 2524 2052 2563 debet
2080 2536 2201 2562 canon
2228 2521 2295 2560 ille
2322 2520 2367 2561 S.

1242 2578 1498 2629 Hieronymi,
1529 2577 1675 2616 scilicet
1704 2579 1751 2616 de
1780 2592 1878 2628 pura
1907 2577 2107 2615 tolerantia
2135 2577 2364 2627 opinionum

1244 2629 1457 2675 salsarum3
1487 2642 1562 2666 non
1581 2639 1711 2667 autem
1743 2630 1789 2665 de
1808 2629 2032 2666 earumdem
2062 2628 2249 2665 falsarum
2277 2629 2364 2680 opi·

1242 2684 1404 2722 nionum
1435 2682 1752 2720 confirmatione:
1796 2681 2126 2733 quemadmodum
2155 2683 2196 2718 in
2227 2694 2266 2718 re
2297 2693 2365 2719 no·

1243 2745 1318 2775 stra
1347 2737 1589 2788 contigisset,
1632 2736 1663 2774 si
1692 2734 1866 2773 Christus
1893 2734 2081 2773 Dominus
2120 2734 2362 2785 simulasset,

1241 2803 1278 2828 se
1307 2789 1448 2837 eiicere
1478 2789 1685 2828 Daemonia
1704 2819 1714 2837 ,
1743 2802 1831 2840 quie
1862 2788 1972 2826 nulla
1998 2797 2106 2827 erant
2124 2814 2137 2827 .

1297 2843 1389 2884 556.
1420 2843 1561 2882 Dices.
1593 2843 1766 2882 Fortasse
1795 2841 1854 2881 illi
1885 2842 2129 2881 Doemoniaci
2159 2852 2264 2881 erant
2286 2843 2359 2896 hy·

1241 2898 1488 2950 pocondriaei
1506 2928 1516 2946 ,
1547 2898 1581 2933 δε
1611 2898 1804 2945 maniaci,
1848 2897 1916 2950 qui
1945 2912 1968 2935 a
1997 2896 2252 2936 Dae-monibus
2282 2912 2360 2936 sese

1242 2953 1411 2991 obsessos
1439 2951 1665 2996 credebant5
1694 2950 1836 3002 quibus
1857 2959 2055 3004 propterea
2074 2951 2254 2990 curandis
2274 2951 2360 2990 nul-

1241 3004 1330 3045 lum
1356 3006 1481 3057 aptius
1508 3004 1724 3043 remedium
1753 3005 1919 3044 inveniri
1948 3013 2119 3058 poterat,
2161 3019 2280 3058 quam
2308 3007 2361 3045 si·

1242 3059 1415 3108 mulare,
1445 3071 1505 3096 eos
1533 3073 1554 3096 a
1584 3058 1838 3098 Daeinonibus
1865 3071 1944 3098 esse
1974 3057 2174 3098 liberatos.
2211 3059 2358 3111 Hujus—

1242 3114 1346 3152 modi
1378 3112 1522 3152 artibus
1551 3111 1599 3151 ad
1642 3111 1970 3165 liypocondriacos
2012 3113 2202 3152 curandos
2242 3114 2359 3167 periti

1243 3167 1391 3206 Medici
1421 3180 1523 3217 sir-pe
1553 3165 1718 3204 feliciter
1747 3168 1805 3205 usi
1834 3175 1952 3206 sunt.

1292 3221 1383 3271 537.
1417 3219 1529 3271 liesp.
1552 3220 1799 3260 Adversarios
1827 3221 2003 3274 exemplo
2018 3220 2262 3260 Medicorum
2281 3221 2353 3258 hac

1235 3275 1277 3313 in
1307 3288 1346 3312 re
1391 3287 1595 3325 perperam
1622 3274 1758 3313 abuti.
1815 3274 1962 3327 Medici
2006 3276 2109 3314 enim
2139 3277 2185 3314 ad
2226 3273 2354 3324 expel-

1234 3327 1364 3366 lendos
1422 3327 1571 3366 morbos
1633 3329 1814 3368 remediis
1871 3339 2028 3368 utuntur
2078 3328 2313 3368 naturalibus
2337 3351 2350 3364 .

1232 3382 1317 3422 Sed,
1335 3380 1516 3425 Christus
1537 3383 1726 3424 Dominus
1755 3383 1932 3424 infirmos
1973 3383 2105 3425 divina
2147 3395 2215 3420 sua
2244 3390 2350 3430 pote-

2224 3442 2300 3473 sta-
