2583 3685
1009 195 1090 244 DE
1123 199 1228 246 DIE
1260 196 1526 244 SEPTIMA
1547 230 1559 242 .

208 285 299 328 255.
326 279 472 326 Restat,
510 285 550 316 ut
578 277 750 317 dicamus
780 278 826 317 de
855 279 1150 318 sanctificatione
1179 280 1256 318 diei

154 342 350 394 neptium,
395 346 485 385 quae
522 333 750 384 exprimitur
780 334 826 371 iis
856 334 983 372 verbis
1011 334 1109 372 Gen.
1139 335 1188 371 ll.
1219 333 1259 372 3.

153 394 208 435 Eg
234 386 429 429 benedixit
449 385 526 423 diet
544 390 735 436 septimo,
765 386 814 427 (θ’
835 387 1099 440 sanctificat-it
1128 387 1259 425 illum..

149 447 329 488 Putarum
357 439 507 492 aliqui,
554 448 644 477 tunc
687 439 808 478 latum
854 441 968 479 fnisse
996 456 1018 479 a
1049 440 1130 477 Deo
1159 453 1258 491 prae-

147 506 298 551 ceptum
326 493 482 532 sabbata
510 493 770 532 sanctificandi
789 524 799 541 ‚
830 504 868 531 nt
895 494 1052 548 proinde
1082 493 1141 530 lex
1173 492 1259 530 Mo-

142 552 271 598 caica,
300 561 388 601 quae
419 545 556 599 legitur
587 546 707 585 Exodi
739 547 829 586 XX.
859 548 898 585 8.
928 546 1168 592 Memento,
1216 553 1258 582 ut

145 604 252 644 diem
281 600 434 641 sabbati·
462 599 718 649 sanctifices,
748 614 822 640 non
854 601 967 638 suerit
998 601 1066 636 nisi
1097 599 1257 650 primae-

143 660 184 699 vi
213 657 318 696 istius
360 655 542 707 praecepti
584 656 778 705 renovatio
807 655 898 705 (a).
945 652 986 690 S.
1017 648 1186 690 Thomas
1218 665 1255 690 2.

143 723 183 752 2.
211 724 250 762 q.
277 722 365 747 ¹22.
394 716 464 746 art.
487 707 524 752 4.
556 736 582 755 „
613 708 738 755 Quia,
774 707 925 759 inquit,
955 714 1148 757 praecepta
1178 705 1256 742 De-

200 763 258 801 cal
313 764 323 800 i
354 769 441 800 sunt
469 762 576 812 quasi
607 760 784 812 quaedam
815 760 968 811 prima,
1016 757 1051 794 8(
1079 770 1255 796 commn-

137 846 170 869 3,
199 819 264 855 nia
308 816 385 867 egis
414 813 631 866 principia,
663 814 746 851 ideo
773 813 811 850 in
832 813 938 849 tertio
967 812 1158 863 praecepto
1180 812 1254 850 De-

140 901 169 922 „
198 869 321 920 calogi
349 867 574 920 praecipitur
602 867 765 904 exterior
791 864 866 902 Dei
895 862 1021 903 cultus
1049 866 1121 904 sub
1149 866 1256 918 signo

142 954 170 975 ,‚
198 921 411 962 communis
438 919 644 967 beneficii,
673 917 775 971 quod
795 919 957 970 pertinet
986 919 1033 956 ad
1065 918 1255 968 homines,

139 1006 170 1028 ,‚
198 975 343 1015 scilicet
368 973 417 1011 ad
444 971 792 1023 repraesentandum
814 985 910 1024 opus
930 973 1126 1010 creationis
1146 986 1257 1011 mun·

139 1060 169 1080 ,‚
197 1029 236 1068 di
253 1058 265 1078 ,
293 1042 317 1066 a
343 1037 421 1079 quo
448 1025 679 1077 requievisse
705 1025 845 1063 dicitur
866 1025 969 1064 Deus
986 1027 1148 1076 septima
1167 1026 1258 1073 die3

138 1112 166 1133 „
194 1084 233 1121 in
259 1078 372 1132 cujus
398 1079 550 1130 signum
579 1079 658 1117 dies
686 1080 848 1130 septima
877 1079 1078 1117 mandatur
1118 1081 1257 1119 sancti-

135 1159 169 1186 „
198 1133 376 1181 ficanda,
422 1131 517 1170 idest
558 1131 776 1182 deputanda
818 1132 866 1170 ad
895 1133 1110 1170 vacandum
1141 1133 1223 1171 Deo
1244 1159 1256 1171 .

139 1217 167 1238 ‚‚
196 1187 244 1225 Et
271 1187 357 1225 ideo
385 1183 508 1224 Exodi
538 1184 633 1223 XX.
667 1198 728 1223 ti.
759 1187 958 1237 praeniisso
987 1195 1179 1238 praecepto
1206 1187 1253 1224 de

134 1270 167 1291 >„
194 1238 494 1279 sanctificatione
521 1238 697 1286 sabbati,
745 1240 955 1290 assignatur
996 1240 1113 1287 ratio,
1160 1241 1253 1292 quia

133 1306 210 1334 sex
237 1292 369 1332 diebus
385 1290 493 1343 fecit
512 1290 624 1329 Deus
651 1292 796 1328 caelum
812 1321 823 1340 ,
852 1292 901 1332 ὠ·
930 1300 1086 1331 terram
1102 1322 1113 1341 ,
1143 1294 1191 1334 (9·
1210 1297 1251 1331 in

128 1351 309 1400 septima
338 1345 402 1384 die
429 1348 613 1395 requievit
630 1347 655 1365 “
674 1369 686 1382 .

189 1398 282 1439 256.
310 1399 496 1437 observat
524 1399 677 1450 insuper
699 1396 902 1449 Angelicus
923 1399 962 1436 in
991 1412 1089 1451 resp.
1119 1400 1165 1438 ad
1195 1413 1252 1448 1.,

132 1461 372 1507 praeceptum
399 1450 710 1491 sanctificationis
729 1451 877 1489 sabbati
899 1465 975 1489 esse
988 1456 1136 1501 partim
1167 1466 1251 1490 mo-

132 1507 247 1554 rale,
274 1508 423 1556 partim
451 1513 589 1540 autem
609 1504 894 1541 caeremoniale
911 1530 921 1542 .
952 1534 979 1552 „
1002 1504 1150 1542 Morale
1167 1507 1252 1557 qui-

141 1589 169 1610 „
199 1560 286 1597 dem
316 1564 398 1606 est,
444 1553 631 1608 q'uantum
661 1555 709 1592 ad
738 1555 832 1603 hoc,
861 1557 962 1606 quod
991 1555 1106 1596 homo
1133 1558 1252 1609 depu-

135 1642 164 1663 ‚,
193 1620 243 1651 tat
271 1607 428 1662 aliquod
457 1616 608 1660 tempus
636 1609 727 1646 vitae
756 1621 836 1646 suae
873 1609 920 1646 ad
951 1609 1163 1647 vacandum
1194 1611 1251 1649 di-

133 1678 163 1716 „
190 1665 345 1704 vinis...
373 1661 449 1701 Sed
476 1662 707 1715 inquantum
736 1662 778 1699 in
809 1660 878 1699 hoc
908 1671 1102 1714 praecepto
1130 1663 1250 1700 deter-

131 1748 162 1770 „
188 1719 361 1757 minatur
405 1716 570 1768 special-e
610 1724 761 1767 tempus
789 1715 828 1753 in
870 1716 1021 1766 signum
1050 1718 1251 1754 creationis

132 1801 162 1822 „
191 1771 326 1810 mundi
343 1800 354 1818 ,
382 1770 437 1808 sic
466 1777 518 1808 est
538 1777 776 1821 praeceptum
804 1768 1100 1807 caeremoniale.
1130 1769 1250 1808 Simi-

134 1846 164 1876 „
191 1824 277 1863 liter
305 1824 419 1862 etiam
449 1822 716 1861 caeremoniaie
744 1830 797 1859 est
825 1822 1036 1860 secundum
1073 1822 1251 1874 allegori-

130 1906 163 1928 „
189 1891 275 1916 cam
304 1875 647 1928 significationem,
689 1883 801 1926 prout
830 1875 903 1913 fuit
931 1877 1084 1928 signum
1112 1878 1251 1928 quietis

135 1960 165 1981 „
192 1930 332 1968 Christi
363 1930 402 1966 io
429 1926 632 1980 sepulcro,
674 1939 763 1980 quae
793 1928 865 1966 fuit
893 1931 1054 1981 septima
1082 1929 1167 1968 die:
1215 1929 1250 1967 ἃ

137 2013 168 2034 ‚,
195 1982 372 2021 similiter
413 1981 624 2020 secundum
667 1980 853 2019 moralem
896 1982 1249 2033 significationem,

134 2066 164 2087 „
193 2043 305 2089 prout
332 2033 520 2087 significat
564 2036 808 2073 cessationem
835 2033 887 2072 ab
913 2037 1018 2074 omni
1047 2045 1133 2074 actu
1163 2050 1251 2089 pec-

135 2119 165 2140 „
193 2089 294 2137 cari,
322 2085 357 2124 ἃ
385 2088 552 2140 quietem
580 2088 719 2126 mentis
747 2087 788 2125 in
815 2087 926 2126 Deo.
962 2087 1013 2126 Et
1039 2091 1251 2128 secundum

133 2172 163 2193 „
193 2140 265 2180 hoc
291 2140 573 2194 quodammodo
598 2149 651 2179 est
679 2149 915 2194 praeceptum
942 2142 1118 2194 generale
1135 2170 1145 2182 .
1189 2143 1252 2182 Si·

134 2223 164 2246 „
192 2194 337 2234 militer
362 2196 478 2233 etiam
505 2194 776 2233 caeremoniale
816 2203 871 2233 est
899 2196 1107 2235 secundum
1137 2198 1251 2248 signi-

132 2275 163 2299 „
190 2246 408 2286 ficationem
437 2249 706 2301 anagogicam,
752 2257 864 2301 prout
893 2249 1038 2288 scilicet
1065 2250 1249 2303 praefigu-

130 2330 161 2352 ‚,
187 2309 244 2340 rat
261 2302 430 2354 quietem
453 2301 644 2341 fruitionis
659 2300 732 2340 Dei
750 2331 762 2350 ‚
791 2315 881 2355 quae
903 2303 975 2341 erit
995 2305 1034 2341 in
1057 2306 1182 2356 patria
1198 2307 1249 2342 “-

188 2355 280 2407 257.
308 2354 379 2393 His
406 2354 575 2394 breviter
602 2368 647 2393 ex
675 2354 717 2393 S.
738 2354 890 2393 Thoma
917 2355 1117 2405 delibatis,
1148 2370 1249 2409 prae-

130 2407 248 2461 eipua
286 2420 518 2461 exponamus
561 2408 809 2447 fundamenta
851 2422 983 2448 eorum
1025 2412 1216 2462 opinionis
1235 2438 1248 2460 ,

130 2462 202 2515 qui
229 2470 368 2512 negant
387 2490 400 2508 ,
447 2461 486 2498 in
513 2461 704 2511 primaeva
732 2461 800 2500 illa
841 2462 989 2501 sabbati
1017 2463 1250 2503 benedictio-

131 2527 211 2562 ne,
238 2513 274 2549 δε
301 2512 599 2551 sanctificatione
628 2514 742 2550 fuisse
769 2523 990 2552 contentum
1018 2516 1118 2555 illud
1148 2519 1248 2568 prae·

133 2579 180 2605 ce
208 2574 290 2604 tum
319 2562 498 2603 Sabbata
525 2563 784 2618 sanctifices,
820 2567 922 2616 quod
951 2576 1078 2618 postea
1106 2569 1249 2620 populo

133 2579 317 2657 hebraico
342 2617 497 2666 datum,
525 2626 640 2670 atque
658 2617 920 2656 efficacissime
939 2620 1248 2659 commendatum

134 2672 305 2716 scimus3
333 2683 556 2761 quanguam
585 2683 662 2708 non
691 2681 852 2722 negant,
900 2671 1028 2710 Deum
1059 2673 1097 2710 in
1128 2673 1249 2710 feren—

130 2724 182 2763 da
209 2723 292 2775 lege
318 2724 435 2762 sancti
470 2724 629 2761 cationis
657 2723 806 2762 sabbati
835 2726 1019 2762 rationem
1050 2727 1162 2763 etiam
1185 2726 1251 2763 lia-

132 2777 260 2817 baisse
275 2777 412 2829 primae
430 2775 535 2815 illius
549 2776 822 2816 benedictionis
835 2807 846 2825 ‚
867 2777 901 2814 ἃ
918 2777 1228 2817 sanctificationis
1239 2804 1251 2818 .

187 2829 281 2870 258.
311 2830 407 2868 Haec
434 2838 560 2869 autem
588 2832 771 2870 sententia
791 2840 919 2884 aperte
947 2833 1104 2885 omnino
1133 2833 1246 2871 tradi-

135 2891 200 2924 tur
226 2884 267 2923 in
295 2885 412 2923 sacris
438 2882 574 2922 litteris
590 2913 602 2932 ,
629 2897 719 2936 quae
748 2884 842 2923 duos
869 2884 979 2924 nobis
1008 2885 1247 2924 manifestant

133 2934 251 2990 hujus
276 2936 373 2991 legis
397 2937 603 2977 condendae
630 2937 748 2989 fines,
789 2939 919 2992 primo
947 2947 987 2978 ut
1015 2938 1184 2992 populus
1210 2939 1246 2978 1-

143 784 171 816 θ’,

182 3103 229 3139 (α)
253 3099 376 3137 Franc-
394 3103 567 3139 Gomarns
580 3105 672 3139 inter
691 3105 904 3140 Calvinistas
922 3105 1044 3150 Belgas
1059 3103 1247 3140 admodum

137 3146 286 3180 celebris
311 3150 345 3180 ἃ
367 3150 609 3185 Gomaristicae
624 3153 732 3186 Sectae
747 3153 993 3197 antesignanus
1008 3153 1042 3185 in
1067 3164 1167 3197 opere
1196 3153 1249 3185 in-

138 3192 304 3237 scriptae⁴
332 3191 555 3240 investigatio
579 3203 731 3244 originis
757 3200 887 3233 subbati
913 3199 1054 3243 negavit
1073 3221 1085 3240 ,
1110 3197 1246 3232 sabbati

137 3238 281 3273 Festum
307 3238 412 3273 fuisse
436 3253 455 3273 a
476 3242 548 3277 Deo
571 3246 718 3289 septima
744 3244 799 3278 die
819 3246 1048 3286 institutum,
1074 3257 1149 3290 qnae
1170 3256 1249 3278 sen-

136 3284 248 3319 tentia
272 3297 352 3318 cnm
366 3285 410 3319 ab
434 3285 509 3331 ejus
521 3291 656 3323 muniis
672 3291 793 3325 suisset
810 3290 923 3325 valide
937 3293 1140 3338 impugnata
1152 3313 1163 3331 ‚
1187 3303 1248 3334 po-

137 3338 212 3365 stea
230 3329 338 3364 edidit
353 3330 597 3376 Defensionem
613 3335 920 3381 Investigationis;
947 3348 1050 3383 atque
1069 3337 1110 3372 de
1129 3338 1193 3370 hac
1210 3348 1246 3370 re

138 3375 206 3410 fuit
217 3375 279 3411 diu
291 3399 303 3418 ,
327 3381 359 3410 δι
374 3379 502 3412 acriter
516 3380 605 3413 inter
617 3381 983 3426 psemlo—Reformatos
1008 3384 1226 3429 disputatum
1241 3405 1250 3415 .

139 3421 292 3460 Gomam
316 3426 538 3461 consentiunt
562 3426 616 3462 Jo.
642 3428 834 3473 spencerus
855 3431 902 3466 de
915 3431 1066 3477 Legibus
1090 3430 1249 3466 Hebrae-

1323 279 1535 317 sraeliticus
1564 290 1630 329 per
1659 277 1939 316 observantiam
1967 278 2043 317 diei
2073 277 2223 319 sabbati
2251 294 2274 318 a
2303 285 2435 320 ceteris

1325 331 1542 370 nationibus
1569 332 1886 381 distingueretur;
1931 333 2093 370 secundo
2123 342 2161 371 ut
2191 335 2345 386 insignis
2374 335 2439 373 be-

1327 384 1455 423 neficii
1486 384 1600 436 paulo
1629 393 1737 422 antea
1759 386 1930 436 accepti,
1963 386 2105 424 scilicet
2133 386 2370 427 liberationis
2390 388 2440 426 ab

1326 438 1548 490 AEgyptiaca
1576 439 1754 483 servitute
1775 468 1786 485 ,
1815 438 1944 489 jugem
1975 439 2007 474 ἅ
2027 449 2171 490 gratam
2202 451 2440 480 conservaret

1326 492 1582 536 memoriam3
1611 492 1679 544 qni
1709 501 1808 528 certe
1836 492 1912 528 duo
1941 491 2035 529 sines
2065 494 2112 530 ad
2143 496 2312 544 primum
2343 495 2441 534 illud

1326 553 1475 597 tempus
1497 545 1755 582 Adamiticum
1788 546 1973 596 pertinere
1995 546 2212 586 nullatenus
2241 557 2440 600 poteraut,

1324 598 1389 636 sed
1418 597 1542 636 solum
1571 599 1619 636 ad
1648 607 1821 650 tempora
1849 597 2040 636 Mosaica,

1381 652 1472 704 259.
1502 651 1550 689 Et
1580 651 1706 703 primo
1734 651 1850 689 finem
1880 651 2131 691 distinctionis
2162 653 2294 706 populi
2316 655 2439 693 lsrae-

1323 703 1423 743 litici
1453 720 1474 742 a
1504 706 1638 743 ceteris
1668 704 1883 742 nationibus
1904 707 2146 744 manifestant
2175 722 2219 745 ea
2250 709 2366 747 verba
2387 707 2437 747 E-

1323 759 1411 796 xodi
1442 757 1592 797 XXXI.
1628 759 1689 797 ¹3.
1719 772 1798 810 seq.
1827 757 1966 809 quibus
1997 758 2148 811 Moyses
2178 764 2333 799 nomine
2364 762 2439 800 Do-

1325 813 1418 849 mini
1449 812 1522 851 Dei
1554 812 1603 849 ita
1634 811 1733 850 filios
1765 810 1877 848 lsrael
1901 811 2086 850 allocutus
2116 824 2189 851 est:
2221 843 2248 862 „
2284 814 2439 864 Videte,

1325 894 1352 914 ‚,
1384 874 1421 902 ut
1450 864 1650 903 sabbatum
1694 878 1824 902 meum
1854 866 2104 910 custodiati25
2150 869 2243 918 quia
2290 869 2440 918 signum

1325 948 1351 968 „
1381 926 1433 956 est
1463 920 1560 957 inter
1589 933 1678 966 me,
1720 918 1754 954 ἃ
1784 931 1848 955 vos
1878 919 1914 955 in
1944 921 2248 969 generationibus
2277 923 2438 967 vestris5

1325 1001 1352 1021 „
1382 980 1423 1009 ut
1451 973 1605 1020 sciat'u,
1647 973 1740 1025 quia
1770 984 1838 1022 ego
1867 971 2083 1019 Dominus,
2132 975 2200 1026 qui
2243 974 2439 1012 sanctifico

1326 1051 1353 1074 ,-‚
1382 1038 1446 1063 vos
1467 1052 1523 1065 ....
1552 1026 1775 1063 Custodiam
1806 1024 1879 1062 filii
1909 1025 2024 1063 lsrael
2055 1026 2285 1075 sabbatum,
2314 1026 2349 1063 ἃ
2378 1041 2439 1066 ce-

1325 1108 1352 1128 ,‚
1383 1078 1526 1117 lebrent
1556 1079 1653 1117 illud
1684 1081 1722 1117 in
1751 1079 2060 1130 generationibus
2079 1081 2180 1118 suis.
2212 1079 2369 1119 Pactum
2390 1090 2442 1121 est

1324 1161 1351 1181 ,‚
1380 1134 1653 1184 sempiternum
1685 1134 1782 1170 inter
1812 1147 1900 1180 ine,
1931 1132 1965 1168 ἂ
1996 1132 2096 1170 filios
2126 1133 2260 1171 lsrael:
2309 1148 2372 1173 sex
2402 1149 2440 1173 e-

1323 1214 1349 1235 „
1378 1187 1463 1224 nim
1491 1185 1626 1224 diebus
1656 1186 1745 1223 fecit
1775 1185 1964 1223 Dominus
1992 1185 2137 1223 coeluin
2156 1216 2167 1233 ,
2206 1186 2239 1222 ἃ
2268 1196 2409 1226 terram
2430 1215 2442 1237 ,

1322 1268 1347 1288 „
1378 1238 1412 1275 &
1442 1241 1482 1277 in
1511 1240 1674 1290 septimo
1703 1238 1751 1276 ab
1771 1251 1888 1290 opere
1915 1239 2101 1276 cessavit.
2133 1238 2351 1282 Ezechielis
2369 1254 2439 1290 pa-

1321 1322 1348 1341 „
1378 1296 1473 1331 riter
1500 1291 1595 1330 XX.
1630 1306 1691 1330 12.
1721 1292 1890 1331 Sabbata
1916 1305 2003 1329 mea
2030 1291 2118 1329 dedi
2148 1294 2224 1341 eis,
2254 1301 2293 1330 ut
2324 1301 2442 1333 essent

1322 1375 1348 1394 „
1378 1347 1530 1397 siguum
1561 1348 1657 1384 inter
1687 1359 1775 1393 ine,
1805 1346 1840 1382 ἆ
1871 1358 1931 1384 eos
1949 1374 1960 1393 ,
1989 1345 2024 1382 ἃ
2053 1347 2192 1384 scirent
2210 1376 2220 1394 ,
2250 1347 2343 1400 quia
2372 1360 2440 1399 ego

1323 1428 1348 1447 „
1377 1398 1567 1437 Dominus
1595 1398 1835 1437 sanctificans
1862 1411 1951 1436 eos.
1981 1397 2037 1435 Et
2067 1411 2166 1437 vers.
2199 1413 2263 1439 20.
2293 1399 2441 1439 Sabba-

1322 1481 1348 1500 ,‚
1379 1461 1415 1490 ta
1444 1465 1528 1490 inea
1558 1451 1820 1499 sanctificate,
1867 1460 1908 1488 ut
1935 1453 2007 1489 sint
2037 1453 2189 1503 signum
2217 1455 2316 1500 „inter
2345 1468 2407 1492 me
2428 1483 2440 1503 ‚

1322 1535 1349 1554 „
1380 1504 1414 1541 δε
1445 1519 1510 1544 vos
1528 1535 1538 1551 ,
1569 1506 1602 1542 ἃ
1623 1506 1776 1553 sciatis,
1806 1505 1900 1556 quia
1926 1517 1996 1556 ego
2023 1518 2109 1542 sum
2126 1505 2315 1545 Dominus
2337 1506 2441 1546 Deus

1324 1586 1350 1606 „
1381 1561 1570 1596 vester“.
1619 1557 1957 1605 Quemadmodum
1988 1570 2076 1610 ergo
2104 1559 2376 1608 circumcisio,
2406 1559 2441 1597 ἃ

1318 1610 1506 1648 nonnulla
1535 1611 1615 1649 alia
1634 1620 1827 1663 praecepta
1854 1612 2142 1649 caeremonialia
2171 1614 2335 1652 instituta
2357 1614 2439 1652 sue·

1319 1675 1360 1700 re
1389 1663 1437 1700 ad
1466 1663 1655 1715 populum
1677 1663 1750 1701 Dei
1779 1664 2087 1715 distinguendum
2108 1680 2129 1702 a
2158 1669 2290 1705 ceteris
2318 1670 2438 1706 natio-

1317 1715 1461 1764 nibus,
1491 1717 1544 1753 ita
1574 1716 1689 1753 etiam
1718 1715 1932 1754 observatio
1960 1718 2036 1753 diei
2065 1718 2242 1758 sabbati.

1374 1768 1466 1807 260.
1495 1768 1673 1807 Alterum
1703 1767 1848 1816 finem,
1895 1782 2013 1820 quem
2058 1770 2099 1807 in
2140 1772 2439 1814 sanctificatione

1318 1822 1467 1860 sabbati
1498 1821 1632 1860 habuit
1662 1821 1792 1870 Deus,
1829 1823 1952 1874 aperit
1980 1823 2063 1873 ipse
2092 1820 2196 1861 Deus
2225 1837 2291 1862 ore
2321 1826 2440 1878 Moy-

1317 1877 1368 1914 sis
1387 1876 1548 1914 Denter.
1569 1874 1619 1913 V.
1646 1876 1708 1913 15.
1739 1877 1792 1913 ita
1811 1875 1955 1927 populo
1974 1888 2041 1913 suo
2062 1879 2292 1929 praecipiens
2312 1891 2321 1916 :
2348 1879 2440 1918 Me-

1319 1938 1454 1967 mento
1471 1959 1482 1978 ,
1529 1928 1630 1981 qual
1658 1929 1708 1970 ὠ
1738 1931 1820 1977 ipse
1848 1932 2028 1967 seri-ieris
2056 1933 2098 1967 in
2127 1929 2313 1985 AEgypto
2333 1963 2344 1981 ‚
2391 1934 2441 1976 ὠ·

1317 1982 1500 2022 eduxerit
1544 1992 1583 2021 te
1612 1981 1703 2021 ins-le
1733 1981 1935 2020 Dominus
1964 1981 2076 2020 Deus
2117 1993 2206 2022 tuus
2242 1990 2284 2023 ιή
2313 2001 2442 2026 manu

1304 2036 1413 2088 forti
1430 2068 1440 2084 ‚
1469 2037 1519 2077 <9⁶
1548 2035 1707 2075 brachio
1736 2045 1926 2075 extento.
1956 2035 2108 2074 Idcirco
2136 2044 2325 2089 proecepit
2352 2040 2439 2090 tibi,

1316 2099 1358 2127 ut
1385 2089 1564 2128 observes
1604 2089 1713 2128 diem
1741 2088 1923 2128 sabbati.
1982 2089 2040 2127 Ad
2083 2103 2288 2141 perennem
2320 2094 2438 2144 igitur

1317 2145 1448 2195 magni
1479 2143 1594 2194 liujus
1611 2173 1622 2191 ,
1651 2144 1888 2196 recentisque
1908 2141 2090 2181 beneficii
2111 2147 2338 2184 memoriam
2354 2162 2440 2186 san-

1318 2198 1498 2235 ctificatio
1525 2198 1603 2235 diei
1631 2196 1780 2234 sabbati
1809 2211 1832 2235 a
1860 2197 1944 2235 Deo
1973 2206 2167 2253 pracepta
2196 2199 2299 2246 fuit3
2347 2212 2438 2253 quae

1317 2252 1505 2290 memoria
1534 2249 1743 2302 peculiaris
1772 2249 1917 2302 populo
1945 2249 2167 2299 Hebraico,
2208 2264 2282 2291 non
2311 2264 2440 2294 autem

1317 2305 1536 2342 communis
1552 2303 1639 2342 aliis
1667 2303 1886 2343 nationibus
1905 2317 1984 2342 esse
2014 2313 2186 2356 poterat3
2216 2319 2442 2359 quanquam

1317 2357 1471 2396 inficias
1499 2371 1571 2395 non
1592 2371 1657 2406 eo,
1685 2357 1865 2410 generale
1894 2358 2010 2395 etiam
2031 2360 2234 2398 creationis
2261 2363 2441 2401 omnium

1317 2424 1449 2450 rerum
1478 2411 1711 2450 beneficium
1742 2409 1917 2463 inhujus
1945 2411 2032 2449 festi
2050 2411 2307 2452 celebratione
2335 2428 2440 2454 coin·-

1316 2467 1551 2504 memorari.
1598 2465 1688 2503 Duo
1716 2465 1832 2517 igitur
1863 2465 2055 2518 praecipui
2097 2465 2193 2506 fines
2222 2468 2437 2507 instituendi

1316 2518 1538 2570 religionem
1567 2518 1877 2558 sanctificationis
1906 2519 1983 2557 diei
2012 2518 2161 2559 sabbati
2189 2522 2337 2559 nonnisi
2367 2535 2433 2572 po—

1316 2570 1457 2621 pulum
1484 2571 1697 2609 Hebraeum
1728 2570 2011 2623 respiciebant3
2040 2573 2237 2625 adeoque,
2267 2573 2339 2612 δίο.

1374 2621 1465 2660 261.
1495 2623 1653 2660 Accedit
1681 2624 1866 2668 demum,
1896 2624 1998 2674 quod
2028 2625 2067 2661 in
2096 2624 2179 2670 loeo
2199 2625 2437 2664 Deuterono-

1318 2674 1388 2711 mii
1419 2687 1507 2712 mox
1551 2673 1703 2711 laudato
1731 2673 1887 2724 Moyses
1927 2673 2123 2722 declarat,
2170 2688 2314 2712 nos-um
2358 2693 2434 2717 esse

1318 2725 1391 2765 lioc
1420 2736 1656 2779 praeceptum
1679 2723 1885 2773 israelitis,
1915 2726 1982 2777 qui
2004 2736 2092 2765 tunc
2122 2729 2327 2778 vivebant,
2357 2745 2434 2771 non

1318 2789 1446 2818 autem
1477 2793 1608 2818 eorum
1637 2777 1813 2817 Patribus
1833 2780 2055 2831 impositum
2074 2811 2084 2830 ,
2113 2781 2247 2821 dicens
2275 2797 2375 2823 vers.
2398 2799 2434 2825 2.

1318 2847 1399 2885 seq.
1449 2863 1475 2882 ,‚
1506 2833 1610 2872 Audi
1638 2832 1753 2871 lsrael
1783 2834 2033 2872 caeremonias
2053 2864 2065 2882 ,
2113 2844 2225 2889 atque
2254 2835 2401 2888 judicia
2420 2869 2433 2888 ,

1316 2916 1343 2936 ,‚
1373 2899 1460 2939 quae
1491 2899 1559 2937 ego
1581 2887 1717 2939 loquor
1745 2886 1787 2925 in
1814 2886 1973 2924 auribus
1993 2889 2126 2926 vestris
2153 2888 2290 2928 hodie:
2319 2891 2434 2932 disci·

1315 2969 1343 2990 „
1373 2949 1409 2979 te
1438 2953 1506 2990 ea,
1535 2939 1569 2977 &
1597 2953 1712 2993 opere
1741 2939 1957 2992 complete.
2012 2940 2202 2981 Dominus
2231 2942 2336 2983 Deus
2366 2959 2432 2985 no·

2246 3027 2274 3047 ‚,
2303 3006 2376 3038 ster

1316 3118 1386 3140 rum
1412 3108 1592 3140 ritualibus
1622 3106 1698 3139 Lib.
1727 3107 1751 3138 t.
1795 3116 1869 3150 cap.
1889 3105 1923 3148 4.
1949 3115 2033 3141 sect.
2059 3107 2093 3141 8.
2130 3109 2261 3154 aliique
2302 3122 2430 3156 magno

1314 3165 1483 3187 numero.
1509 3151 1575 3185 Sed
1602 3164 1668 3185 non
1688 3152 1789 3196 pauci
1813 3151 1927 3186 eidem
1946 3153 2085 3188 fortiter
2104 3157 2332 3191 restiterunt.
2359 3159 2430 3193 Ne-

1314 3212 1381 3244 que
1409 3199 1472 3232 hac
1497 3197 1536 3231 ‹lc-
1563 3210 1598 3232 re
1625 3199 1721 3244 inter,
1739 3210 1774 3231 se
1809 3200 1951 3232 omnino
1977 3203 2199 3236 consentiunt
2228 3204 2397 3239 Doctores
2419 3227 2429 3245 ,

1315 3249 1348 3279 ἃ
1374 3248 1582 3288 interpretes
1609 3243 1782 3293 Catholici
1803 3267 1811 3276 .
1838 3246 1962 3279 Ambr.
1987 3248 2080 3281 enim
2100 3247 2315 3284 Caum-inus
2340 3251 2430 3296 prae-

1314 3301 1453 3336 ceptum
1481 3290 1720 3323 sanctificandi
1762 3291 1898 3325 sabbati
1927 3293 2034 3327 refert
2076 3293 2119 3328 ad
2158 3295 2249 3329 hanc
2277 3297 2426 3342 prim-rm

1313 3335 1467 3383 ejusdem
1494 3336 1769 3371 benedictionem
1791 3359 1802 3378 ‚
1827 3341 1858 3371 ἃ
1876 3338 2213 3378 sanctificationem.
2240 3342 2425 3378 Tostatus.

1318 3387 1351 3419 δι
1374 3383 1477 3418 multi
1501 3384 1561 3419 alii
1587 3383 1780 3420 Gatharino
1804 3393 2023 3431 repugnant.
