2583 3685
905 141 987 186 DE
1019 140 1195 185 POENA
1230 136 1550 184 PARVULOR
1559 137 1651 181 ΠΜ
1665 167 1675 179 .

133 226 304 267 Βηηηιῃ
332 225 414 265 haec
443 222 631 262 catholica
658 223 797 262 veritas
824 222 1060 274 apertissime
1089 220 1246 258 ‹leiiuita

135 283 282 321 videtui·
320 282 355 316 in
386 286 482 316 ness-
527 276 661 315 ultima
689 274 853 316 Concilii
897 275 1127 313 oecumenici
1157 271 1243 311 Flo-

136 335 272 373 rentini
291 362 300 378 ‚
322 331 378 369 his
399 331 547 369 verbis:
569 361 596 379 „
615 330 817 370 Credimus
900 327 1055 367 illorum
1076 328 1222 366 animas
1233 357 1250 374 ‚‚

137 406 169 442 υ·
191 387 256 439 qui
288 396 331 422 m
352 385 494 424 actuali
524 384 678 424 mortali
714 394 891 437 peccato,
935 381 997 420 vel
1023 380 1101 419 solo
1129 380 1244 429 origi-

136 468 166 489 „
186 438 271 478 nali
303 435 516 486 decedunt,
558 452 649 478 mox
679 439 718 476 in
759 439 952 476 infernum
990 434 1211 473 descendere
1232 462 1243 480 ,

136 519 166 541 „
192 490 319 543 poenis
343 500 472 530 tamen*
496 491 551 529 dis
587 492 711 530 tribus
741 490 949 544 puniendas
971 490 996 510 “
1014 514 1025 526 .
1066 486 1176 525 Unde
1207 500 1246 523 e-

120 544 224 586 ,tiam
251 544 517 589 Catechismus.
542 506 650 583 ll'om.
669 576 679 594 ,
710 545 777 584 ubi
806 545 851 582 de
883 542 1072 593 llaptisrno
1099 541 1174 591 agit
1205 554 1241 577 u.

133 594 228 646 51.,
257 598 310 637 ita
336 597 630 637 Sacramentum
656 598 835 650 baptismi
868 595 1080 632 hominibus
1113 606 1236 630 neces-

125 651 279 697 ‚sarium
305 665 383 693 esse
410 652 541 690 docet:
561 683 586 702 ,‚
617 652 671 691 Ut.
688 652 765 691 nisi
789 663 856 703 per
885 647 1064 699 baptismi
1080 647 1243 697 gratiam.

131 732 159 753 „
188 703 275 742 Deo
298 715 571 755 renascantur,
597 707 636 744 in
658 705 925 758 sempiternam
955 700 1150 737 miseriam
1167 729 1178 747 ,
1208 698 1241 735 8(

133 785 162 808 „
191 759 389 797 interitum
414 774 436 798 a
466 760 689 813 parentibus
709 782 764 796 ...0
784 761 1029 808 procreentur
1049 755 1075 774 “
1095 778 1106 790 .

189 810 285 851 260..
308 811 366 851 Ne
393 822 519 852 autem
549 812 690 865 longior
708 811 779 849 sim
801 809 840 846 in
870 805 1002 845 multis
1016 819 1241 845 coacervan-

131 862 190 903 dis
217 865 348 906 Sanct.
372 864 559 915 Patrum,
581 864 778 918 praecipue
805 870 937 901 autem
963 860 1159 911 Augustini
1190 868 1242 897 te-

131 918 346 968 stimoniis,
374 920 461 958 satis
486 920 558 960 erit
587 918 700 957 illam
724 914 972 967 theologicam
992 914 1176 951 rationem
1198 926 1243 950 ex

132 973 250 1010 sacris
277 971 413 1010 litteris
438 980 584 1010 erutam
615 969 846 1024 expendere,
875 981 953 1020 qua
983 966 1243 1019 frequentissi-

131 1037 196 1063 me
223 1024 353 1064 Patres
375 1026 452 1078 ipsi
480 1026 539 1064 usi
564 1033 650 1064 sunt
677 1031 807 1062 contra
834 1021 1050 1073 Pelagianos
1067 1047 1077 1057 .
1115 1019 1249 1058 Numi--

132 1090 219 1116 rum
248 1077 410 1117 infantes
438 1087 522 1117 ante
549 1077 784 1132 baptismum
814 1084 965 1114 natura
992 1082 1084 1111 sunt
1100 1072 1182 1126 filii
1212 1078 1242 1111 ι’-

131 1143 217 1179 roe,
245 1129 314 1169 sub
340 1140 532 1180 potestate
556 1130 843 1176 tenebrarum,
873 1130 1014 1178 captivi
1043 1127 1214 1165 Satanae
1230 1157 1241 1176 ‚

128 1187 227 1222 servi
254 1183 414 1223 Diaboli
429 1200 448 1231 ,ᾖ
483 1185 587 1238 quod
614 1186 727 1224 etiam
757 1181 930 1221 Ecclesia
960 1182 1150 1219 insinuare
1179 1194 1247 1220 vo-

128 1233 203 1275 luit
230 1238 403 1277 institutis
433 1237 787 1284 exsufflationibus,
819 1234 853 1270 &
882 1235 1127 1282 exorcismis,
1156 1235 1244 1287 qui-

118 1289 201 1338 bus
229 1292 384 1344 spiritus
411 1292 631 1330 immundus
660 1305 681 1329 a
710 1289 946 1342 baptizandis
973 1288 1124 1339 ejicitur
1154 1289 1242 1339 (a).

128 1342 330 1391 Quomodo
358 1357 445 1394 ergo
472 1343 626 1382 credere
654 1357 880 1396 possumus,
910 1342 1056 1380 eosdem
1087 1342 1243 1380 infantes

131 1396 232 1435 filios
261 1398 358 1444 irae,
399 1396 487 1436 Deo.
511 1410 664 1446 exosos,
694 1397 727 1433 8(
757 1396 830 1434 sub.
856 1396 1053 1434 Daemonis
1081 1396 1243 1447 captivi-

129 1456 204 1487 tate
231 1448 483 1498 decedentes,
510 1451 657 1490 futuros
683 1452 723 1488 in
753 1448 829 1487 alia
858 1451 935 1487 vita
964 1448 1127 1486 naturali
1147 1461 1243 1501 qua-

128 1500 218 1540 dam
249 1503 432 1542 felicitate·
454 1503 614 1550 beatos,
658 1503 691 1539 8(
720 1515 792 1540 non
821 1504 946 1554 potius
982 1503 1165 1550 miseros,
1209 1502 1244 1539 &

127 1553 330 1603 infelices,
359 1557 533 1607 peccati,
563 1556 663 1608 quod
693 1569 821 1593 secum
852 1563 1072 1602 traxerunt,
1114 1569 1253 1606 poenas-

128 1605 270 1649 lueret-
314 1607 458 1648 Merito
487 1609 643 1660 proinde
673 1607 858 1659 Theologi
887 1607 1050 1644 saniores
1090 1607 1244 1645 conclu-

128 1658 246 1709 dunt,
283 1674 358 1700 non
389 1675 493 1715 posse
522 1661 731 1700 infantibus
771 1660 1038 1699 decedentibus
1067 1660 1148 1697 sine
1177 1660 1245 1698 ba-

127 1713 271 1767 ptismo
297 1713 516 1755 felicitatem
545 1714 723 1768 aliquam
746 1714 897 1753 ordinis
919 1714 1032 1751 etiam
1061 1713 1253 1752 naturalis

126 1766 250 1815 ⁸tribui
267 1798 278 1817 ‚
320 1766 417 1822 quin
454 1769 545 1822 ipsis
587 1778 786 1822 peccatum
828 1766 1016 1819 originale
1059 1776 1212 1818 negetur
1233 1793 1244 1805 .

132 1849 166 1870 ,2
187 1820 231 1860 St
256 1823 314 1861 ori
344 1822 442 1861 inale
470 1831 670 1876 peccatum
689 1853 699 1870 ‚
728 1820 930 1873 inquiebat
958 1820 1000 1860 S.
1030 1821 1245 1859 Anselmus

133 1903 163 1924 „
191 1877 233 1912 ἱη
260 1874 311 1913 Le·
339 1902 350 1914 .
379 1877 426 1914 de
454 1886 639 1929 conceptu
669 1874 850 1928 virginali
880 1887 969 1925 cap.
1003 1887 1067 1927 27.
1085 1904 1095 1923 2
1126 1883 1179 1912 est·
1205 1889 1245 1912 a·

131 1957 165 1978 „¹
190 1927 320 1981 liquod
350 1939 577 1981 peccatum,
606 1943 755 1968 necesse
784 1936 836 1966 est
863 1942 1023 1966 omnem,
1050 1928 1250 1966 hominem-

131 2009 165 2030 „.
189 1982 234 2019 in
259 1995 302 2019 eo
331 1992 460 2021 natum
477 2012 489 2031 ,
519 1982 588 2020 illo
616 1995 688 2021 uon
718 1983 874 2021 dimisso
901 1982 1079 2020 damnari·
1097 1985 1124 2004 ‘⁴
1143 2008 1154 2019 .

187 2034 281 2074 26-1.
305 2034 435 2074 Altera
462 2036 557 2074 ratio
585 2036 795 2085 desumitur
824 2048 870 2072 ex
897 2034 982 2073 loco
1010 2034 1087 2074 illis
1104 2048 1249 2087 parvua

129 2085 181 2126 lis
205 2088 416 2137 destinato,
438 2103 576 2142 nempe
604 2089 782 2136 inferno,
813 2097 853 2126 ut
881 2101 972 2126 mox
1001 2090 1167 2133 vidimus
1197 2102 1244 2127 ex

127 2139 536 2182 definitione-Concilii
575 2141 809 2181 Florentini.
857 2141 906 2180 Et
948 2144 1124 2195 quamvis
1165 2156 1242 2182 non

127 2197 244 2246 pauci
265 2194 447 2249 Theologi
476 2195 625 2249 inferni
653 2197 808 2236 nomine
822 2209 898 2234 non
919 2195 1126 2249 intelligant
1156 2196 1251 2235 hor--

126 2249 285 2288 rendum
315 2248 429 2289 illum
458 2245 679 2299 carcerem,
708 2251 750 2288 in
778 2262 854 2302 quo
873 2250 1040 2289 damnati
1063 2260 1242 2303 torquen-

126 2307 189 2339 tur
219 2303 370 2356 propter
400 2313 561 2356 peccata⁴
582 2302 769 2351 actualia,
799 2303 862 2341 sed
891 2303 1083 2353 limbum,
1112 2303 1242 2342 locum

124 2353 270 2394 scilicet
299 2369 421 2445 prope·
445 2357 639 2397 infernum
662 2387 672 2405 ‚
700 2369 831 2395 omnes
859 2366 1014 2406 tamen,
1057 2365 1248 2409 quotquot*

123 2415 214 2446 sunt
238 2421 301 2449 me
318 2409 414 2447 ioris
443 2418 542 2448 notae
560 2439 571 2457 ,
620 2417 660 2446 ut
688 2411 805 2447 sancti
837 2409 1014 2449 Doctores
1042 2410 1239 2460 Thomas,

126 2457 162 2495 ἃ
188 2459 480 2509 Bonaventura,
522 2462 589 2502 Jo..
611 2462 768 2508 Scotus,
816 2462 1030 2502 Alexander
1062 2463 1209 2503 Alensis
1227 2496 1238 2514 ,

125 2510 306 2552 Athenas
332 2527 514 2565 magnus,
543 2514 703 2560 docent,
741 2514 889 2552 eosdem
919 2529 995 2553 esse
1023 2518 1063 2554 in
1092 2526 1172 2555 atro
1199 2532 1239 2554 a-

124 2559 238 2616 liquo.
259 2564 343 2603 loco
371 2566 642 2615 subterraneo,
679 2565 712 2601 8(
742 2566 1000 2615 tenebricoso,
1043 2568 1111 2606 ubi
1141 2579 1249 2608 certe·

125 2616 237 2657 nulla.
272 2619 477 2658 beatitudo.
515 2634 591 2660 esse
618 2627 772 2672 potest..
817 2619 1039 2659 Absurdum-
1072 2633 1162 2658 vero
1190 2631 1242 2660 est

125 2669 279 2722 fingere·
300 2686 393 2710 cum
416 2672 612 2725 aliquibus
629 2703 640 2721 ,
686 2673 841 2711 eosdem.
865 2674 1026 2711 infantes
1056 2687 1132 2712 esse
1162 2683 1250 2726 post,

126 2725 398 2764 resumtiouem
414 2727 640 2778 'corporum
662 2725 711 2764 ab
741 2726 810 2764 hoc
830 2740 982 2765 carcere
1002 2726 1216 2766 liberandos
1229 2758 1248 2776 ,‚

126 2785 170 2814 ut
195 2778 380 2817 mundum
408 2788 634 2818 renovatum.
659 2779 888 2818 inhabitent.
929 2779 1099 2818 Nullum
1137 2782 1247 2819 enim,

112 2828 288 2880 'habetur
317 2831 431 2884 hujus
460 2846 570 2872 novae
599 2835 791 2872 sententiae
823 2833 1141 2880 fundamentum3
1177 2835 1242 2872 sed

128 2885 250 2940 potius
278 2886 398 2925 etiam.
420 2886 473 2926 ad·
497 2888 604 2940 ipsos,
626 2887 840 2926 extenditur
868 2886 934 2927 lex.
959 2886 1028 2926 illa
1056 2887 1250 2940 generalis.

187 3046 241 3082 (Β).
257 3043 344 3079 Vide
358 3067 376 3092 ,ἐ
393 3059 477 3094 qnae=
495 3060 605 3096 suprax
625 3061 660 3083 n.
690 3030 778 3095 ¹77*ss
797 3047 897 3083 dicta·
915 3058 1019 3091 sunt3
1046 3050 1156 3095 iisque
1182 3048 1251 3084 aff·-

135 3085 206 3128 δῖ»
240 3101 322 3143 qun-v
340 3093 503 3138 leguntur
529 3097 562 3129 in
588 3108 662 3142 cap.
691 3107 744 3130 12.
769 3095 905 3131 adnexo
929 3097 1096 3142 Epistola!
1124 3097 1242 3131 Sancti

138 3134 324 3188 Cnoelestmt
344 3137 380 3171 P·
406 3138 447 3173 ad
471 3142 595 3186 Episc..
612 3144 764 3184 Galli-⁴2,
799 3143 858 3177 ubi
895 3141 1050 3177 dicitur:
1088 3142 1180 3177 Illud
1206 3157 1243 3177 e-

141 3188 250 3235 tiarn,
273 3186 360 3226 qnod
382 3188 477 3220 circa
500 3188 721 3231 baptizandos
746 3194 783 3224 in
795 3196 948 3224 universo
974 3191 1093 3224 mundo
1109 3191 1148 3222 S.
1167 3189 1241 3223 Ec-

135 3229 255 3263 clesm.
264 3230 478 3273 uniformiter
495 3237 582 3278 ugit,
607 3248 670 3268 non
683 3239 796 3270 otioso
820 3239 1078 3281 contemplemur.
1094 3239 1215 3269 intuitu
1230 3250 1240 3268 .·

137 3285 210 3306 cum
235 3278 305 3308 sive
323 3278 451 3312 parvuli
466 3299 478 3318 ‚
503 3283 573 3313 siue
584 3281 730 3326 juvene...
753 3285 795 3316 ‘td
809 3289 1081 3328 regenerationis
1108 3285 1241 3316 veniunt

134 3331 376 3355 sacramentum
390 3346 408 3365 ‚,
436 3337 500 3357 non
523 3329 616 3367 prius
641 3327 776 3368 fontem
801 3334 872 3362 οἱα
896 3332 1022 3364 adeunt
1041 3353 1052 3371 ‚
1088 3343 1180 3374 quum
1205 3342 1242 3362 e-

135 3369 319 3404 aorcismts
334 3390 354 3411 ‚¹
384 3374 425 3403 (7¹
465 3370 771 3417 exsufflationibus.
791 3375 1008 3412 clericorum,
1035 3381 1175 3421 spiratus
1201 3376 1250 3410 ab.

2286 143 2368 182 203

1314 215 1462 255 Eccles.
1487 217 1554 254 Xl.
1582 217 1638 254 3.:
1669 216 1709 254 Sc
1739 215 1920 254 ceciderit
1948 216 2100 269 lignum
2128 214 2184 255 ad
2213 216 2424 264 Austrum,

1313 280 1383 308 aut
1413 284 1437 307 <L
1456 269 1467 305 l
1487 271 1737 320 Aquilonem,
1767 274 1806 307 in
1836 283 2076 322 quocumque
2104 270 2188 308 loco
2216 271 2423 318 cecttlert't,

1314 322 1362 361 ibe
1391 326 1485 360 erit.
1529 324 1628 370 Quae
1660 323 1771 361 verba
1815 334 1891 375 pnst
1922 324 1960 362 S.
1995 324 2275 377 Hieronymum
2318 338 2423 363 com<

1313 379 1476 414 munitet
1507 376 1771 428 {mitigantur
1800 379 1845 414 ‹le
1877 377 2075 415 homiuum
2104 386 2196 416 statu
2212 386 2294 434 post
2322 391 2424 416 mor-

1312 438 1388 468 tem
1407 460 1416 476 ,
1447 431 1514 482 qui
1547 432 1616 468 erit
1645 429 1921 468 immutabilis.

1367 482 1458 521 262.
1490 483 1558 521 His
1594 485 1784 536 perpensis
1827 482 2051 521 concludere
2093 496 2291 537 possumus
2333 499 2423 534 cum

1311 537 1513 575 Lemusio:
1543 536 1679 584 „tales
1709 536 1885 589 parvulos
1915 539 1993 574 siue
2024 538 2212 590 baptismo
2241 539 2422 577 deceden-

1367 599 1419 627 tes
1447 604 1554 627 veros
1585 592 1737 628 mist-ros
1766 605 1861 637 esse,
1892 604 1978 628 vere
2001 594 2148 643 perire,
2181 606 2267 630 vere
2289 605 2423 644 perpe-

1366 653 1428 680 tua
1459 652 1578 680 morte
1608 644 1796 681 adstrictos
1827 646 1973 690 teneri,
2018 659 2103 682 vere
2134 648 2189 684 ire
2219 647 2257 683 in
2287 647 2423 683 coude-

1312 727 1337 746 „
1370 698 1599 735 innationem
1618 727 1628 746 ‚
1658 711 1701 734 ac
1732 711 1818 734 vere
1849 712 1924 734 esse
1953 698 2173 737 damnatos.
2205 699 2262 737 Ad
2291 699 2422 736 omnia

1311 781 1338 800 „
1369 753 1468 788 enim
1507 752 1575 788 ista
1618 748 1787 789 absolute
1810 781 1819 798 ‚
1861 749 1895 786 &
1926 750 2148 802 simpliciter
2191 751 2425 791 verificanda

1340 804 1529 852 sufficit,
1561 803 1648 842 illos
1677 817 1834 856 poenam
1864 804 2023 851 damni,
2053 804 2086 840 8(
2115 807 2320 843 carentiam
2339 819 2422 856 per-

1367 867 1521 910 petuam
1562 858 1702 896 divinae
1734 858 1892 896 visionis
1931 858 2070 895 habere
2108 870 2259 912 propter
2318 873 2424 898 ecca-

1340 921 1448 950 .tuin
1478 912 1688 963 originale,
1731 925 1818 967 quae
1850 925 1937 949 vera
1969 911 2146 960 macula,
2177 914 2209 950 &
2239 874 2353 964 culpa
2384 915 2422 952 in

1680 964 1814 1018 Reipsa
1843 964 1925 1002 haec
1969 967 2081 1002 etiam
2113 976 2163 1004 est
2209 966 2354 1019 phrasis
2382 966 2424 1005 S.

1310 620 1337 639 2>

1311 674 1336 693 ,ἱ

1311 835 1336 856 ’2

1310 888 1337 907 ‘³’

1311 941 1337 960 3)

1312 995 1338 1014 ,‚
1370 966 1466 1018 ipsis.
1497 974 1548 1002 est
1569 968 1595 987 “
1619 992 1629 1003 .

1311 1017 1502 1067 Thomas,
1545 1020 1612 1070 qui
1644 1018 1818 1070 pluribus
1850 1020 1886 1056 in
1919 1018 2010 1056 locis
2040 1020 2185 1057 eosdem
2220 1032 2353 1070 pueros
2384 1021 2421 1057 iu

1311 1080 1493 1110 aeternam
1535 1072 1842 1110 (lamnationem
1882 1074 1936 1110 ire
1966 1075 2170 1111 consentit.
2217 1073 2253 1111 3.
2284 1071 2325 1110 P.
2355 1087 2421 1124 qu.

1309 1125 1374 1165 68.
1397 1136 1466 1164 art.
1488 1139 1526 1178 9.
1559 1140 1693 1178 pueros
1724 1126 1968 1178 baptizandos
1998 1140 2074 1164 esse
2103 1127 2229 1174 docet,
2261 1134 2298 1163 ut
2329 1129 2424 1164 sicut

1312 1210 1338 1229 ‚,
1367 1194 1435 1231 per
1466 1180 1595 1217 Adam.
1620 1179 1929 1217 (lamnationem
1947 1181 2190 1219 incurrerunt
2220 1181 2424 1227 nascendo,

1312 1263 1338 1283 ,‚
1367 1236 1418 1271 ita
1449 1247 1515 1285 per
1529 1233 1722 1270 Christum
1752 1233 1912 1270 salutem
1932 1243 2208 1284 consequantur
2229 1247 2426 1272 renascen-

1312 1317 1343 1336 ‚,
1367 1288 1416 1325 do
1435 1291 1489 1333 “3
1519 1286 1552 1322 8(
1584 1287 1734 1325 Lect.1.
1765 1288 1802 1324 in
1833 1300 1918 1337 cap.
1950 1285 1997 1322 II.
2028 1287 2136 1337 epist.
2166 1286 2214 1324 ad
2242 1285 2427 1338 Ephesios

1309 1340 1379 1379 illa
1406 1341 1548 1379 verba:
1577 1353 1740 1378 eramus
1769 1349 1918 1377 natura
1934 1336 2018 1392 filii
2043 1343 2141 1388 trae,
2173 1343 2223 1377 ita
2251 1341 2427 1392 exponit:

1311 1395 1403 1433 idest
1432 1394 1614 1431 vindictae
1632 1424 1642 1442 ‚
1672 1406 1826 1444 paenae,
1856 1393 1905 1434 (ν’
1934 1392 2154 1445 gehennae.
2184 1392 2233 1431 Et
2263 1393 2365 1431 Lect.
2384 1393 2428 1431 ·I.

1312 1448 1351 1486 in
1380 1461 1465 1499 cap.
1496 1447 1599 1484 Vlll.
1631 1448 1675 1484 ad
1709 1446 1818 1484 Rom.
1849 1455 2048 1498 postquam
2079 1446 2231 1484 dixisset
2258 1460 2347 1484 cum
2379 1447 2431 1484 A·

1313 1500 1483 1553 postolo‚
1513 1499 1610 1538 nihil
1638 1500 1914 1538 damnationis
1942 1512 2029 1537 esse
2057 1503 2131 1547 iis,
2174 1503 2238 1549 qui
2266 1509 2357 1536 sunt
2386 1505 2429 1537 in

1318 1553 1469 1592 Christo
1497 1553 1588 1591 Iesu
1607 1584 1617 1602 ‚
1648 1554 1796 1592 subdit:
1828 1552 1909 1591 Illis
1939 1565 2054 1600 vero,
2083 1556 2248 1603 quinon
2277 1558 2429 1592 suntin

1316 1605 1468 1645 Christo
1496 1607 1588 1644 Iesu
1609 1638 1621 1656 ,
1649 1607 1862 1645 damnatio
1891 1604 2051 1644 debetur
2068 1633 2078 1644 .

1370 1658 1460 1698 265.
1490 1660 1565 1698 Ob.
1596 1662 1722 1712 primo
1750 1674 1839 1698 cum
1869 1660 2075 1697 Catharino
2113 1660 2229 1699 verba
2258 1659 2428 1713 Apostoli

1313 1712 1366 1750 ad·
1392 1711 1510 1751 Rom..
1523 1712 1574 1750 V.
1610 1712 1670 1750 18.
1701 1712 1776 1750 Per
1805 1716 1919 1749 unius
1950 1715 1964 1762 (
1994 1726 2131 1764 nempe
2146 1713 2286 1752 Christi
2317 1715 2330 1763 )
2356 1717 2425 1767 ju-

1312 1768 1465 1803 stiriam
1494 1769 1533 1802 in
1563 1779 1704 1803 omnes
1733 1765 1914 1803 homines
1943 1769 1984 1801 in
2013 1766 2347 1818 justificationem
2378 1774 2428 1805 vi-

1312 1828 1393 1864 toe,·
1422 1829 1509 1857 tum-
1533 1819 1613 1857 alia·
1646 1833 1678 1857 r.
1707 1817 1879 1857 Corinth.
1910 1817 2000 1855 XV.
2033 1817 2096 1857 26.
2127 1819 2305 1858 dicentis:
2347 1819 2430 1858 No-

1313 1876 1479 1912 vissima
1506 1882 1642 1911 autem
1673 1876 1841 1910 inimica
1871 1871 2092 1910 destruetur
2121 1885 2255 1922 mors,
2293 1887 2337 1911 ac
2366 1875 2429 1912 de·

1313 1941 1420 1965 inum
1453 1926 1520 1964 illa
1547 1926 1689 1965 Christi
1719 1926 1876 1964 Domini
1906 1925 2042 1963 Joann.
2073 1925 2162 1963 XII.
2189 1926 2278 1965 ὅτε.
2308 1925 2428 1965 qunc

1312 1985 1493 2033 princeps
1522 1979 1636 2034 hujus
1667 1979 1804 2018 muntii
1835 1982 1849 2030 (
1880 1993 2018 2030 nempe
2035 1979 2223 2018 Diabolus
2253 1983 2267 2030 )
2297 1983 2431 2034 ejicie-

1312 2043 1375 2072 tur
1390 2033 1516 2087 foras
1534 2061 1551 2071 ..
1581 2035 1677 2073 Haec
1706 2048 1795 2072 cum
1825 2032 2051 2085 generaliter
2079 2033 2179 2070 dicta
2207 2034 2304 2082 sint,
2341 2049 2428 2086 per-

1311 2089 1433 2127 tinent
1462 2090 1574 2126 etiam
1605 2089 1651 2126 ad
1673 2087 1757 2125 illos
1776 2088 1936 2125 infantes
1953 2116 1962 2134 ,
1993 2096 2034 2123 ut
2054 2085 2311 2138 intelligamus
2327 2117 2338 2135 ,
2369 2102 2429 2126 eos

1312 2142 1471 2180 tandem,
1495 2141 1703 2194 aliquando
1732 2154 1807 2179 esse
1835 2139 2121 2192 justificandos,
2151 2138 2184 2175 8(
2216 2139 2429 2180 liberandos

1312 2196 1362 2234 ab
1391 2195 1530 2233 umbra
1566 2190 1698 2234 mortis
1719 2225 1730 2243 ,
1772 2202 1885 2247 atque
1912 2210 1934 2232 a
1963 2202 2142 2246 potestate
2169 2193 2326 2234 Diaboli
2356 2197 2430 2234 eri-

1310 2249 1493 2302 piendos,
1526 2257 1564 2286 ut
1594 2248 1747 2287 felicem
1777 2248 1894 2286 vitam
1924 2247 2088 2300 degant.

1326 2302 1329 2305 ⁴
1368 2302 1466 2348 264.⁴
1489 2301 1602 2354 Resp.
1631 2303 1759 2356 primo
1779 2332 1789 2351 ,
1832 2301 1915 2339 haec
1945 2309 2170 2353 argumenta
2195 2302 2312 2340 nimis
2342 2315 2428 2354 pro-

1309 2356 1424 2403 bare;
1453 2356 1615 2408 probant
1645 2358 1745 2394 enim
1764 2387 1774 2404 ,
1803 2355 1946 2408 siquid
1976 2354 2130 2402 valent,
2161 2357 2275 2393 etiam
2295 2369 2428 2394 ornnes

1308 2409 1404 2449 alios
1431 2411 1629 2448 damnatos
1659 2425 1736 2448 esse
1766 2419 1923 2446 amorte
1952 2408 2200 2455 liberandos3
2231 2410 2322 2462 quia
2341 2411 2427 2447 nit}-

1307 2463 1346 2502 la
1384 2465 1479 2502 ratio
1508 2473 1586 2512 est,
1633 2473 1675 2501 ut
1702 2463 1853 2515 objecta
1881 2462 2168 2515 Scripturarum
2213 2465 2427 2501 testimonia

1307 2520 1578 2568 restringantur
1607 2517 1653 2555 ad
1686 2516 1890 2569 parvulos,
1919 2517 1954 2553 8(
1974 2531 2048 2555 non
2071 2517 2194 2568 potius
2223 2517 2424 2554 extendan-

1308 2579 1371 2608 tur
1399 2571 1449 2608 ad'
1474 2583 1632 2616 omnes3
1675 2585 1763 2607 nam
1793 2570 1964 2608 Christus
1995 2569 2187 2608 Dominus
2216 2578 2340 2608 noster
2369 2570 2425 2607 ef-

1309 2623 1393 2659 fusa
1422 2635 1490 2659 sua
1516 2624 1670 2660 caritate
1699 2621 1803 2658 dedic
1832 2626 2090 2672 semetipsum
2111 2621 2424 2673 redemptionem

1310 2687 1387 2726 pro-
1421 2674 1601 2711 omnibus
1637 2687 1669 2711 1.
1700 2674 1747 2711 ad
1776 2673 1947 2710 Timoth.
1978 2673 2027 2710 ΙΙ.
2057 2673 2118 2719 6.;
2164 2675 2213 2714 (9·
2243 2679 2323 2725 ipse
2365 2685 2425 2714 est

1306 2730 1537 2779 propitiatio
1564 2739 1634 2777 pro
1675 2729 1849 2774 peccatis
1892 2729 2007 2764 totius
2037 2726 2201 2764 mundi:
2245 2729 2353 2780 epist.
2388 2735 2430 2777 Ji..

1308 2782 1417 2821 Joan.
1449 2781 1496 2818 ll.
1529 2794 1565 2819 2.
1598 2779 1733 2831 Reipsa
1755 2810 1765 2827 ‚
1810 2787 1850 2817 ut
1879 2779 1919 2818 S.
1949 2778 2119 2818 Thomas
2146 2781 2320 2820 observat
2349 2781 2422 2820 Le·

1309 2844 1358 2873 ct.
1390 2835 1426 2873 5.
1458 2835 1498 2872 in
1526 2832 1722 2884 objectum
1754 2833 1879 2871 locum
1908 2846 1938 2870 ι.
1969 2833 2015 2871 ad
2035 2834 2207 2873 Corinth.
2236 2835 2430 2888 Origenes.

1310 2888 1399 2927 iude
1429 2888 1572 2926 erroris.
1595 2889 1654 2926 sui
1681 2888 1917 2926 occasionem
1946 2889 2134 2940 sumpsit,
2163 2889 2266 2941 quod
2293 2902 2422 2931 omnes

2306 2943 2373 2982 da-

1309 3053 1361 3085 eis
1387 3051 1571 3084 immundus
1597 3050 1776 3094 abigatur,
1809 3059 1850 3081 ac
1873 3055 1952 3082 tunc
1977 3061 2059 3084 vere·
2075 3059 2237 3094 appareat
2253 3074 2264 3092 ,
2289 3064 2422 3096 quomo-

1309 3099 1354 3131 do
1378 3102 1538 3142 princeps
1565 3096 1663 3142 hujus
1689 3096 1802 3128 mundi
1827 3099 1981 3130 mittatur
1998 3095 2106 3141 foras
2130 3100 2194 3130 διο.
2220 3098 2297 3142 Qua
2325 3097 2366 3132 de
2383 3112 2421 3133 ro

1310 3145 1435 3189 saepius
1462 3144 1531 3187 agit
1557 3143 1590 3175 S.
1617 3145 1765 3186 August.
1793 3151 1916 3177 contra
1941 3142 2168 3188 Pelagianos,
2195 3146 2419 3191 prsecipuein

1308 3199 1485 3235 postremo
1508 3200 1609 3233 opere
1636 3197 1728 3221 cont.
1748 3188 1819 3222 Jnt.
1847 3189 1886 3222 ln
1910 3189 2176 3224 reconciliandis
2202 3201 2318 3226 autem
2339 3204 2417 3237 pec-

1309 3236 1484 3269 catoribus
1510 3235 1666 3269 Ecclesia
1692 3235 1897 3269 exorcismis
1921 3247 1988 3270 non
2007 3237 2119 3271 utitur·
2138 3259 2149 3278 ‚
2173 3239 2256 3283 quia
2282 3239 2332 3272 illi
2354 3248 2415 3283 pet·

1306 3282 1521 3327 baptismum
1548 3282 1585 3314 in
1599 3281 1731 3315 Christi
1758 3282 1929 3316 familiam
1951 3281 2033 3327 jam
2052 3283 2206 3329 adoptati
2234 3297 2252 3318 a
2277 3286 2417 3331 primae*

1308 3340 1351 3362 va
1376 3329 1436 3362 illa
1461 3326 1628 3364 ‹laemonis
1653 3327 1859 3373 captivitate
1882 3329 2023 3365 liberati
2047 3330 2213 3365 suerunt.
