2583 3685
211 183 291 223 168

146 261 185 297 in
217 257 307 294 locis
350 251 691 302 concupiscentiam
736 248 947 300 appellavit
989 249 1251 300 languorem,

147 312 178 345 ἃ
209 309 486 348 infirmitatem
506 317 522 347 ,·
552 302 760 354 aliquando
789 305 1079 351 corruplionem
1098 333 1108 350 ,
1139 302 1171 339 8⁴:
1202 308 1252 340 ri·-

144 351 407 399 riurrffnaturae
430 356 607 394 humanae
626 386 635 403 ,
666 363 745 392 tum
776 356 889 392 etiam
919 359 1173 404 passionem,
1203 357 1253 396 ἐφ’

141 413 314 451 habitum
343 423 508 460 pravum
525 437 536 448 .

195 467 258 512 4ο.
288 465 404 503 Dices
447 465 613 501 iterum.
656 462 698 499 In
739 461 873 498 'eodem
902 459 1080 499 Lib.1V.
1120 471 1253 501 *contra

140 519 339 558 lulianum
368 532 454 568 cap.
487 517 522 556 5.
555 516 635 554 hacc
666 515 873 552 decretoria
903 514 1019 551 verba
1048 513 1250 566 leguntur.

198 574 303 610 Sicut
332 572 484 608 caecitas
512 570 660 616 cordis,
690 583 806 620 quam
836 566 936 604 solus
967 579 1132 606 removet
1162 569 1250 607 illu—

199 626 363 663 minator
393 624 495 661 Deus
518 653 528 671 ,
559 622 591 659 8(
624 631 821 673 peccatum
853 629 903 658 est
921 650 931 668 ,
961 635 1038 673 quo
1066 623 1104 658 in
1122 622 1250 660 Deum

197 693 271 716 non
302 679 467 716 creditur
486 707 495 724 ,
525 677 557 712 8(
574 690 691 727 poena
721 675 865 727 peccati
883 703 893 720 ,
923 688 1000 725 qua
1027 688 1092 712 cor
1119 685 1250 725 super·

198 733 292 770 bum
322 732 434 782 digna
475 730 803 768 animadversione
846 729 1000 778 punitur
1022 758 1032 775 ,
1075 727 1110 769 8(
1139 741 1252 766 causa

196 787 339 837 peccati
357 815 368 833 ,
411 798 501 822 cum
531 783 624 820 mali
654 782 803 834 aliquid
850 781 945 818 caeci
974 781 1098 818 cordis
1127 794 1250 821 errore

195 839 467 885 committitur,
497 838 548 874 ita
568 835 880 887 coucupiscentia
894 834 1016 872 carnis
1033 864 1044 881 ,
1074 834 1250 872 adversus

193 905 310 943 quam
340 892 461 929 bonus
491 891 725 942 concupiscit
766 888 944 940 spiritus,
987 887 1019 923 St
1048 897 1249 939 peccatum

193 954 273 993 est,
303 946 394 997 quia
424 945 519 981 inest
549 942 608 981 illi
639 942 892 980 inobedientia
921 949 1048 978 contra
1077 941 1250 978 domina-

194 1008 273 1037 tum
304 999 463 1044 mentis,
494 996 528 1032 ἃ
558 1010 671 1047 poena
701 996 843 1047 peccati
875 1002 954 1041 est,
985 995 1076 1046 quia
1106 994 1251 1032 reddita

135 1083 161 1101 „
193 1060 242 1089 est
272 1053 415 1089 meritis
445 1049 724 1097 inobedientis,
767 1047 801 1084 &
830 1061 943 1086 causa
991 1049 1137 1098 peccati
1167 1056 1218 1085 est
1239 1077 1250 1096 ,

135 1136 161 1155 υ
190 1105 398 1143 defectione
426 1104 718 1150 consentientis,
754 1101 814 1141 vel
843 1102 1064 1151 contagione
1093 1115 1250 1139 nascen-

135 1189 161 1207 „
190 1160 237 1196 tis
257 1161 283 1180 “
298 1185 310 1196 .
340 1157 676 1205 Quemadmodum
695 1156 808 1206 igitur
828 1156 978 1192 caecitas
998 1154 1144 1202 cordis,
1174 1168 1251 1206 qua

135 1215 175 1250 in
204 1211 331 1249 Deum
362 1224 435 1248 non
464 1210 652 1258 creditur,
696 1222 811 1256 vere,
860 1207 894 1243 &
923 1209 1077 1259 proprie
1115 1222 1251 1258 pecca-

135 1276 215 1302 tum
243 1275 325 1312 est,
357 1266 408 1301 ita
437 1264 550 1302 etiam
580 1262 914 1314 concupiscentia,
953 1260 987 1296 8<
1017 1274 1133 1311 poena
1162 1275 1249 1312 pec—

133 1319 209 1356 cati
237 1317 457 1369 originalis,
489 1316 522 1352 &
552 1329 666 1363 vere,
697 1329 741 1352 ac
761 1315 916 1366 proprie
945 1321 1143 1363 peccatum
1173 1315 1251 1351 dici

133 1371 242 1408 debet
259 1400 268 1418 ,
299 1371 399 1422 quod
429 1368 607 1420 pluribus
636 1367 722 1405 aliis
742 1366 927 1418 exemplis
952 1365 1097 1403 ibidem
1118 1366 1159 1404 S,
1181 1366 1250 1405 Pa-

132 1433 186 1460 ter
213 1424 397 1461 ostendit·

188 1477 253 1522 41.
285 1476 419 1528 Hesp„
467 1475 559 1514 huic
589 1475 698 1525 loco,
744 1475 776 1511 ἃ
806 1474 998 1514 similibus
1027 1488 1110 1512 eam
1141 1475 1250 1514 adhi-

132 1529 297 1568 bendam
328 1544 404 1567 esse
449 1529 649 1581 regulam,
693 1544 769 1582 qua
799 1531 878 1582 ipse
908 1528 947 1567 S.
979 1528 1085 1566 Pater
1131 1529 1248 1566 utitur

126 1583 178 1620 ad
207 1582 479 1634 explicandum
511 1582 735 1635 Apostolum
766 1582 928 1620 Paulum
946 1612 956 1630 ,
985 1582 1140 1633 quando
1160 1596 1245 1618 con-

132 1638 401 1689 cupiscentiam
432 1637 473 1673 in
503 1637 639 1674 renatis
669 1645 776 1675 vocat
804 1644 1042 1685 peccatum,
1075 1643 1112 1671 ut
1141 1633 1245 1671 scili-

131 1699 187 1727 cet
216 1692 286 1728 ista
315 1703 386 1728 vox
416 1691 457 1726 in
477 1702 583 1726 sensu
614 1690 741 1726 minus
771 1689 925 1738 proprio
944 1696 1138 1735 sumatur,
1170 1700 1242 1725 non

129 1755 197 1794 pro
227 1755 316 1780 vera
343 1741 486 1793 culpa,
517 1742 580 1778 sed
609 1754 680 1791 pro
708 1742 822 1787 vitio,
854 1739 887 1775 ἀ
917 1741 1159 1792 corruptione
1176 1755 1242 1778 na-

127 1805 248 1833 turre:
276 1795 378 1847 quod
409 1795 544 1832 vitium
573 1807 661 1831 cum
684 1802 836 1844 peccato
852 1792 1030 1844 originali
1061 1803 1243 1845 tanquam

129 1863 287 1900 poenam
318 1849 601 1895 contraximus,
632 1845 666 1882 δι
696 1860 760 1884 nos
789 1847 835 1884 ad
865 1860 963 1884 nova
993 1857 1145 1898 peccata
1174 1862 1244 1886 sae-

129 1904 214 1952 pius
244 1900 426 1953 pertrahit
447 1927 457 1938 .
488 1900 587 1938 Vide
616 1914 732 1952 supra
761 1912 867 1938 num.
904 1899 964 1937 16.
994 1900 1027 1936 ἀ
1056 1914 1136 1953 seq.

183 1955 248 2000 [42.
277 1954 411 2005 Neque
440 1966 531 1992 vero
557 1953 693 2002 obest,
723 1954 825 2005 quod
855 1952 910 1991 ibi
940 1953 980 1992 S.
1002 1953 1143 1992 Doctor
1171 1955 1243 1993 tria

130 2008 170 2046 in
200 2008 502 2058 concupiscentia
530 2007 654 2044 carnis
682 2007 913 2058 distinguat,
955 2005 1100 2045 scilicet
1128 2009 1242 2046 ratio-

127 2074 217 2098 nem
246 2061 388 2112 peccati
406 2090 416 2108 ,
447 2058 615 2111 ejusdem
640 2061 783 2111 peccati
801 2073 955 2111 poenam
975 2089 986 2106 ,
1017 2073 1060 2097 ac
1088 2062 1242 2099 tandem

129 2115 275 2166 peccati
304 2126 484 2159 caustun3
511 2126 590 2165 quo
610 2113 679 2162 fit,
711 2121 839 2152 utnon
870 2114 981 2165 possit
1011 2117 1136 2153 vocari
1155 2129 1242 2166 pec-

127 2176 254 2205 catum
272 2197 282 2215 ,
313 2175 495 2219 quatenus
525 2176 577 2206 est
607 2181 722 2219 poena
740 2197 750 2215 ,
781 2175 844 2204 aut
872 2180 985 2205 causa
1005 2168 1173 2219 peccati,
1202 2183 1243 2207 a·

128 2219 215 2258 liter
244 2221 341 2258 trina
370 2220 437 2257 illa
466 2221 619 2271 partitio
646 2229 737 2258 esset
765 2218 965 2258 illusoria.

183 2273 248 2317 43.
281 2272 496 2324 Respondeo
516 2275 618 2310 enim
632 2303 642 2322 ,
673 2273 750 2311 alia
766 2275 908 2311 ratione
930 2273 991 2311 hic
1012 2276 1242 2313 sumendum

129 2339 206 2363 esse
234 2329 386 2375 peccati
415 2338 577 2371 nomen3
621 2327 765 2364 scilicet
793 2326 864 2363 sub
893 2327 1062 2377 generali
1092 2330 1244 2367 notione

130 2379 256 2427 mali,
287 2387 326 2415 ut
354 2393 480 2416 sensus
509 2380 575 2427 sit,
623 2380 972 2431 concupiscentiam
1002 2394 1079 2418 esse
1108 2395 1244 2430 pecca—

129 2442 211 2470 tum
232 2461 243 2480 ,
287 2431 380 2470 idest
409 2431 554 2469 malum
586 2431 742 2483 aliquod
763 2462 775 2481 ,
817 2436 910 2483 quiri
940 2436 1040 2470 inest
1076 2434 1131 2470 illi
1160 2437 1243 2472 ino-

128 2484 325 2523 bedientia
353 2494 496 2523 contra
524 2485 776 2523 dominatum
798 2490 943 2524 mentis
958 2501 973 2530 ,-
1004 2486 1036 2522 δε
1058 2486 1141 2525 haec
1164 2489 1244 2525 ino*

127 2539 322 2578 bedientia
343 2569 353 2587 ,
383 2553 448 2577 seu
477 2537 638 2576 rebellio
658 2568 668 2585 ,
698 2538 733 2575 &
763 2552 891 2590 pugna
914 2541 1097 2578 adversus
1126 2542 1243 2592 spiri-

128 2601 209 2630 tum
241 2602 294 2630 est
322 2600 421 2629 certe
451 2590 597 2629 malum
627 2590 781 2642 aliquod
800 2621 810 2638 ,
853 2591 888 2627 8:
920 2594 1055 2630 vitium
1094 2602 1241 2631 natur-ze

129 2654 317 2697 corruptae
338 2676 348 2693 ,
378 2657 450 2682 non
481 2653 607 2681 tamen
639 2658 754 2691 vere,
785 2643 989 2696 &proprie
1021 2657 1242 2697 peccatum,

128 2700 202 2737 uisi
231 2701 265 2737 ei
293 2698 510 2750 praebeatur
539 2697 639 2735 liber
672 2696 873 2736 voluntatis
903 2713 1128 2738 consensus.
1162 2700 1242 2738 Un-

131 2751 176 2787 de
205 2755 316 2790 etiam
344 2751 509 2790 notanda
537 2760 621 2788 sunt
651 2749 720 2787 illa
748 2750 890 2789 verba:
919 2753 967 2792 <9⁴
995 2766 1124 2790 causa
1158 2765 1247 2801 pec-

133 2807 214 2840 cati
241 2815 319 2853 est,
349 2803 570 2857 defectione
599 2807 906 2852 consentientis,
950 2804 1018 2842 ubi
1047 2805 1247 2843 manifeste

135 2855 183 2891 ad
225 2858 459 2907 peccandum
502 2859 711 2911 requiritur
753 2856 878 2895 libera
915 2856 1114 2895 voluntatis
1142 2857 1246 2895 defe-

135 2908 238 2955 ctio,
266 2923 328 2945 seu
356 2924 554 2949 consensus
571 2937 582 2949 .
610 2911 658 2949 Et
688 2911 778 2949 Lib.
795 2910 866 2948 VJ.
896 2920 1000 2947 cont.
1030 2909 1106 2948 Jul.
1137 2909 1247 2947 Gra-

136 2964 218 3008 tia,
259 2961 404 3012 inquit,
449 2963 622 3015 perfecte
667 2968 828 3002 innovat
858 2962 1082 3012 hominem,
1123 2976 1250 3014 quan-

137 3023 224 3051 tum
253 3016 396 3050 attinet
424 3016 478 3052 ad
506 3016 775 3056 liberationem
805 3017 854 3055 ab
882 3016 1064 3054 omnibus
1084 3021 1248 3055 omnino

137 3069 336 3117 peccatis,
378 3078 458 3103 non
487 3079 677 3116 quantum
707 3071 762 3109 ad
790 3070 1062 3110 liberationem
1105 3075 1248 3110 attinet:

137 3118 188 3158 ab
217 3117 396 3158 omnibus
425 3120 569 3159 malis.

143 604 168 622 Τ)

144 657 169 675 ,³³

140 710 166 728 2)

142 763 168 781 Ἰ,

139 816 165 835 3)

139 870 165 888 2³

138 922 164 941 2>

137 976 165 994 :¹⁷

137 1029 163 1048 ³>

186 3285 235 3320 (a)
262 3280 476 3314 Guillelmus
494 3279 613 3315 Estius
630 3305 640 3323 ‚
665 3288 697 3317 ἃς
722 3288 880 3320 nonnulli
907 3289 966 3322 alii
992 3298 1185 3334 putarunt,
1212 3289 1246 3322 S.

139 3327 375 3360 Auoustinum
401 3328 554 3362 locutum
581 3339 651 3360 esse
677 3329 717 3362 de
744 3335 1023 3377 concupiscentia
1048 3336 1083 3366 in
1100 3347 1168 3367 non
1194 3346 1262 3367 rem

137 3355 256 3413 natis,
291 3373 347 3408 vel
371 3371 412 3407 de
440 3374 717 3418 concupiscentia
742 3380 974 3420 generaliter,
1016 3392 1091 3424 quoe
1118 3382 1153 3414 in
1179 3392 1247 3415 non

812 167 1216 212 DISSERTATIO
1248 166 1325 212 ΙΙΙ.
1378 165 1545 210 ΒΕΟΤ.
1579 167 1654 212 111.
1687 170 1815 214 CAP.
1847 171 1880 215 Ι.

1374 247 1439 292 44.
1470 247 1584 285 Dices
1613 247 1736 287 adhuc
1753 275 1764 288 .
1792 250 1834 288 S.
1856 250 1994 288 Doctor
2022 256 2217 302 comparat
2245 248 2426 301 concupi«

1320 302 1499 339 scentiam
1531 304 1704 338 caecitati
1731 303 1861 340 cordis
1883 332 1893 349 ,
1923 316 2000 354 qua
2031 308 2069 340 ιή
2087 303 2218 341 Deum
2249 316 2426 340 monere·

1321 353 1459 399 ditur,
1490 355 1593 406 atqui
1627 354 1708 392 haec
1739 365 1788 393 est
1819 369 1933 404 vere,
1962 370 2004 393 ac
2034 359 2184 409 proprie
2204 366 2426 409 peccatum:

1321 421 1408 459 ergo
1438 409 1552 445 etiam
1582 409 1912 460 concupiscentia.

1375 462 1438 508 45.
1471 461 1580 513 Resp.
1599 491 1608 508 ,
1657 461 1753 499 lianc
1782 463 2103 513 comparationem
2133 476 2208 500 esse
2249 463 2430 515 imperfe-

1319 523 1417 553 ctam
1437 545 1446 562 ,
1479 525 1516 552 ut
1546 514 1643 552 nihil
1674 515 1780 552 aliud
1810 515 2021 563 indicetur,
2051 516 2167 567 quam
2196 516 2296 567 quod
2312 529 2355 553 eo
2374 515 2429 554 lo-

1320 570 1355 605 ci
1384 578 1513 606 contra
1542 567 1758 619 Pelagianos
1787 568 2033 605 contendebat
2063 569 2319 619 Augustinus,
2357 571 2428 607 sci·

1318 621 1406 660 licet
1437 635 1506 659 non
1538 635 1745 673 repugnare
1775 621 1873 658 illud
1891 651 1901 669 ,
1931 622 2031 673 quod
2061 622 2101 657 in
2131 634 2167 658 se
2187 620 2332 659 malum
2349 631 2399 661 est
2417 650 2430 672 ,

1318 688 1395 712 esse
1425 677 1537 712 etiam
1569 676 1711 726 peccati
1743 689 1923 727 poeuam,
1961 674 1995 710 δε
2024 687 2206 712 causam.
2248 674 2290 710 ln
2321 688 2363 712 eo
2391 689 2430 713 e—

1319 730 1401 766 nim
1432 737 1527 765 totus
1557 737 1660 777 erat,
1692 737 1730 766 ut
1760 729 1972 775 evinceret,
2003 728 2348 778 concupiscentiam
2377 742 2432 766 es-

1318 795 1355 819 se
1384 781 1555 830 malam,
1588 790 1713 834 utpote
1743 795 1816 820 non
1846 781 2055 819 naturalem
2074 810 2085 828 ,
2124 780 2186 817 sed
2217 780 2362 832 peccati
2391 793 2432 816 o-

1317 834 1491 885 riginalis
1519 848 1674 886 posnam
1692 863 1702 874 .
1732 835 1835 882 Quia
1865 848 1952 873 vero
1972 833 2148 872 Julianus
2177 841 2285 871 acute
2313 831 2434 871 cavil-

1317 887 1490 935 labatur,
1518 890 1549 925 si
1578 891 1722 939 peccati
1755 903 1869 940 poena
1900 899 1971 937 est,
2002 903 2081 926 esse
2109 887 2338 925 laudandam
2358 915 2369 934 ,
2399 885 2433 922 δε

1317 941 1456 978 bonam
1480 969 1490 987 ,
1522 950 1645 992 utpote
1674 958 1696 980 a
1727 942 1798 980 Dei
1827 942 1973 993 justitia
2003 942 2215 988 inflictam,
2254 939 2294 978 S.
2324 936 2433 976 Pater

1318 995 1425 1030 varia
1454 992 1562 1030 affort
1590 995 1784 1047 exempla,
1814 997 1956 1047 quibus
1986 995 2174 1043 ostendat,
2203 993 2235 1029 &
2266 1007 2324 1031 res
2353 1007 2435 1030 ma·

1318 1046 1372 1082 las
1402 1060 1507 1098 posse
1536 1061 1558 1083 a
1587 1046 1684 1098 justo
1714 1049 1797 1086 Deo
1828 1059 1865 1087 ut
1894 1063 2024 1101 poenas
2055 1057 2294 1100 peccatorum
2325 1045 2434 1084 adhi-

1318 1099 1427 1143 beri3
1472 1101 1576 1151 atqui
1606 1103 1700 1138 inter
1730 1101 1834 1150 alia,
1877 1104 1994 1140 utitur
2038 1100 2212 1153 exemplo
2254 1101 2436 1138 caecitatis

1320 1153 1442 1191 cordis
1460 1183 1469 1199 ,
1518 1166 1594 1204 qua
1620 1167 1721 1204 saepe
1752 1155 1855 1192 Deus
1884 1157 1997 1193 corda
2038 1155 2290 1208 superborum
2319 1153 2435 1204 digna

1319 1207 1648 1244 animadversione
1678 1209 1812 1258 punit,
1842 1210 2016 1259 quamvis
2031 1210 2113 1260 ipsa
2132 1208 2283 1246 caecitas
2300 1206 2332 1242 δί
2352 1221 2434 1244 ma·-

1319 1258 1357 1296 la
1385 1260 1425 1297 in
1455 1274 1492 1296 se
1522 1260 1594 1308 sit,
1638 1260 1672 1297 8(
1702 1260 1875 1311 plurium
1919 1260 2107 1298 malorum
2136 1274 2278 1299 causa:
2321 1269 2435 1312 atque

1319 1312 1406 1350 inde
1435 1313 1628 1352 concludit
1643 1324 1770 1352 contra
1790 1312 1988 1352 Juliauum
2002 1343 2011 1361 ,
2043 1325 2116 1352 non
2136 1322 2331 1365 propterea
2348 1326 2437 1351 cou-

1319 1368 1594 1418 cupiscentiam
1627 1382 1702 1406 esse
1730 1367 1873 1406 honam
1905 1366 2187 1405 &laudabilem
2207 1396 2217 1414 ,
2246 1366 2338 1418 quia
2351 1381 2438 1416 poe-

1320 1434 1371 1458 na
1399 1430 1452 1459 est
1483 1430 1636 1473 peccato
1663 1422 1841 1473 originali
1872 1437 1893 1458 a
1923 1421 2006 1458 Deo
2032 1420 2238 1472 justissime
2268 1417 2437 1457 inflicta·

1318 1475 1406 1513 Jam
1436 1489 1525 1513 vero
1553 1489 1666 1513 nemo
1694 1489 1769 1513 non
1799 1475 1924 1521 videt,
1954 1487 2068 1524 scopo
2096 1473 2137 1511 S.
2169 1471 2368 1523 Augustini
2395 1484 2436 1508 o-

1317 1530 1452 1566 mnino
1468 1528 1680 1575 suffecisse,
1711 1528 2056 1579 concupiscentiam
2086 1540 2162 1564 esse
2177 1525 2331 1576 aliquod
2355 1538 2435 1562 ma-

1314 1581 1424 1627 lum,
1454 1595 1519 1618 seu
1549 1582 1687 1618 vitium
1703 1590 1878 1626 naturae3
1908 1594 1983 1617 non
2005 1587 2129 1617 autem
2161 1592 2312 1617 necesse
2341 1579 2436 1616 fuis-

1314 1646 1351 1671 se
1381 1647 1623 1685 supponere,
1654 1634 2001 1686 concupiscentiam
2032 1647 2109 1670 esse
2140 1634 2177 1670 in
2197 1647 2234 1670 se
2265 1632 2435 1669 verino-

1311 1687 1427 1725 minis
1457 1696 1653 1739 peccatum
1673 1719 1682 1736 ,
1726 1689 1827 1740 quod
1858 1687 2029 1725 homines
2058 1698 2164 1723 sacra
2193 1686 2295 1723 fonte
2325 1697 2434 1723 rena-

1312 1749 1365 1778 tos
1396 1740 1476 1777 Deo
1506 1742 1620 1779 saciat
1648 1741 1812 1779 odibiles
1842 1740 1905 1792 (tl)
1924 1766 1934 1778 .
2402 1755 2407 1759 ·

1368 1793 1434 1838 46.
1466 1793 1511 1831 Et
1541 1808 1626 1832 sane
1657 1807 1745 1832 cuin
1775 1803 1850 1831 tam
1881 1807 2010 1845 saepe,
2054 1793 2086 1830 8<
2117 1801 2194 1831 tam
2234 1791 2435 1845 perspicue

1312 1847 1352 1884 S.
1382 1846 1491 1884 Patet·
1520 1848 1559 1885 in
1589 1848 1665 1885 suis
1703 1845 1813 1884 libris
1842 1848 1973 1885 doceat
1993 1877 2004 1898 ,
2048 1856 2162 1885 totam
2206 1845 2433 1896 originalem

1313 1899 1470 1952 culpam
1491 1913 1567 1938 una
1587 1915 1676 1939 cum
1706 1903 1837 1939 ceteris
1853 1901 2034 1939 omnibus
2055 1901 2217 1952 peccatis
2238 1912 2344 1937 sacro
2363 1898 2434 1937 ha-

1313 1954 1439 2006 ptismi
1471 1953 1624 1992 lavacro
1644 1954 1832 2005 abstergi,
1863 1954 1974 2002 tolli,
2004 1954 2150 2001 deleri,
2181 1953 2350 2000 remitti,
2380 1953 2432 1991 ita

1313 2016 1352 2044 ut
1381 2006 1552 2045 homines
1580 2006 1694 2059 plane
1739 2016 2035 2058 regenerentur,
2084 2006 2116 2042 ἃ
2146 2009 2209 2044 toti
2253 2018 2436 2045 renoven-

1311 2068 1393 2106 tur3
1424 2059 1791 2112 &concupiscentiae
1822 2070 1981 2099 reatum
2013 2064 2052 2097 ιή
2082 2064 2261 2097 omnium
2290 2072 2435 2110 pecca-

1311 2123 1441 2152 torum
1472 2117 1706 2152 remissione
1734 2119 1931 2163 transire,
1965 2123 2002 2151 ut
2023 2113 2193 2166 loquitur
2208 2113 2276 2152 IV.
2308 2113 2431 2163 ejusd.

1311 2168 1435 2220 operis
1464 2182 1499 2206 c.
1534 2181 1618 2220 ¹9⁶³
1648 2169 1838 2220 quomodo
1866 2168 1958 2219 fingi
1988 2176 2132 2219 potest,
2176 2181 2263 2204 eum
2293 2174 2368 2203 tam
2390 2180 2431 2203 a·

1311 2229 1417 2272 perta
1446 2223 1737 2260 contradictione
1765 2223 1929 2275 potuisse
1945 2221 2135 2259 destruere
2153 2250 2163 2268 ,
2193 2219 2295 2273 quod
2321 2226 2431 2260 autea

1311 2275 1516 2322 docuerat,
1548 2275 1582 2311 8t
1612 2289 1761 2327 semper
1790 2277 1923 2314 docere
1955 2273 2148 2327 perr-exit?

1366 2328 1432 2378 47.
1464 2328 1598 2380 Neque
1628 2342 1717 2367 vero
1745 2329 1925 2367 audiendi
1970 2338 2080 2375 sunt,
2123 2329 2191 2380 qui
2220 2328 2268 2365 ad
2315 2326 2430 2364 malae

1312 2394 1392 2418 suae
1423 2395 1548 2418 causae
1578 2381 1906 2435 qualemcumque
1935 2383 2192 2420 defensionem
2221 2382 2431 2429 dixerunt,

1312 2434 1353 2472 S.
1380 2435 1636 2485 Augustinum
1667 2435 1736 2473 hoc
1766 2435 1850 2473 loco
1869 2436 2079 2474 doctrinam
2109 2448 2216 2474 suam
2237 2442 2433 2472 retractas-

1314 2501 1378 2534 se,
1408 2490 1704 2540 sententiamque
1733 2498 1898 2528 mutasse
1918 2515 1928 2527 .
1958 2488 2066 2527 Nihil
2098 2497 2196 2526 certe
2216 2488 2294 2527 dici
2315 2496 2431 2540 potest

1311 2539 1518 2589 insulsius,
1553 2555 1645 2580 nam
1674 2543 1776 2580 idem
1807 2556 1955 2595 sempet-
1984 2542 2017 2579 ἃ
2049 2544 2087 2581 iu
2117 2541 2224 2580 libris
2254 2543 2435 2594 posterio-

1313 2593 1420 2631 ribus
1449 2596 1745 2633 constantissime
1774 2597 1901 2635 docuit
1922 2626 1932 2644 ‚
1963 2609 2032 2633 nec
2061 2597 2102 2632 in
2131 2595 2258 2633 Libris
2290 2595 2437 2632 Retra—

1315 2651 1536 2684 ctazionum
1564 2649 1721 2699 aliquod
1741 2648 1856 2697 hujus
1878 2648 2094 2686 mutationis
2114 2647 2306 2697 judicium
2328 2659 2432 2698 prae-

1312 2700 1423 2737 buit:
1467 2702 1686 2750 quinimmo
1714 2701 1889 2738 traditam
1919 2715 1941 2738 a
1969 2714 2007 2737 se
2035 2700 2245 2737 doctrinam
2293 2700 2431 2737 iterum

1315 2751 1516 2789 confirmat
1546 2751 1634 2790 Lib.
1656 2751 1686 2790 I.
1717 2766 1801 2804 cap.
1827 2752 1888 2791 15.
1906 2783 1916 2801 ,
1965 2754 2140 2806 inquiens
2168 2752 2214 2789 de
2249 2756 2432 2805 concupi-

1315 2805 1476 2852 scentia,
1506 2803 1598 2841 Ideo
1625 2814 1836 2854 peccatum
1865 2815 2026 2845 vocatur
2055 2806 2140 2857 (ab
2171 2805 2348 2857 Apostolo
2378 2808 2429 2857 ),

1316 2860 1410 2907 quin,
1437 2857 1746 2910 peccatofacta.
1774 2868 1858 2907 est,
1887 2860 1937 2900 Θ
1964 2873 2085 2910 paena
2112 2863 2266 2910 peccati
2295 2868 2353 2898 est

1321 2909 1441 2961 Cujus
1469 2920 1603 2947 reatus
1629 2915 1673 2948 in.
1702 2911 1944 2962 baptismate
1979 2914 2134 2953 sols-tter
2151 2944 2161 2962 ,
2203 2912 2273 2951 sed
2316 2914 2429 2966 infir-

1319 2972 1442 3001 mitas
1471 2973 1637 3003 manet.

1370 3016 1436 3063 48.
1466 3017 1580 3056 Dices
1609 3026 1822 3069 postremo.
1853 3021 1958 3059 Idem
1985 3022 2026 3061 S.
2046 3022 2154 3061 Pater
2174 3022 2302 3060 Tract.
2324 3022 2431 3060 XLI.

1315 3071 1355 3108 in
1385 3070 1489 3109 Joan.
1507 3100 1518 3118 ‚
1548 3070 1741 3124 explicans
1769 3088 1814 3111 ea
1843 3075 1985 3114 verba:
2022 3076 2065 3114 Si
2094 3090 2189 3129 ergo
2217 3090 2279 3114 vos
2309 3074 2429 3114 Filius

1316 3122 1558 3174 liberaverit,
1588 3137 1674 3164 Vere
1703 3126 1811 3166 liberi
1840 3131 1947 3166 eritis
1967 3160 1979 3178 ,
2008 3130 2204 3182 duplicem
2234 3131 2429 3181 distinguit

2326 3182 2373 3219 li-

1315 3288 1446 3322 renatis
1471 3297 1652 3332 peccatum
1677 3299 1756 3331 est,
1790 3303 1857 3325 non
1884 3301 1936 3325 est
1961 3301 2076 3326 autem
2102 3300 2281 3337 peccatum
2307 3288 2341 3319 in
2368 3297 2428 3337 reo

1315 3335 1406 3417 arratis
1421 3356 1430 3366 .
1454 3334 1500 3388 EJt
1526 3335 1575 3388 ita
1599 3337 1704 3371 etiam
1731 3337 1984 3385 responderunt
2001 3339 2171 3375 Catholici
2196 3337 2233 3370 in
2251 3333 2427 3378 colto¹1¹²¹⁰

1351 3389 1551 3418 cunamen-st
1566 3404 1575 3414 .
