2583 3685
265 140 319 181 92
762 120 842 163 DE
877 118 1125 162 INGARN.
1157 117 1381 162 DISS.11.
1415 118 1583 161 SECT.
1605 119 1661 161 11.
1694 120 1828 163 CAP.
1849 121 1928 164 VI.

208 201 370 253 Mophet
388 230 399 244 ‚
427 200 528 249 quod
558 197 712 247 proprie
732 197 966 235 miraculum
987 206 1038 234 est
1054 223 1064 238 .
1096 197 1199 235 Utin
1216 197 1316 236 Psal—

204 268 270 293 mo
295 249 516 291 CXXXIV,
547 262 585 300 9.
633 248 748 288 illisit
777 254 923 301 signa,
964 250 1013 290 (9⁶
1041 250 1252 303 prodigia‚·
1283 250 1317 286 δε

203 320 307 357 saepe
336 304 460 342 alibi.
508 301 619 340 Unde
648 304 831 354 suspicari
862 317 937 340 non
967 304 1159 342 immerito
1189 318 1317 356 possu-

206 371 319 404 mus,
350 354 576 407 Prophetam
607 368 682 393 non
712 357 885 406 signnm,
921 354 981 393 vel
1013 358 1147 409 pignus
1176 358 1316 395 futurae

204 411 443 449 liberationis
473 410 609 452 doinus
638 408 765 448 David
795 423 1006 462 proponere
1036 409 1225 459 voluisse,
1255 410 1316 448 sed

202 466 326 517 potius
358 476 541 515 magnum
586 460 681 499 illud
719 463 937 514 prodigium
967 462 1140 513 Virginei
1182 477 1317 501 conce-

204 527 317 568 ptus,
347 516 381 555 &
413 527 540 568 partus
570 515 829 564 Emmanuel,
859 518 927 567 qui
955 524 1073 553 totum
1102 530 1217 567 genus
1246 516 1316 554 hu-

204 584 366 609 manum
397 584 418 606 a
447 570 666 620 captivitate
695 570 878 606 daemonis
907 568 1137 607 liberaturus
1166 578 1243 608 est.

261 636 349 661 220.
381 623 522 660 Dices.
571 622 771 669 Quomodo
800 621 952 660 Messiae
982 621 1051 659 illa
1079 623 1198 660 verba
1225 622 1315 660 ada-

202 678 300 727 ptari
330 685 513 727 possunt,
557 674 785 727 Butyrum,
833 675 882 715 Φ
912 675 991 712 mel
1019 675 1225 723 comedet,
1274 685 1316 713 ut

201 732 303 766 scirit
333 728 545 779 reprobare
575 729 731 765 Pllrzlurn
759 728 808 767 <9¹
840 728 984 779 eligere
1013 726 1188 774 bonum;
1223 741 1314 766 cum

201 782 282 832 ejus
312 785 440 825 anima
469 797 491 820 a
520 784 648 834 primo
685 781 940 833 conceptionis
976 791 1172 821 momento
1200 783 1316 822 fuerit

200 838 306 874 omni
337 837 519 886 sapientia
550 832 722 885 repleta?

255 903 345 928 221.
378 888 517 940 Resp.‚
552 887 766 939 significari
795 886 852 925 his
883 889 1009 928 verbis
1039 897 1213 926 naturam
1244 889 1316 927 hn-

198 957 355 982 manam
375 941 637 979 Emmanuelis
655 970 665 989 ,
695 942 761 993 qui
793 950 990 992 propterea
1011 941 1128 980 solitis
1149 941 1315 980 aliorum

200 997 405 1034 infantium
436 994 535 1034 cibis
565 995 703 1033 nutriri
732 994 922 1041 debebat,
964 994 1179 1044 cujusmodi
1211 1005 1314 1033 erant

199 1050 304 1101 apud
323 1049 477 1087 Judaeos
506 1048 691 1100 butyrum
710 1077 720 1095 ,
751 1047 784 1082 &
807 1046 881 1083 mel
900 1077 911 1093 ,
940 1048 1083 1098 quibus
1104 1058 1201 1085 terra
1214 1048 1314 1087 Cha-

200 1116 302 1142 naan
331 1102 576 1149 abundabat,
598 1100 738 1152 fluens
767 1100 872 1137 lacte
890 1130 900 1146 ‚
930 1101 979 1140 ἴθ’
1009 1100 1151 1137 melle:
1183 1101 1216 1139 8<
1246 1103 1314 1153 qui

201 1158 345 1203 etiam,
389 1164 428 1193 ut
457 1156 571 1193 ceteri
604 1155 712 1206 pueri
731 1183 741 1200 ,
785 1153 948 1191 debebat
985 1167 1152 1190 crescere
1183 1164 1316 1203 aetate,

201 1209 235 1246 ἃ
265 1210 477 1262 sapientia,
507 1207 641 1246 saltem
673 1217 826 1246 externa
857 1208 1008 1258 specie;
1040 1221 1127 1245 vere
1149 1209 1249 1245 enim
1271 1207 1319 1246 il-

201 1261 277 1303 lius
307 1264 437 1308 anima
467 1274 542 1301 non
573 1270 716 1314 poterat
744 1262 786 1300 in
815 1260 1002 1313 sapientia
1022 1273 1216 1310 crescere,
1245 1262 1317 1299 nisi

201 1314 493 1368 experimentali
511 1341 521 1354 .

257 1382 350 1412 222.
379 1370 493 1407 Dices
523 1369 684 1406 iterum.
715 1367 872 1416 Judaei‚
901 1369 967 1420 qui
990 1382 1157 1419 pavore,
1187 1368 1221 1405 8(
1242 1377 1318 1406 ter-

201 1435 285 1461 rore
314 1424 501 1473 correpti,
533 1422 646 1459 unice
677 1431 715 1459 ut
745 1421 793 1459 ab
824 1422 1039 1459 imminenti
1062 1421 1318 1460 liberarentur

199 1475 399 1527 pericuIO,
431 1474 583 1513 solliciti
613 1484 745 1522 erant,
780 1473 979 1512 oraculum
1011 1476 1119 1512 lsaiae
1149 1477 1195 1513 de
1224 1476 1318 1513 Em·

200 1528 382 1567 manuele
413 1542 455 1565 ex
488 1527 647 1579 Virgine
676 1529 867 1566 nascituro
897 1528 1109 1580 intelligere
1145 1543 1221 1568 non
1252 1542 1318 1582 po.—

203 1592 346 1621 lerant:
377 1595 703 1634 supervacaneum
734 1583 848 1633 igitur
877 1592 985 1620 erat.

255 1637 345 1675 225.
377 1635 512 1687 Resp.,
542 1636 675 1687 utique
706 1637 869 1686 potuisse
888 1635 1040 1673 Judaeos
1062 1645 1142 1672 tum
1165 1649 1209 1673 ex
1231 1649 1316 1674 ver-

201 1688 262 1727 bis
292 1691 406 1741 ipsis:
451 1687 559 1726 Ecce
589 1701 694 1740 Virgo
724 1692 939 1738 concipiet,
969 1689 1018 1728 (θ’
1045 1692 1203 1738 pariet,
1234 1698 1316 1726 tum

200 1741 323 1786 multo
352 1742 471 1792 magis
501 1754 546 1777 ex
589 1741 746 1792 adjectis
775 1740 1043 1779 Emmanuelis
1085 1742 1316 1779 characteri-

203 1794 275 1833 bus
303 1795 452 1832 oraculi
483 1794 741 1844 significatum
773 1793 1013 1844 intelligere,
1043 1795 1115 1832 nisi
1145 1796 1316 1833 carnales

203 1849 398 1886 existentes
427 1847 540 1884 rebus
569 1855 718 1885 tantum
751 1848 1004 1898 praesentibus
1026 1848 1181 1887 fuissent
1210 1861 1316 1886 more

201 1901 403 1940 brutorum
434 1904 640 1951 occupati.
671 1901 918 1951 Quamquam
948 1914 1024 1938 non
1053 1902 1185 1940 desunt
1217 1902 1317 1939 Rab-

200 1953 281 1994 bini
301 1984 310 2001 ,
340 1955 406 2004 qui
426 1952 605 1990 Messian}
623 1982 633 1999 ,
664 1966 709 1990 ex
731 1953 893 2003 Virgine
923 1955 1024 1991 nasci
1055 1955 1215 2002 debere,
1246 1955 1315 1992 hoc

203 2007 375 2046 instructi
399 2006 509 2043 lsaiae
542 2006 725 2043 vaticinio
754 2007 941 2043 fateantur
958 2034 967 2045 .
999 2006 1183 2046 Mirabile
1204 2010 1318 2046 etiam

206 2060 328 2099 videri
358 2068 501 2110 potest,
533 2058 633 2109 qnod
650 2058 753 2096 Dens
783 2058 945 2096 noluerit
972 2063 1098 2098 statim
1129 2062 1236 2099 initio
1256 2076 1319 2098 na-

205 2115 359 2151 tivitatis
379 2112 466 2150 Jesu
487 2109 629 2149 Christi
660 2109 731 2148 hoc
760 2120 961 2163 conceptus
978 2141 988 2158 ,
1019 2112 1052 2149 8<
1084 2123 1212 2164 partus
1230 2114 1319 2152 Vir.

202 2167 339 2218 ginalis
369 2166 598 2218 mysterium
627 2164 804 2202 omnibus
828 2164 1016 2208 revelari3
1048 2167 1126 2202 imo
1154 2167 1200 2203 ad
1223 2166 1321 2204 illud

202 2221 405 2270 tegendum
440 2218 630 2265 voluerit,
660 2217 828 2256 Mariam
851 2216 1013 2269 josepho
1043 2218 1207 2270 nuptiali
1239 2221 1323 2256 vin·-

207 2273 295 2310 culo
324 2271 535 2322 conjungi:
564 2270 674 2321 cujus
704 2272 859 2324 quidem
890 2271 1032 2310 divinae
1057 2273 1279 2310 oeconomiae
1300 2286 1323 2311 a

205 2327 343 2365 sanctis
373 2324 547 2362 Patribus
577 2325 695 2362 variae
726 2324 934 2362 afferuntur
965 2326 1151 2364 rationes.
1201 2324 1321 2362 Reve-

207 2379 328 2420 latnm
360 2388 484 2415 tamen
515 2378 586 2414 fuit
616 2376 665 2414 ab
696 2377 841 2428 Angelo
862 2377 1045 2415 Gabriele
1066 2378 1215 2429 Virgini
1235 2378 1320 2416 Ma—

205 2434 303 2480 πίω,
333 2446 421 2483 quae
451 2431 537 2482 jure
566 2430 805 2478 mirabatur,
837 2431 1027 2482 quomodo
1049 2443 1165 2482 posset
1196 2433 1233 2469 in
1254 2445 1321 2469 suo

208 2495 312 2525 utero
341 2487 561 2537 concipere,
592 2498 682 2522 cum
713 2484 838 2522 virum
861 2496 938 2522 non
958 2494 1217 2533 cognosceret.
1250 2484 1321 2522 Re-

205 2539 375 2582 velatnm
407 2547 457 2575 est
477 2536 640 2588 Josepho
662 2567 673 2585 ,
704 2551 748 2578 ne
778 2538 967 2576 dubitaret
988 2537 1158 2576 Mariam
1189 2537 1321 2589 conjn-

206 2607 292 2644 gem
323 2606 430 2631 suam
462 2594 660 2642 accipere:
691 2604 735 2629 ac
766 2592 920 2629 demum
944 2601 1111 2643 tempore
1139 2602 1323 2644 opportu-

207 2660 258 2686 no
285 2645 467 2682 omnibns
497 2660 517 2681 a
546 2644 660 2682 sacris
690 2642 945 2696 Evangelistis
981 2646 1213 2697 patefactum
1244 2654 1323 2684 est.

265 2699 355 2744 224.
390 2698 476 2736 Duo
506 2706 693 2749 postremo
722 2711 913 2749 superesse
944 2708 1095 2750 possunt
1129 2700 1325 2750 scrupuli:

210 2753 334 2804 primo
365 2752 466 2805 quod
498 2752 535 2788 in
567 2750 796 2802 primigenio
825 2761 926 2788 textu
958 2751 1137 2789 hebraico
1171 2766 1244 2789 non
1273 2752 1326 2788 le-

213 2814 320 2855 gatur
351 2807 387 2842 iu
418 2816 588 2856 tempore
617 2804 774 2840 futuro:
820 2804 931 2842 Ecce
961 2809 1065 2855 virgo
1109 2809 1325 2854 concipiet,

214 2859 263 2897 (9·
292 2863 448 2905 partem
478 2858 539 2896 sed
571 2859 611 2898 in
640 2858 836 2909 praeterito
866 2863 1064 2908 concepit,
1104 2860 1152 2897 Θ
1181 2863 1328 2909 peperit

218 2905 460 2962 ΓΠὸἹἹΓι-ζη
480 2937 490 2949 .
537 2910 742 2958 Secundo,
790 2912 893 2964 qnod
922 2911 1027 2949 Jesus
1056 2909 1226 2949 Christus
1257 2924 1328 2948 non

219 2961 335 3000 fuerit
365 2975 515 3002 vocatus
544 2962 824 3003 Emmanuel.

275 3013 366 3055 ,225-
396 3014 522 3053 Primo
551 3017 671 3055 dubio
700 3018 815 3055 facile
837 3027 1042 3057 occurrunt
1071 3016 1214 3070 linguae
1245 3032 1329 3056 san*

215 3074 285 3106 εἰῶ
316 3068 459 3116 periti,
489 3071 554 3122 qni
584 3070 682 3108 bene
711 3082 871 3121 norunt,
903 3073 1076 3110 futurum
1106 3087 1128 3109 a
1158 3074 1329 3123 praeteri-

215 3128 254 3158 to
284 3132 454 3169 persaepe
482 3121 603 3159 solum
635 3137 678 3161 ex
709 3124 899 3174 adjunctis
927 3127 1108 3175 distingui
1127 3157 1137 3175 ,
1171 3138 1330 3177 quomo-

206 3173 264 3213 ‘do
295 3171 356 3209 hic
387 3174 647 3223 distinguitur,
680 3178 778 3215 unde
808 3182 924 3218 etiam
956 3179 1081 3217 LXX.
1111 3181 1225 3217 Senes
1246 3192 1329 3217 ver-

218 3235 341 3269 terunt
364 3227 581 3277 intempore
604 3228 728 3265 futuro
749 3234 765 3267 ἡ
787 3234 972 3279 παρθένος
995 3234 1028 3271 εἰν
1045 3232 1154 3282 yae-»1¹
1173 3230 1330 3274 λῆπσα-

217 3291 306 3327 σαι,
334 3285 365 3328 13
394 3279 546 3327 τέξεῖαι
575 3278 654 3318 υἶόν
673 3307 682 3316 .
716 3279 834 3334 lsi-gio
863 3287 903 3319 in
933 3295 1042 3321 utero
1072 3284 1222 3323 habebit
1240 3315 1252 3330 ,
1280 3287 1330 3325 (θ’

203 3333 346 3383 ‚pariet
364 3330 533 3382 filium·
579 3328 765 3372 Praeterea
796 3339 1101 3387 irequentissime
1131 3337 1329 3389 Prophetae

1383 197 1429 235 ad
1459 195 1729 246 designandam
1751 200 2015 237 certitudinem
2031 206 2185 238 eventus
2200 196 2383 238 adhibent
2398 206 2492 239 tem-

1384 264 1455 302 pus
1486 250 1752 301 praeteritum‚
1800 251 1859 289 vel
1892 265 2054 301 praesens
2097 266 2164 304 pro
2194 254 2346 301 futuro,
2391 254 2493 305 quod

1385 302 1598 341 innumeris
1634 301 1805 351 ejusdem
1835 304 1943 340 Isaiae
1973 304 2064 342 locis
2101 306 2320 345 confirmari
2352 316 2492 358 potest:

1386 366 1425 394 ut
1454 369 1542 393 cum
1564 355 1609 392 de
1631 353 1773 393 Messia
1793 355 2054 407 prophetavit:
2083 357 2318 411 Languores
2337 370 2493 398 nostros

1386 414 1468 458 ipse
1497 409 1581 447 tulit
1604 438 1614 455 ,
1663 408 1711 448 (²9¹
1741 407 1892 446 dolores
1920 419 2074 447 nostros
2114 415 2198 462 ipse
2224 418 2391 463 portavit
2420 414 2493 450 &c-

1387 464 1512 515 Atqne
1543 461 1625 499 haec
1656 464 1870 499 communis
1900 473 1951 499 est
1981 472 2148 500 veterum
2170 463 2352 516 Panum,
2382 480 2495 521 atque

1383 517 1636 567 Interpretum
1667 514 1781 566 hujus
1809 513 2043 553 difficultatis
2072 517 2269 555 enodatio,

1440 569 1530 608 226.
1563 569 1733 606 Alterum
1764 581 1853 606 vero
1894 567 2119 619 scrupulum
2160 568 2240 619 jam
2270 574 2407 610 exemit
2436 572 2493 611 Ε.

1384 623 1591 674 vangelista
1622 621 1827 660 Matthaeus
1857 635 1891 658 c.
1921 622 1951 658 Ι.
1983 631 2186 673 utrumque
2215 635 2354 660 nomen
2375 624 2492 664 simul

1383 676 1620 726 conjungens
1634 675 1745 713 Jesus
1762 705 1772 723 ,
1803 675 1836 711 8<
1858 673 2129 720 Emmanuel,
2161 677 2176 724 (
2197 688 2281 726 sup.
2303 690 2341 713 n.
2363 678 2451 728 198.
2472 679 2489 728 )

1383 743 1546 781 quorum
1576 729 1737 766 alterum
1768 729 1816 766 ab
1849 728 1993 780 Angelo
2022 727 2244 779 impositum
2277 728 2371 775 suit,
2400 729 2490 768 alte-

1384 796 1471 822 rum
1501 798 1523 821 a
1552 781 1759 834 Propheta.
1791 782 1963 819 Primum
1993 780 2165 817 officium
2187 780 2403 819 Salvator&
2426 796 2492 820 ex.-

1384 835 1521 886 plicat:
1552 837 1761 874 secundnm
1793 834 1964 885 ejusdem
1985 833 2191 871 Salvatoris
2213 848 2412 886 personam
2432 836 2492 874 di·

1384 889 1516 927 vinam
1549 889 1587 924 in
1617 888 1763 940 duplici
1796 897 1931 925 natura
1961 887 2253 926 subsistentem.

1441 954 1530 991 227.
1561 941 1636 978 Sed
1667 944 1886 979 recentiores
1915 941 2300 993 aliqiii,‘gravesque
2330 940 2496 979 Theolo-

1381 995 1419 1045 gi
1450 994 1612 1031 minime
1641 994 1839 1042 dubitant,
1869 996 1960 1032 duos
1991 1007 2124 1045 pueros
2155 995 2268 1032 fuisse
2300 996 2339 1033 in
2369 1009 2412 1032 eo
2440 994 2496 1031 lo-

1382 1061 1428 1084 co
1456 1047 1504 1083 ab
1535 1047 1629 1084 lsaia
1660 1047 1874 1096 indigitatos
1903 1048 1936 1085 8<
1966 1049 2180 1086 distinctos:
2218 1050 2390 1098 primum
2421 1048 2495 1086 sci-

1387 1100 1475 1137 licet
1505 1097 1826 1146 Emmanuelem,
1865 1114 1928 1136 sen
1960 1100 2169 1147 Messium,
2213 1101 2261 1138 ad
2290 1115 2406 1153 quem
2438 1115 2496 1139 re-

1388 1154 1560 1198 feruntur
1591 1167 1633 1190 ea
1663 1151 1801 1196 verba:
1831 1150 1939 1189 Ecce
1967 1157 2071 1204 virgo
2099 1158 2315 1202 concipiet,
2346 1154 2393 1195 (9
2425 1167 2497 1203 pa·-

1385 1210 1456 1244 riet
1475 1221 1490 1250 ‚7
1520 1205 1682 1243 alterum
1713 1217 1801 1242 vero
1830 1204 1958 1243 filiurn
1988 1204 2238 1255 Prophetissae
2257 1237 2268 1256 ,
2311 1221 2428 1258 quem
2459 1209 2500 1247 in

1383 1262 1535 1311 signum
1553 1289 1564 1307 ‚
1593 1259 1626 1295 δε
1657 1260 1794 1310 pignus
1823 1258 1996 1308 proxime
2019 1258 2157 1295 futurae
2175 1259 2414 1299 liberationis
2435 1275 2500 1298 na-

1386 1315 1571 1351 sciturum
1595 1313 1766 1364 praedicit
1785 1338 1794 1349 .
1825 1312 1954 1364 Itaque
1971 1312 2096 1362 priora
2115 1311 2257 1350 verba:
2287 1312 2394 1350 Ecce
2412 1311 2500 1351 Vir-

1384 1380 1435 1419 go
1466 1370 1657 1416 concipiet
1675 1396 1685 1413 ,
1714 1364 1764 1406 <¹9³
1793 1369 1921 1415 pariet
1938 1364 2079 1416 filium
2097 1394 2107 1412 ‚
2136 1364 2186 1405 (9-
2215 1363 2412 1403 vocabitur
2431 1379 2501 1403 no-

1387 1434 1481 1458 men
1511 1421 1597 1471 ejus
1627 1418 1907 1462 Emimmuel;
1936 1417 2122 1470 butyrum
2140 1447 2151 1467 ,
2180 1418 2230 1459 (9¹
2261 1419 2340 1456 mel
2369 1431 2502 1456 come-

1386 1474 1451 1511 det
1471 1505 1481 1522 ,
1512 1483 1552 1511 ut
1581 1477 1683 1511 scirit
1715 1471 1928 1524 reprobare
1958 1472 2140 1520 malum,
2183 1472 2232 1512 (9-
2264 1473 2410 1524 eligere
2439 1469 2504 1508 bo-

1386 1541 1511 1575 num,
1548 1529 1742 1564 continere
1772 1526 1904 1564 dicunt
1935 1526 2224 1577 promissionem
2257 1524 2409 1563 Messian
2440 1538 2502 1562 na-

1386 1581 1518 1621 scituri
1549 1593 1594 1618 ex
1624 1580 1811 1631 Virgine,
1842 1579 1876 1615 8(
1906 1580 1975 1631 qui
2004 1593 2094 1616 cum
2125 1578 2230 1618 Deus
2259 1579 2333 1626 sit,
2372 1578 2406 1615 8(
2438 1577 2505 1615 ho-

1385 1647 1475 1682 mo,
1507 1634 1725 1673 educandus
1743 1663 1754 1680 ,
1802 1632 1835 1668 δε
1865 1632 2089 1671 nutriendus
2119 1631 2234 1670 fuerit
2264 1633 2379 1670 instar
2408 1630 2504 1668 alio-

1385 1701 1471 1725 rum
1500 1701 1711 1740 puerorum
1742 1687 1840 1724 lacte
1857 1716 1868 1734 ,
1899 1684 1933 1722 8(
1953 1684 2068 1723 melle
2085 1712 2095 1724 .
2126 1685 2334 1738 Sequentia
2354 1692 2503 1722 autem:

1389 1739 1494 1791 Quia
1525 1744 1539 1790 (
1568 1740 1749 1779 hebraice
1779 1748 1837 1791 ,η
1865 1739 1936 1777 sed
1964 1738 1979 1787 )
2023 1749 2245 1789 antequam
2274 1743 2377 1776 sciat
2407 1748 2503 1788 puer

1383 1793 1596 1844 reprobare
1625 1794 1804 1841 malum,
1834 1793 1883 1832 ἴθ’
1901 1793 2046 1844 eligere
2060 1791 2227 1837 bonum,
2257 1790 2502 1842 derelinque-

1386 1857 1449 1886 tur
1478 1857 1587 1886 terra
1610 1877 1620 1895 ,
1650 1860 1774 1897 quom
1804 1855 1844 1882 tu
1874 1845 2107 1892 detestaris,
2140 1858 2168 1882 a
2186 1843 2307 1896 facie
2336 1844 2503 1882 (luorum

1386 1900 1540 1953 Regum
1570 1913 1757 1948 suorum,
1799 1899 1935 1937 referri
1965 1898 2097 1938 volunt
2126 1898 2173 1936 ad
2204 1897 2329 1937 filium
2362 1899 2469 1936 lsaiae
2490 1927 2502 1946 ,

1386 1958 1452 2006 qui
1484 1964 1607 2006 postea
1637 1953 1779 1991 clarius
1809 1954 2002 1991 indicatur
2032 1953 2072 1990 in
2101 1966 2136 1989 c.
2167 1965 2247 2004 seq.
2288 1952 2505 1989 Observant

1387 2009 1489 2046 enim
1509 2037 1519 2055 ,
1550 2005 1776 2058 Prophetam
1805 2019 1881 2042 non
1901 2006 2038 2043 dixisse
2055 2035 2065 2052 ,
2096 2006 2190 2058 quia
2209 2014 2414 2058 antequam
2431 2008 2505 2043 iste

1389 2063 1487 2112 puer
1517 2062 1608 2098 sciat
1637 2059 1841 2111 reprobare
1870 2057 2018 2095 malum
2049 2058 2143 2105 δια,
2173 2059 2274 2110 quod
2293 2060 2504 2097 dicendum

1387 2113 1448 2152 illi
1480 2122 1584 2160 erat,
1629 2114 1659 2151 si
1688 2111 1813 2152 adhuc
1843 2111 1888 2148 de
1920 2122 2037 2162 puero
2066 2110 2297 2151 Emmanuel
2328 2111 2503 2163 loquere·-

1389 2176 1474 2203 tur:
1517 2167 1580 2202 sed
1609 2165 1747 2202 dixisse
1777 2163 1975 2211 absolute,
2018 2172 2241 2214 antequam
2270 2177 2367 2214 puer
2397 2167 2411 2213 (
2444 2163 2504 2202 vel

1391 2220 1544 2256 fortasse
1560 2227 1783 2267 antequam
1804 2218 1866 2254 ille
1887 2229 2004 2267 puer,
2036 2227 2187 2268 propter
2207 2217 2476 2267 aspirationem
2491 2247 2503 2265 ‚

1393 2280 1422 2312 Π
1454 2269 1500 2307 lie
1529 2270 1546 2318 )
1579 2279 1616 2306 ut
1645 2269 1902 2320 significaret,
1948 2284 1984 2306 se
2015 2282 2088 2305 non
2119 2268 2283 2320 amplius
2321 2269 2425 2321 loqui
2456 2270 2506 2308 de

1389 2322 1675 2368 Erinnanuele,
1705 2323 1769 2360 sed
1797 2322 1844 2359 de
1872 2321 1948 2359 alio
1978 2334 2117 2373 puero,
2147 2335 2211 2358 sen
2239 2322 2285 2359 de
2315 2322 2398 2359 filio
2419 2322 2507 2359 Pro-

1389 2376 1596 2428 phetissae.
1643 2376 1753 2416 Hanc
1783 2374 2076 2426 explicationem
2106 2374 2283 2412 adhibuit
2314 2383 2393 2427 post
2421 2375 2507 2413 Jac.

1389 2430 1481 2467 Heri.
1513 2431 1692 2468 Bossuet.
1740 2428 1782 2467 Ρ.
1812 2430 2051 2481 Augustinus
2088 2426 2236 2466 Calmet
2274 2429 2312 2466 in
2346 2428 2506 2467 Dissert.

1390 2487 1587 2535 praemissa
1616 2484 1910 2521 Commentariis
1940 2483 1977 2520 in
2008 2481 2171 2520 lsaiam.
2209 2481 2346 2520 Eidem
2377 2480 2509 2520 adhae-

1392 2547 1446 2575 ret
1475 2539 1589 2575 etiam
1620 2535 1660 2575 l’.
1690 2538 1779 2575 Car.
1809 2535 2029 2585 Honbigant
2059 2536 2096 2575 in
2131 2534 2296 2573 adnotat.
2326 2535 2373 2573 ad
2405 2534 2509 2575 hunc

1393 2591 1503 2628 Isaiae
1534 2591 1664 2628 locum
1683 2619 1692 2637 ,
1723 2602 1816 2642 quos
1846 2597 1972 2626 tamen
2004 2588 2150 2627 haerere
2169 2603 2320 2627 necesse
2341 2596 2414 2636 est,
2445 2597 2510 2628 aut

1392 2657 1622 2696 magnopere
1651 2641 1830 2680 laborare
1858 2656 1948 2682 cum
1979 2650 2126 2694 tempus
2161 2643 2417 2680 determinare
2446 2653 2508 2678 co-

1394 2707 1535 2748 guntur
1552 2727 1562 2744 ,
1591 2709 1669 2749 quo
1698 2695 1897 2748 prophetia
1925 2696 1970 2733 de
1986 2696 2179 2733 eversione
2194 2695 2381 2733 Samariae
2405 2705 2508 2730 com-

1394 2750 1496 2802 pleta
1528 2751 1626 2797 fuit,
1655 2747 1762 2799 juxta
1792 2763 1861 2796 ea,
1891 2762 1978 2802 quae
2009 2762 2125 2801 supra
2155 2762 2192 2787 n.
2225 2746 2314 2792 214.
2346 2759 2435 2784 cum
2465 2745 2508 2785 S.

1396 2804 1635 2854 hieronymo
1663 2802 1833 2839 diximus
1849 2828 1859 2839 .

1453 2856 1544 2894 228.
1574 2854 1621 2892 Et
1653 2853 1737 2891 haec
1767 2855 1922 2906 quidem
1953 2854 1999 2891 de
2028 2853 2280 2905 explicatione
2307 2866 2392 2904 cap.
2423 2852 2511 2892 VH.

1396 2910 1534 2949 Isaiae.
1565 2907 1740 2945 Dubium
1773 2918 1899 2945 tamen
1928 2915 2094 2959 superest
2122 2906 2168 2943 de
2198 2907 2270 2953 iis,
2301 2919 2389 2959 quae
2420 2905 2511 2943 Pro-

1398 2962 1511 3015 pheta
1554 2961 1659 2997 addit
1702 2974 1788 3011 cap.
1821 2959 1952 2997 Vlll.:
1999 2958 2056 2997 Et
2085 2957 2187 2997 (lixit
2216 2958 2416 2996 Dominus
2458 2959 2516 2998 ac]

1399 3029 1486 3063 me,
1516 3027 1628 3052 sume
1659 3011 1723 3050 tibi
1753 3012 1891 3050 librum
1919 3011 2144 3064 grandem,
2173 3012 2222 3053 (9⁰
2242 3012 2368 3050 scribe
2395 3016 2438 3050 in
2466 3026 2515 3051 eo

1399 3069 1506 3121 stylo
1526 3067 1696 3105 hominis
1713 3081 1727 3103 .·
1757 3067 1938 3103 velociter
1952 3066 2079 3117 spolia
2100 3065 2284 3113 detrahe,
2315 3065 2391 3104 cito
2409 3079 2513 3120 proe-

1398 3122 1496 3160 <lare
1514 3148 1524 3159 .
1554 3119 1608 3157 Et
1638 3119 1795 3157 ‹isllzil'mi
1817 3118 1910 3157 milii
1927 3129 2045 3157 testes
2062 3118 2240 3172 fideles,
2275 3118 2416 3157 Uriam
2435 3119 2511 3157 Sa·

1399 3175 1626 3221 cerclotem,
1657 3175 1705 3212 (ξφ
1737 3172 1988 3211 Zachariam
2006 3173 2147 3226 filium
2178 3172 2423 3216 Brzrachioe;
2457 3171 2507 3215 <9³

1398 3231 1549 3267 accessi
1579 3226 1633 3266 <tal
1654 3226 1946 3278 Proplzetissam
1966 3253 1977 3271 ,
2006 3232 2055 3267 (9‘
2085 3230 2261 3276 concepit
2279 3257 2290 3274 ,
2318 3226 2367 3268 ζῇ·
2394 3236 2507 3273 pepe·

1399 3288 1448 3321 rit
1465 3282 1602 3336 filium
1621 3307 1631 3318 .
1661 3279 1716 3317 Et·
1746 3280 1848 3318 dixit
1876 3279 2074 3318 Dominus
2104 3280 2158 3318 ad
2188 3292 2283 3319 me:
2311 3290 2406 3316 voca
2436 3289 2507 3315 710-

1397 3349 1491 3377 men
1520 3336 1625 3388 ejus.
1674 3334 1895 3385 Accelerat,
1924 3335 2053 3387 spolia
2082 3332 2292 3375 detrahere
2312 3360 2324 3381 ,
2341 3329 2507 3383 festino

2354 3396 2459 3436 μνω-
