2583 3685
827 73 907 119 DE
942 72 1119 118 POENA
1155 71 1303 116 MAL.
1336 70 1566 116 ANGEL.

115 158 209 200 256.
236 153 443 196 Scholion·
472 153 596 194 Locus
623 153 817 194 videretur
846 154 910 194 hic
940 164 1173 208 opportunus

59 213 107 255 de
135 213 258 254 debita
288 208 520 261 Angelorum
558 210 826 259 veneratione,
875 218 988 262 atque
1018 211 1172 247 iuvoca-

58 270 160 308 tione
187 262 472 317 pertractandi.
518 261 593 300 Sed
622 277 710 301 cum
744 264 780 302 id
810 272 1012 311 accurate,
1041 264 1171 315 copio—

59 332 173 372 ,eque
202 316 286 355 fieri
315 315 459 364 soleat,
491 316 558 353 ubi
589 318 713 368 agitur
733 318 779 355 de
795 317 899 356 cultu
916 316 1140 354 Sanctorum
1159 346 1171 364 ‚

57 369 143 418 ideo
198 383 293 408 auca
330 369 510 408 duntaxat
539 370 580 407 S.
615 372 794 409 Bernardi
838 370 953 409 verba
989 368 1172 420 subjicie-

58 439 145 466 mus
172 386 298 463 germ
327 422 418 461 Xll.
462 424 500 461 in
527 422 669 462 Psalm.
701 424 783 463 XC.
825 439 864 463 n.
895 421 962 471 8.,
1011 422 1078 459 ubi
1109 435 1172 459 ex-

57 479 225 533 pendens
253 492 298 516 ea
328 476 489 516 Davidis
518 478 658 516 verba:
694 479 856 531 Angelt's
885 480 964 514 suis
994 475 1173 513 manda-

58 537 108 573 vit
139 529 189 571 de
219 539 258 570 te
280 561 291 580 ‚
320 539 360 568 ut
389 530 615 569 custodiant
644 541 683 570 te
712 536 751 569 in
781 529 961 569 omnibus
981 533 1048 567 viis
1069 533 1173 566 tuis:

60 617 88 638 „
118 585 340 634 Quantam,
383 588 537 636 inquit,
586 586 656 624 tibi
685 586 794 625 debet
824 584 894 622 hoc
925 583 1087 622 verbum
1121 584 1176 621 in-

60 670 89 691 „
118 640 218 678 ferre
245 639 529 688 reverentiam,
557 638 693 677 afferre
720 639 957 676 devotionem
974 667 985 685 ,
1028 637 1178 674 confer-

61 724 89 745 „
120 707 160 732 re
190 691 398 732 fiduciam!
429 694 677 731 reverentiam
708 705 777 744 pro
806 692 1035 743 praesentia,
1065 690 1179 728 devo-

60 777 89 798 „
118 749 261 786 tionem
287 760 360 799 pro
386 745 650 785 benevolentia
671 775 682 793 ‚
731 745 916 783 fiduciam
946 757 1014 797 pro
1056 753 1179 782 custo-

61 832 89 852 ,‚
118 801 183 840 dia
203 827 246 839 ...
293 799 398 849 Quid
435 799 620 837 retribues
649 798 817 837 Domino
860 812 931 851 pro
965 797 1178 846 omuibus,

61 885 89 905 „
148 867 207 891 uae
237 853 413 892 retribuit
440 851 542 891 tibi?
571 852 773 904 Siquidem
803 851 872 891 soli
902 853 936 890 ei
966 851 1114 900 honor,
1144 851 1178 888 8(

61 938 88 958 ,‚
118 869 264 945 qloria.
294 905 423 954 Quare
452 907 487 944 ei
515 904 615 944 soli?
649 906 752 955 Quia
782 907 862 960 ipse
891 905 1114 952 mandavit,
1145 903 1179 940 8(

60 991 90 1012 „
117 973 229 999 omue
256 960 387 999 datum
415 961 605 1012 optimum
633 961 784 999 nonnisi
813 961 863 999 ab
894 960 961 998 illo
990 968 1044 998 est
1061 985 1071 997 .
1099 958 1178 996 Ve-

61 1044 89 1064 „
119 1022 335 1054 ruintamen
364 1014 431 1052 etsi
451 1012 518 1052 ille
537 1015 754 1062 mandavit,
784 1016 878 1067 ipsis
896 1027 1050 1068 quoque
1067 1044 1078 1062 ,
1107 1014 1178 1066 qui

60 1098 88 1119 ,‚
118 1067 151 1104 ἃ
182 1068 217 1106 ei
245 1081 291 1106 ex
319 1075 421 1106 tanta
449 1068 603 1106 caritate
631 1068 844 1118 obediunt,
887 1067 922 1104 8(
950 1067 1061 1106 nobis
1090 1067 1179 1105 snb-

60 1151 90 1172 „
120 1121 277 1160 veniunt
306 1122 344 1159 in
372 1129 475 1160 tanta
502 1122 749 1171 necessitate,
793 1124 956 1175 ingratos
986 1135 1064 1158 esse
1104 1133 1184 1159 non

62 1206 88 1226 „
119 1174 234 1214 licet.
263 1173 393 1214 Simus
422 1188 512 1228 ergo
539 1175 691 1225 devoti,
720 1178 841 1214 simus
869 1176 966 1228 grati
988 1175 1097 1212 tantis
1117 1187 1184 1212 cu-

62 1259 91 1279 „
119 1229 311 1268 stodibus:
341 1229 583 1268 redamemus
600 1234 686 1278 eos',
707 1229 934 1267 honoremus
950 1241 1032 1276 eos,
1061 1241 1182 1280 quan·

63 1312 90 1332 „
118 1290 202 1320 tum
231 1295 456 1337 possumus,
484 1291 670 1334 quantum
691 1283 901 1328 debemus;
931 1291 1025 1321 totus
1055 1290 1182 1319 tamen

64 1366 91 1387 „
121 1337 156 1374 ei
186 1335 364 1374 reddatur
393 1334 428 1371 8(
456 1347 592 1383 amor,
640 1334 674 1372 &
705 1334 824 1373 honor
853 1344 1008 1383 noster,
1056 1349 1078 1372 a
1107 1347 1184 1386 quo

66 1418 93 1438 ,‚
121 1397 199 1427 tam
229 1388 320 1441 ipsis
338 1418 349 1437 ,
379 1401 498 1439 quam
527 1388 635 1426 nobis
665 1399 716 1426 est
747 1397 896 1437 totum,
936 1388 1036 1427 unde
1065 1387 1185 1426 hono-

65 1471 92 1491 „
121 1455 204 1479 rare
234 1452 459 1492 possumus,
489 1440 549 1478 vel
580 1455 738 1486 amare;
770 1443 867 1479 uude
883 1443 1004 1479 amari
1023 1471 1034 1488 ,
1063 1440 1185 1478 hono-

63 1522 91 1543 „
120 1493 246 1532 rarive
273 1505 496 1531 meremur.
544 1491 678 1546 Neque
709 1495 812 1531 enim
845 1493 1073 1545 Apostolus,
1118 1493 1186 1530 ubi

64 1576 93 1597 „
120 1546 200 1584 ait:
228 1543 299 1583 soli
327 1544 411 1583 Deo
437 1543 583 1594 honor,
614 1547 649 1583 ὅ(
676 1544 822 1598 gloria,
853 1545 1077 1598 prophetico
1105 1558 1187 1582 cre-

55 1629 92 1650 „‚
120 1597 265 1638 dendus
287 1607 346 1637 est
373 1597 532 1637 obviare
559 1601 755 1648 sermoni,
800 1600 868 1652 qui
899 1600 972 1638 sibi
995 1599 1119 1637 *etiam
1147 1613 1187 1635 a·

64 1683 92 1703 ,‚
122 1654 240 1693 mices
267 1651 343 1692 Dei
372 1653 490 1692 nimis
531 1651 798 1692 honorificatos
840 1667 918 1691 esse
949 1661 1101 1691 testatur
1119 1678 1129 1690 .
1159 1654 1186 1673 “

63 1705 244 1756 Quibus,
285 1705 450 1760 aliisque
478 1706 608 1746 multis
637 1707 675 1745 id
703 1721 822 1760 genus
851 1706 978 1746 verbis
1007 1706 1047 1745 S.
1077 1703 1187 1744 Pater

62 1759 231 1806 mirifice
258 1759 453 1813 explicat,
482 1761 676 1814 quomodo
706 1761 871 1813 Angelos
900 1774 973 1800 non
1002 1758 1126 1799 solum
1147 1774 1187 1797 a·

59 1827 200 1863 mare,
230 1827 368 1853 vetum
397 1815 513 1853 etiam
532 1814 721 1854 honorare
751 1815 986 1861 debeamus3
1016 1815 1112 1866 quin
1131 1822 1187 1851 ta-

59 1881 154 1907 men
183 1867 248 1906 h‘ic
276 1867 439 1906 laedatur
479 1867 602 1908 honor
635 1868 708 1907 ille
752 1869 914 1918 Iatriae,
962 1882 1081 1922 quem
1112 1866 1187 1907 soli

67 1920 152 1961 Deo
180 1920 364 1961 debemus
380 1947 392 1961 .

121 1974 215 2026 257.
244 1974 320 2014 Hic
335 1984 459 2014 tamen
472 1975 642 2016 breviter
669 1977 879 2016 notandum
897 1985 976 2026 est,
1005 1990 1083 2015 non
1099 1988 1189 2015 con-

65 2029 233 2067 suevisse
265 2028 459 2081 peculiari
488 2030 633 2082 Angelo
660 2030 815 2070 Custodi
857 2030 1063 2084 publicum
1106 2029 1190 2069 cul-

65 2090 149 2121 tum
178 2082 227 2122 ab
240 2080 418 2122 Ecclesia
445 2085 628 2134 concedi,
658 2086 774 2137 quia,
808 2093 850 2123 ut
865 2084 1190 2136 observatGuyet

66 2134 118 2174 de
133 2135 259 2189 festis
286 2141 452 2190 propriis
480 2137 726 2177 Sanctorum
756 2139 846 2178 Lib.
866 2140 897 2178 l.
926 2153 962 2177 c.
995 2139 1055 2187 5.,
1085 2151 1186 2176 rnor-

22 2217 26 2225 .
65 2197 131 2228 tuo
159 2188 228 2229 illo
255 2189 412 2230 homine
442 2191 529 2231 talis
569 2192 696 2232 cultus
725 2202 912 2232 cessaret.
958 2191 1187 2231 Celebratur

64 2251 195 2283 autem
223 2243 379 2284 Festum
406 2247 582 2286 omnium
611 2247 837 2286 Sanctorum
855 2246 1090 2299 Angelorum
1109 2246 1186 2284 Cu-

63 2297 218 2336 stodum
236 2326 247 2344 ,
277 2299 375 2338 unde
403 2301 444 2338 in
475 2301 733 2353 recognitione
763 2301 951 2340 Breviarii
982 2301 1081 2339 facta
1110 2299 1188 2350 jus·

66 2363 111 2390 su
141 2351 306 2391 Urbani.
321 2352 429 2392 VIII.
458 2367 682 2408 suppressus
711 2355 786 2393 fuit
815 2354 971 2393 titulus:
1010 2359 1056 2392 >in
1074 2352 1189 2406 festo

68 2403 114 2443 S.
146 2405 289 2458 Angeli
320 2405 528 2456 Castalis,
577 2407 611 2443 8(
640 2410 811 2461 positus,
853 2409 922 2462 qui
951 2408 1064 2446 modo
1093 2407 1188 2459 legi-

70 2465 162 2495 tur:
192 2461 234 2494 in
263 2457 380 2497 Festo
407 2460 651 2498 Sanctorum
681 2460 1188 2514 AngelorumCustodtcm·

69 2509 139 2548 Est
167 2518 294 2547 tamen
324 2513 532 2563 unicuique
561 2513 834 2551 consulendum
853 2544 864 2561 ,
898 2524 938 2552 ut
968 2527 1034 2552 suo
1065 2514 1188 2565 Ange·

68 2561 292 2654 Itahffhustodi
323 2576 368 2602 ex
394 2565 492 2617 grati
520 2566 644 2604 animi
673 2578 783 2604 seusu
811 2566 1010 2618 privatum
1039 2566 1188 2604 cultum

71 2628 96 2653 a
192 2623 279 2654 eat.

76 2987 215 3026 naresi
240 2991 374 3028 Lxlv.
398 3004 498 3028 num.
519 3003 598 3035 πμ,
621 2997 656 3027 ’ἃ
682 2993 773 3040 apud
791 2993 954 3028 photium
976 2992 1010 3027 in
1023 2990 1191 3027 Biblioth-

83 3035 190 3070 codic.
219 3040 330 3083 234.)
361 3049 437 3074 tum
465 3039 807 3087 apud'Epiphaninm
837 3043 950 3087 ipsum
976 3041 1010 3074 in
1033 3040 1109 3073 Lib.
1138 3036 1193 3073 De

84 3087 274 3127 mensuris,
299 3090 340 3121 (9'
364 3089 572 3131 ponderibus
598 3101 627 3122 c.
657 3099 709 3120 22.
728 3111 738 3129 ,
765 3091 796 3121 8(
823 3087 913 3133 apud
933 3085 1193 3121 Theodoretum

87 3137 210 3180 quest·
235 3131 291 3164 32.
317 3134 352 3166 in
379 3134 543 3168 Genesim
558 3158 566 3167 .
583 3134 727 3169 ‘Eadem
746 3135 820 3168 'fuit
841 3136 1097 3169 Platonicorum
1116 3144 1194 3166 sen-

86 3183 199 3226 ῑθῦξῑᾶ
213 3194 224 3214 2
247 3187 353 3221 qnam
366 3181 586 3216 recentiores
613 3183 722 3226 aliqui
738 3180 936 3227 Philosophi
957 3191 1122 3214 renovare
1138 3191 1194 3213 co-

87 3230 164 3273 nati
190 3227 298 3263 sunt,
332 3232 371 3257 ut
394 3226 448 3260 Jo.
474 3226 626 3262 Bodinus
653 3230 688 3261 in
713 3227 873 3262 Univers.
909 3237 1032 3262 natur-2
1057 3227 1192 3260 theatro

80 3267 163 3300 le·
190 3267 234 3300 V·
252 3289 262 3308 ²
284 3271 321 3301 ’ἃ
346 3270 389 3302 D·
415 3273 462 3306 Le
480 3275 617 3310 'Maitre
642 3275 839 3310 Calvinista
864 3276 900 3309 in
926 3276 1039 3322 Epist·
1066 3272 1109 3308 ad
1129 3274 1193 3308 'Ja-

79 3313 205 3348 cobnm
235 3315 406 3350 Lensant.

176 3358 428 3416 =Gazzantga
458 3361 590 3407 nect.
617 3367 731 3408 Tom.
760 3365 830 3408 JV„

2241 78 2278 116 ,Οἵ

2276 91 2295 115 0⁸
2276 79 2296 86 i

1482 203 1868 244 CAPUT
2005 207 2115 248 XVI.

1583 310 1648 350 De
1677 314 1797 352 malis
1827 315 2016 367 Angelis.

1297 418 1388 457 258.
1406 391 1769 474 Quemadmodum
1800 421 1887 460 boni
1908 423 2039 474 lugeli
2063 425 2100 462 in
2123 435 2276 479 accepta
2295 426 2357 480 ju-

1241 474 1341 511 stitia
1371 474 1513 512 divmae
1544 474 1689 511 Gratiae
1719 487 1790 527 ops·
1821 487 2100 526 perseverantes
2115 488 2270 518 aeternae
2305 483 2359 520 se-

1246 525 1402 565 licitatis
1433 527 1636 580 participes
1668 527 1757 565 sacti
1787 539 1898 577 sunt,
1936 546 1956 567 a
1986 546 2061 584 qua
2091 546 2289 586 nunquam
2320 550 2360 572 se

1247 581 1422 619 excidere
1454 594 1557 632 posse
1573 610 1584 629 ,
1614 590 1716 618 certo
1737 583 1857 619 sciunt
1875 598 1884 628 3
1916 585 1966 621 ita
1986 586 2077 623 mali
2098 617 2108 633 ,
2138 590 2206 639 qui
2226 588 2277 626 ab
2299 603 2359 626 ea-

1247 635 1332 672 dem
1364 633 1538 686 justitia,
1587 634 1737 673 arbitrii
1768 635 1938 674 liberum»
1981 639 2080 677 male
2112 643 2168 678 usi
2211 643 2361 680 excide-

1248 696 1361 736 runt,
1410 689 1559 725 aeternis
1588 688 1789 741 suppliciis
1833 692 2070 731 condemnati
2115 695 2253 732 fuere.
2312 696 2361 734 Et

1248 741 1575 793 quemadmodum
1610 744 1723 793 primi
1757 744 1793 780 iu
1823 744 1921 781 hono
1942 747 2153 786 continuati
2175 758 2280 797 suut,
2312 751 2363 788 ita

1249 795 1314 833 alii
1348 796 1453 833 suere
1487 797 1524 834 iu
1555 795 1655 833 malo
1683 796 1856 835 obdurati
1890 801 1952 848 (a)
1972 826 1982 837 .

1304 849 1396 901 259.
1427 849 1597 898 Quidam
1630 858 1836 902 putarunt,
1868 852 2021 904 Anga-lis
2053 864 2133 905 post
2163 864 2364 907 peccatum

1248 903 1364 940 fuisse
1393 902 1551 955 aliquod
1581 905 1745 953 spatium
1776 906 1821 942 ad
1853 907 2119 957 poeuiteudum
2158 909 2365 958 relictum,

1247 970 1373 1008 neque
1395 970 1463 994 ¹eos
1502 965 1684 996 aeternam
1728 958 2009 999 damnationem
2053 962 2242 1012 subiisse,
2290 965 2366 1003 nisi

1248 1019 1451 1063 postquam
1481 1011 1612 1049 diviua
1642 1012 1932 1063 misericordia,
1983 1015 2023 1056 St,
2047 1018 2228 1067 patientia
2269 1018 2365 1056 abu-

1249 1073 1366 1103 tentes
1396 1066 1434 1102 in
1464 1073 1620 1117 peccato
1649 1068 1890 1117 pertinaciter
1913 1080 2224 1120 perseverarunt.
2253 1072 2367 1111 Com-

1248 1119 1420 1157 muniter
1449 1127 1574 1157 tamen
1604 1120 1762 1158 credunt
1792 1120 1976 1174 Theologi
1995 1153 2005 1170 ,
2040 1137 2100 1162 eos
2129 1127 2253 1163 statim
2286 1134 2368 1178 post

1252 1171 1404 1225 lapsum
1436 1172 1552 1210 fuisse
1582 1173 1803 1212 damnatos.
1842 1175 1944 1213 Hinc
1975 1176 2198 1229 pervulgata
2228 1178 2296 1218 illa
2325 1179 2368 1216 S.

1252 1225 1310 1264 Jo.
1337 1225 1572 1265 Damasceni
1603 1227 1692 1265 Lib.
1731 1227 1779 1265 (le
1807 1227 1902 1266 Pale
1943 1228 2168 1268 orzhoJoxa
2213 1246 2299 1284 cap.
2330 1233 2368 1278 ,4.

1253 1281 1464 1317 sententia:
1517 1279 1630 1330 Quod
1660 1280 1879 1320 hominibus
1922 1296 2056 1332 mors,
2104 1283 2176 1323 hoc
2206 1287 2367 1340 Angelis

1254 1341 1313 1370 est
1343 1333 1510 1382 lapsus;
1546 1342 1631 1383 post
1661 1335 1818 1384 lapsum
1849 1341 1956 1374 enim
1987 1351 2069 1375 non
2096 1348 2156 1376 est
2186 1340 2261 1377 illis
2289 1354 2369 1391 pce-

1253 1390 1435 1423 nitentiae
1465 1386 1603 1430 locus,-
1651 1397 1690 1424 ιιι
1720 1402 1846 1439 neque
1873 1399 1959 1438 post
1989 1401 2161 1429 mortem
2203 1392 2372 1432 homini«

1254 1437 1320 1476 ὄιις
1339 1466 1349 1477 .
1379 1439 1491 1478 Unde
1521 1441 1635 1477 etiam
1657 1440 1921 1493 &Gregorius
1950 1442 2052 1495 Papa
2068 1445 2157 1483 Lib.
2179 1445 2248 1484 IX.
2280 1447 2371 1486 Mo-

1254 1493 1403 1529 ralium
1433 1507 1518 1545 cap.
1539 1492 1602 1531 28.
1633 1494 1670 1531 id
1700 1493 1796 1546 juste
1825 1509 1915 1534 cum
1938 1496 2094 1549 Angelis
2123 1509 2249 1538 actum
2282 1502 2371 1539 fuis·

1255 1559 1294 1582 se
1323 1545 1443 1593 dicit,
1473 1555 1626 1597 propter
1655 1561 1787 1586 eorum
1819 1548 2109 1589 excellentiam:
2152 1552 2374 1592 Hominem,

1256 1611 1346 1636 fero
1376 1597 1522 1635 idcirco
1552 1604 1712 1637 reniam
1741 1607 1960 1651 meruisse,
1990 1610 2084 1654 quia
2104 1619 2173 1654 per
2200 1609 2370 1646 carnale

1256 1664 1396 1702 corpus
1426 1650 1603 1702 aliquid,
1649 1666 1726 1703 quo
1756 1659 1882 1703 seipso
1925 1661 2056 1695 minor
2084 1670 2214 1709 esset,
2257 1675 2372 1700 acce-

1255 1709 1309 1756 pit
1327 1731 1338 1742 .
1368 1704 1469 1743 Aliae
1500 1704 1614 1756 hujus
1642 1706 1878 1747 discriminis
1907 1708 1956 1746 ab
1976 1709 2061 1748 aliis
2091 1715 2254 1752 rationes
2281 1716 2373 1755 affe-

1255 1767 1391 1797 runtur
1420 1772 1495 1798 non
1526 1759 1830 1812 improbabiles,
1860 1765 2038 1816 quamvis
2068 1762 2139 1804 hac
2168 1766 2208 1804 in
2240 1781 2306 1817 re,
2336 1779 2376 1806 ut

1256 1814 1295 1851 in
1324 1812 1411 1851 aliis
1441 1812 1572 1851 multis
1589 1843 1599 1861 ,
1623 1813 1831 1854 *humiliter
1859 1817 2051 1856 adoranda
2078 1828 2186 1868 sunt,
2218 1834 2289 1860 non
2309 1836 2376 1860 cu-

1257 1868 1394 1906 riosius
1424 1868 1684 1920 investiganda
1714 1869 2059 1922 imperscrutabilis
2102 1872 2248 1924 judicia
2278 1876 2370 1914 Dei«

1314 1920 1404 1977 26³0.
1435 1920 1573 1973 Angeli
1603 1931 1730 1961 autem
1761 1926 1820 1963 isti
1851 1923 1946 1963 mali
1965 1929 2163 1966 communi
2194 1927 2373 1981 loquendi

1257 1989 1330 2014 usu
1359 1973 1582 2014 Daemones
1609 1976 1801 2029 appellari
1831 1977 1976 2025 solent;
2019 1981 2122 2032 quod
2151 1995 2289 2022 nomeu
2322 1993 2374 2022 te-

1258 2038 1310 2068 ste
1339 2027 1381 2067 S.
1411 2027 1622 2081 Augustino
1651 2030 1742 2071 Lib.
1773 2031 1843 2070 IX.
1874 2031 1922 2070 de
1950 2037 2052 2071 civit.
2084 2033 2162 2073 Dec
2193 2050 2277 2089 cap.
2314 2050 2374 2089 ¹9·

1257 2085 1299 2122 in
1329 2083 1444 2122 sacris
1474 2082 1609 2122 litteris
1638 2098 1838 2137 nunquam
1859 2084 1968 2124 bonis
1986 2087 2141 2139 Angelis
2169 2090 2373 2138 tribuitur,

1259 2137 1322 2176 sed
1352 2138 1548 2175 dumtaxat
1578 2136 1718 2176 malis.
1749 2138 1797 2177 Et
1826 2149 1912 2177 ante
1941 2139 1982 2178 S.
2003 2141 2258 2193 Augustinum
2287 2144 2377 2183 Ort-

1256 2205 1366 2244 genes
1400 2190 1492 2229 Lib.
1522 2189 1574 2229 Υ.
1617 2201 1760 2230 contra
1794 2192 1953 2232 Celsum
1997 2209 2036 2232 n.
2070 2196 2106 2233 5.
2151 2197 2187 2234 ir.
2219 2198 2375 2247 uiebat,

1256 2244 1507 2288 Dua-monum
1535 2257 1684 2284 nomen
1713 2250 1873 2285 nonnisi
1916 2246 2031 2286 tribui
2074 2211 2272 2302 malej‘icc's
2300 2252 2377 2291 illis

1255 2296 1512 2350 potestatibus
1530 2329 1540 2347 ,
1569 2302 1767 2338 crassiore
1796 2314 1960 2355 corpore
1988 2302 2146 2352 solutis,
2193 2319 2283 2355 quae
2311 2305 2376 2344 Izc-

1257 2356 1388 2391 mines
1404 2357 1444 2390 in
1460 2365 1638 2392 errorem
1653 2353 1845 2392 inducunt
1861 2387 1872 2405 ‚
1894 2365 2096 2410 aguntque
2113 2367 2376 2398 transversos.

1313 2407 1403 2446 261.
1433 2406 1591 2445 Eaedem
1624 2422 1742 2446 sacrae
1772 2408 1909 2449 litterae
1950 2411 2082 2449 multis
2113 2413 2150 2451 iu
2188 2412 2281 2452 locis
2310 2427 2377 2452 no-

1255 2460 1317 2500 bis
1345 2460 1521 2513 aliquem
1552 2461 1760 2510 exhibent,
1791 2465 1898 2516 quasi
1929 2463 2119 2503 malorum
2144 2466 2377 2517 Angelorum

1255 2515 1501 2566 principem,
1532 2528 1648 2567 quem
1678 2515 1851 2555 Christus
1872 2518 2060 2556 Dominus
2089 2520 2258 2571 appellat
2275 2519 2375 2558 Dia-

1254 2566 1388 2604 bolum
1407 2593 1417 2604 .
1461 2566 1603 2605 Matth.
1634 2569 1766 2606 XXV.
1798 2569 1890 2614 Ab:
1938 2570 2141 2609 Descedtce
2171 2577 2211 2608 ίη
2241 2577 2376 2619 ignem

1255 2627 1453 2655 oeternum
1471 2648 1481 2665 ‚
1511 2623 1576 2668 qui
1604 2629 1773 2669 paratus
1802 2630 1861 2656 est
1891 2620 2085 2667 Dudum,
2132 2624 2181 2663 &
2212 2616 2377 2677 Atigelts

1255 2672 1374 2722 ejus.
1423 2669 1650 2722 Appellatur
1694 2672 1785 2710 item
1827 2676 2009 2723 princeps
2052 2673 2165 2727 hujus
2209 2677 2375 2728 munli,

1258 2727 1441 2776 princeps
1468 2723 1752 2773 tenebrarum,
1799 2730 1979 2776 princeps
2021 2734 2226 2777 potestatis
2267 2737 2375 2771 aeris

1259 2777 1402 2829 hujus,
1450 2776 1643 2829 Lucifer,
1689 2778 1887 2829 Serpens,
1933 2779 2087 2828 Belial,
2137 2782 2373 2837 Beelzebub,

1251 2829 1415 2882 usatan,
1443 2829 1583 2870 Draco
1613 2831 1710 2879 &c.;
1738 2847 1827 2885 quae
1848 2835 2147 2887 nominapotius
2163 2838 2375 2890 malitiam,

2198 2907 2319 2946 qtlllln

1311 2997 1360 3032 (a)
1391 2991 1584 3026 Voltairius
1609 2991 1709 3025 solita
1735 3003 1797 3026 sua
1823 2990 2036 3039 impudentia
2065 2997 2347 3041 an·iquissi1mm
2364 3021 2375 3041 ,

1263 3042 1295 3072 &
1319 3038 1552 3072 universalem
1578 3037 1618 3070 de
1643 3039 1745 3073 malis
1773 3041 1914 3084 Angelis
1951 3043 2150 3087 opinionem
2190 3047 2375 3091 utriusque

1262 3085 1401 3119 l'oederis
1428 3085 1527 3117 libris
1556 3092 1627 3117 tam
1654 3086 1871 3127 luculenter,
1913 3100 1951 3122 nc
1980 3098 2051 3122 tam
2092 3101 2180 3136 saepe
2219 3092 2373 3126 inculca-

1263 3141 1334 3166 tam
1364 3130 1485 3164 irridet
1514 3131 1547 3162 in
1586 3143 1648 3165 sua
1672 3130 1835 3166 Historia
1868 3135 2115 3179 philosophis,
2160 3139 2372 3172 contendens

1261 3178 1353 3212 hane
1382 3178 1554 3210 malorum
1580 3178 1769 3222 spirituum
1795 3181 1994 3226 opiniom-nn
2018 3198 2030 3215 s
2049 3183 2269 3224 Zeu-dusino,
2298 3187 2375 3218 l‘hi-

1263 3224 1426 3269 losophia²
1454 3223 1597 3257 Persicae
1623 3224 1804 3261 conditore
1828 3229 1980 3272 primam
2006 3241 2103 3264 suam
2116 3232 2285 3275 originem
2303 3242 2372 3263 rra-

1260 3271 1360 3304 loere·
1390 3267 1454 3302 5⁶¹1
1482 3267 1567 3304 ³‘leo
1595 3271 1712 3317 inepta
1737 3282 1842 3314 sunt,
1870 3287 1947 3320 quae
1975 3274 2099 3318 afleti,
2139 3286 2178 3313 ut
2204 3291 2265 3314 nec
2292 3288 2372 3311 con-

1261 3318 1368 3353 futari
1393 3324 1612 3352 mereantur.
1721 3365 1751 3405 5
