2583 3685
856 72 936 119 DE
971 72 1165 119 CPERE
1199 73 1455 120 TERTIAE
1489 75 1641 120 DIEI.
2279 89 2336 129 63

108 186 138 213 „
166 160 220 201 sol
249 157 399 200 vivendi
428 168 539 195 usum
560 154 749 194 ministrat
777 154 971 203 oriundis,
1000 155 1154 208 quando
1174 151 1220 193 il-

168 215 206 254 la
233 215 341 268 prius
367 211 508 249 divinae
538 211 769 271 operationis
789 210 1049 248 vivificatione
1078 219 1160 248 suut
1182 222 1220 246 e-

111 244 141 320 ἰς
168 266 270 314 dita,
316 277 434 317 quam
463 260 517 302 sol
562 277 601 302 tn
632 262 698 302 lios
727 264 879 301 vivendi
924 276 1012 300 usus
1042 259 1217 301 veniret?

163 319 297 358 Junior
325 326 377 356 est
405 316 562 366 herbis,
591 316 721 368 junior
751 317 857 355 soeno
885 315 949 368 (a)
967 342 977 353 .
1008 318 1034 336 ‘⁶
1052 340 1062 353 .

158 366 225 411 81.
256 371 399 423 Aliqua
428 372 543 409 etiam
571 370 774 409 difficultas
804 372 842 408 in
870 384 914 409 eo
957 383 1033 406 esse
1071 376 1215 420 potest,

105 425 207 480 quod
235 424 340 464 locus
370 423 552 463 naturalis
580 438 691 478 aquae
722 437 796 462 non
820 423 966 462 videtur
987 435 1065 460 esse
1085 421 1218 460 subtus

104 487 274 528 terram,
321 478 382 518 vet
412 479 512 517 intra
541 479 687 518 viscera
716 488 826 516 terrae
844 506 854 525 ‚
901 476 963 514 sed
992 487 1107 527 super
1144 483 1218 512 ter-

105 543 222 582 ram,
249 546 339 572 cnm
368 545 468 585 aqua
495 534 541 570 sit
562 532 740 584 apt-cilice
769 530 914 578 levior,
943 540 1060 581 quam
1090 536 1188 565 terra
1205 553 1216 566 .

105 585 253 625 Verum
280 584 380 624 bene
407 585 624 624 observavit
643 586 684 624 S.
705 585 871 622 Thomas
900 583 939 620 in
969 581 1039 618 hoc
1068 590 1138 619 art.
1169 583 1217 621 ad

106 640 146 687 4.
175 637 278 692 quod
305 647 460 691 propter
488 636 890 689 necessitatem-finis
907 663 918 682 ,
949 635 1150 672 itascilicet
1171 647 1216 672 a·

111 693 287 732 nimalia
304 722 316 741 ‚
345 694 395 740 (ος
423 693 572 743 plontoe
599 700 729 731 esseut
758 701 872 741 super
900 696 1076 736 terram,
1105 698 1216 738 opor-

105 749 205 795 tuit,
247 745 351 797 quod
377 747 514 798 aliqua
539 757 637 797 pars
662 754 783 784 terrae
822 750 925 781 esset
968 741 1218 792 discooperta.

105 803 250 852 aquis.
278 798 385 839 Alibi
415 802 431 852 (
462 799 511 838 T.
531 800 562 837 1.
591 798 691 837 Diss.
712 798 742 836 1.
773 798 811 835 in
842 804 918 835 not.
947 795 1004 855 ad·
1024 810 1064 833 n.
1091 795 1215 857 roo.)

106 851 414 915 pulcherrimum
442 853 484 891 S.
516 850 708 890 Athanasii
737 849 867 889 locum
897 848 1116 897 attulimus,
1145 861 1213 902 qut

105 920 146 951 in
160 906 266 945 Orat.
295 915 435 944 contra
454 903 603 943 Gentes
622 919 661 943 n.
679 903 744 956 57.
762 934 772 952 ‚
802 916 848 942 ex
876 901 948 941 hoc
979 904 1082 955 ipso,
1111 902 1214 955 quod

106 959 291 999 elementa
318 971 394 997 non
422 959 623 1011 proprium
651 967 834 1011 occupent
863 956 1014 1004 locum,
1043 956 1105 994 sed
1125 969 1216 995 con-

105 1020 165 1055 tra
192 1009 402 1052 naturalem
425 1025 540 1050 ⁴suam
556 1010 847 1051 inclinationem
866 1010 1031 1049 invicem
1047 1012 1217 1061 permix-

108 1075 145 1108 ta
173 1068 273 1113 sint,
301 1074 399 1104 recte
428 1066 568 1114 infert,
596 1066 749 1118 agnosci
778 1065 918 1103 debere
939 1076 1059 1101 unum
1077 1062 1218 1101 Domi-

102 1130 228 1166 num,
257 1122 321 1169 qui
347 1118 416 1157 illa.
445 1131 530 1158 una
558 1122 840 1173 congregavit,
869 1120 1135 1166 constrinxit,
1164 1117 1214 1159 &

101 1173 324 1216 conciliavit
352 1170 441 1225 (1)).

157 1227 226 1266 82.
254 1225 341 1267 Jam
370 1238 461 1265 vero
487 1238 612 1278 pauca
654 1222 839 1264 addamus
867 1225 913 1264 de
954 1223 1074 1263 altera
1109 1231 1214 1277 parte

103 1281 230 1333 operis
257 1281 376 1319 tertie
406 1279 512 1326 diei,
558 1292 676 1331 quam
706 1277 861 1330 Moyses
905 1278 963 1322 liis
995 1277 1120 1316 verbis
1151 1291 1215 1315 ex-

106 1334 267 1387 pressit:
305 1358 343 1380 -„
366 1329 419 1370 Et
447 1332 526 1371 ait:
553 1332 740 1383 germinet
770 1342 867 1370 terra
896 1331 1057 1370 herbam
1089 1332 1216 1368 viren-

105 1413 132 1437 ‚,
161 1396 237 1426 tem
254 1414 266 1434 ,
295 1383 330 1422 ἃ
358 1383 558 1423 facientem
586 1398 741 1432 semen,
771 1384 968 1436 &lignum
984 1385 1218 1437 pomiferum

104 1464 133 1489 „
162 1439 305 1478 faciens
334 1436 502 1474 fructum
529 1436 638 1487 juxta
675 1451 793 1488 genus
830 1450 970 1485 suum,
1019 1436 1130 1486 cujus
1159 1451 1217 1474 se-

102 1517 132 1541 „
163 1503 248 1529 meu
278 1490 322 1527 in
348 1490 550 1540 semetipso
567 1489 624 1527 ·sit
653 1501 767 1539 super
798 1497 937 1527 terram
955 1514 966 1527 .
994 1488 1042 1526 Et
1073 1490 1217 1526 factum

103 1571 130 1595 ,‚
158 1550 211 1581 est
239 1540 318 1580 ita.
355 1539 404 1579 Et
433 1538 590 1592 protulit
619 1549 718 1578 terra
746 1539 906 1579 herbam
937 1542 1123 1579 virentem
1143 1571 1153 1588 ‚
1184 1540 1219 1576 ἃ

103 1624 130 1647 „
159 1595 360 1637 facientem
390 1607 520 1632 semen
547 1592 655 1646 juxta
683 1607 802 1645 genus
822 1607 962 1642 suurn,
992 1591 1219 1646 lignumque

100 1676 130 1700 9,
159 1650 304 1689 faciens
332 1647 530 1696 fructum,
576 1646 611 1683 ἃ
641 1646 782 1685 liabens
821 1648 1123 1699 unumquodque
1161 1661 1219 1685 se-

102 1731 131 1754 „
155 1709 324 1743 mentem
340 1701 548 1740 secundum
564 1700 732 1754 speciem
749 1713 857 1740 suam
877 1727 886 1739 .
916 1700 965 1739 E.
982 1701 1076 1738 vidit
1095 1700 1218 1750 Deus,

102 1784 130 1807 ‚,
158 1755 261 1810 quod
289 1763 380 1793 esset
415 1754 560 1794 bonum
577 1780 588 1793 .
636 1754 686 1794 Et
715 1755 860 1794 factum
889 1763 942 1793 est
976 1767 1139 1807 'vespere
1182 1754 1218 1791 δε

102 1822 273 1860 ,,,ἰῃεηε
300 1808 382 1847 dies
410 1810 541 1847 tertius
570 1810 626 1847 “».

156 1862 224 1902 85.
252 1861 294 1901 S.
324 1861 402 1900 Th.
430 1861 597 1900 breviter
626 1862 704 1915 agit
731 1861 778 1900 de
806 1860 878 1901 hac
917 1861 1081 1901 secunda
1113 1870 1221 1914 parte

102 1917 229 1969 operis
256 1916 375 1954 tertiae
404 1915 481 1954 diei
511 1916 551 1953 in
579 1925 650 1954 art.
682 1929 719 1954 2.
751 1915 816 1954 ubi
847 1929 915 1954 suo
957 1929 1062 1954 more
1092 1925 1220 1965 notat,

101 1969 292 2009 diversam
316 1980 401 2006 esse
440 1969 662 2022 opinionem
693 1969 734 2008 S.
767 1969 969 2022 Augustini
1012 1970 1061 2007 ab
1104 1969 1219 2009 aliis.

104 2048 132 2073 ,‚
161 2021 243 2063 Alii
271 2022 371 2061 enim
394 2022 629 2074 expositores
656 2022 787 2062 dicunt
804 2053 815 2071 ‚
843 2023 946 2076 quod
968 2022 1110 2075 plantae
1133 2035 1220 2076 pro-

102 2103 132 2126 „
160 2076 288 2115 ductae
330 2083 417 2114 sunt
454 2083 550 2115 actu
591 2076 633 2115 in
662 2077 739 2115 suis
783 2075 983 2129 speciebus
1004 2074 1084 2117 diac
1113 2078 1222 2117 tertia

103 2157 132 2182 „
160 2129 252 2178 die,
287 2126 506 2168 ‘secundum
536 2129 638 2182 quod
666 2130 892 2182 superficies
920 2129 1058 2169 litterae
1088 2139 1220 2171 sonat.

104 2209 134 2232 „
162 2182 396 2234 Augustinus
423 2191 550 2221 autem
582 2185 598 2234 (
630 2182 719 2222 Lib.
750 2183 800 2222 V.
831 2183 878 2222 de
911 2183 1016 2223 Gen.
1047 2183 1103 2223 acl
1122 2183 1219 2224 Litt.

102 2263 131 2286 „
158 2247 194 2274 c.
226 2235 264 2275 5.
292 2235 327 2274 &
350 2234 446 2276 JLib.
476 2235 582 2276 tht.
610 2249 646 2275 c.
677 2237 716 2277 3.
746 2237 762 2286 )
792 2237 912 2286 dicit,
957 2239 1059 2290 quod
1088 2252 1219 2278 causa·

101 2314 132 2339 „
161 2288 247 2329 liter
277 2298 365 2329 tunc
393 2290 538 2329 dictum
570 2298 649 2338 est,
696 2292 919 2343 produxisse
949 2301 1088 2330 terram
1132 2291 1219 2330 lier-

104 2370 131 2392 „
159 2341 280 2392 bam,
327 2342 362 2380 ἃ
392 2341 567 2394 lignum,
614 2344 710 2383 idest
745 2346 986 2397 ‘producendi
1028 2347 1219 2399 accepisse

104 2422 132 2444 „
161 2397 340 2434 virtutem
358 2420 369 2433 .
402 2395 451 2434 Et
480 2396 552 2436 hoe
580 2396 739 2449 quidem
768 2399 967 2437 confirmat
997 2402 1219 2438 auctoritate

104 2473 132 2495 ‚,
160 2446 400 2499 Scriptnrae;
427 2449 568 2491 dicitur
598 2451 702 2487 enim
731 2450 833 2488 Gen.
863 2453 913 2489 11.
944 2453 984 2498 4.
1014 2452 1108 2491 Istoe
1126 2462 1219 2491 sunt

104 2526 133 2548 ,‚
161 2504 445 2551 generationes
473 2501 562 2537 caelt
579 2528 590 2547 ,
618 2501 668 2539 <9⁶
698 2510 820 2538 terroe
838 2531 848 2548 ,
878 2504 1038 2552 quando
1068 2515 1221 2543 creatae

103 2578 134 2601 „
163 2559 252 2590 sunt
296 2555 338 2589 in
380 2551 470 2601 die,
515 2565 592 2604 quo
621 2551 729 2605 jecit
757 2551 959 2592 Dominus
987 2553 1099 2594 Deus
1142 2569 1222 2595 cae-

107 350 147 376 ,ι

112 2704 119 2709 ·
150 2698 203 2737 (a)
222 2693 347 2730 'Etiam
371 2695 451 2732 Lib.
477 2697 503 2730 1.
530 2708 606 2743 cap.
634 2709 668 2742 7.
709 2696 867 2733 carridem
905 2709 1046 2734 cansam
1079 2697 1221 2743 reddit,

100 2753 166 2778 eni·
189 2754 259 2777 uon
283 2743 401 2778 omnia
425 2744 530 2778 simul
558 2757 576 2777 a
606 2745 677 2778 Deo
714 2746 805 2779 sacta
832 2746 962 2779 fuerint
979 2768 990 2787 ,
1034 2749 1217 2792 inquiens:

99 2807 128 2832 ‚2
155 2788 311 2823 Fortasse
336 2788 484 2825 dicant:
527 2791 602 2824 Cur·
625 2794 719 2825 enim
757 2793 876 2834 Deus,
912 2793 1003 2826 sicut
1029 2792 1147 2834 dixit,
1189 2797 1222 2827 ἃς

102 2856 130 2877 2,
154 2835 247 2870 facta
270 2844 377 2877 erint,
407 2847 475 2871 non
502 2838 608 2871 simul
634 2847 780 2871 ornatus
807 2850 978 2883 congruos
1007 2842 1222 2884 assurgenti-

103 2901 130 2923 ῃ
153 2881 219 2916 bus
243 2879 386 2916 donavit
419 2884 625 2917 elementis:
669 2885 770 2929 quasi
799 2897 866 2918 non
903 2888 1055 2929 potuerit
1095 2887 1221 2919 caelurn

101 2945 133 2969 2,
155 2928 362 2974 insignitum
387 2929 524 2971 stellis,
561 2928 679 2964 subito
703 2941 742 2965 nt
769 2940 925 2966 creatum
952 2940 1002 2965 est
1018 2954 1029 2973 ‚
1070 2933 1222 2977 refulge-

105 2991 133 3016 η
156 2983 216 3015 re,
257 2976 289 3008 δε
314 2975 484 3018 floribus,
521 2987 561 3010 ac
587 2977 762 3011 fructibus
797 2986 889 3011 terra
918 2978 1063 3012 vestiri?
1104 2979 1222 3013 Potuit

106 3035 136 3059 2»
158 3018 298 3064 ntiqne3
323 3021 382 3056 sed
409 3021 485 3057 ideo
509 3023 624 3068 primo
648 3024 760 3064 sacta,
801 3032 919 3069 postea
946 3026 1136 3070 composita
1161 3024 1224 3058 ‹le-

106 3081 136 3106 „
159 3063 360 3109 eluantur,
396 3079 437 3102 ne
460 3079 542 3106 vere
569 3071 749 3112 increata,
787 3074 819 3104 δι
845 3071 918 3105 sine
946 3072 1119 3116 principio
1144 3083 1221 3104 cre·-

106 3129 136 3150 ‚,
161 3105 352 3155 «leventur,
371 3115 404 3148 ‘si
429 3116 730 3160 specieswernm,
767 3120 863 3152 velut
888 3118 1098 3163 ingenerant
1125 3118 1168 3152 ab
1194 3119 1224 3152 i-

107 3175 137 3197 „
163 3154 274 3196 nitio,
315 3169 380 3193 nou
405 3169 521 3205 postea
558 3160 685 3197 additae
719 3162 947 3197 viderentur.
990 3161 1225 3209 Ineumposita

106 3221 136 3246 „
163 3207 254 3234 terra
283 3201 434 3247 tegitur,
473 3209 506 3239 ἃ
531 3207 653 3243 iisdem
690 3222 708 3243 a
736 3210 951 3256 philosophis
986 3212 1222 3252 aeternitatis,

106 3266 137 3291 υ
161 3246 294 3300 (wfhus-
316 3248 410 3302 Deus
425 3271 441 3301 ,-
462 3253 652 3296 privile-‘uis
676 3255 893 3298 honoratur3
929 3255 1013 3302 qnid
1040 3256 1194 3292 dicerent
1210 3276 1223 3298 ‚

109 3311 140 3336 υ
162 3303 192 3327 ³¹
215 3293 262 3330 ab
285 3304 389 3332 mmo
412 3307 487 3344 ψη
509 3300 569 3345 pul
616 3301 736 3347 titudo
755 3304 960 3340 vernasset?
991 3304 1163 3340 Demersa
1185 3314 1224 3339 a·

1288 184 1315 204 ‚,
1345 153 1450 202 lum,
1498 156 1547 196 (ἱ)
1576 166 1755 205 terram‚
1803 157 1854 200 ὠ·
1881 171 2001 199 omne
2028 162 2237 214 virgultum
2282 179 2305 202 ιι
2339 170 2399 216 ri,

1287 237 1315 257 „
1344 216 1567 259 antequam
1595 214 1763 248 oriretur
1792 225 1832 248 m.
1860 222 1970 252 terra.
1987 244 1997 263 ,
2044 228 2284 268 omnemque
2309 180 2399 258 {er-

1285 290 1314 310 ‚‚
1342 259 1437 299 [mm
1466 266 1666 313 regionis,
1708 268 1936 317 priusquam
1977 272 2254 320 germinaret.
2302 271 2400 312 Ante

1285 343 1311 364 ‚,
1341 327 1429 366 ergo
1457 329 1575 367 quam
1602 319 1790 355 orirentur
1821 334 1934 373 super
1965 332 2128 374 terrain,
2171 324 2282 366 factas
2312 336 2400 368 suut

1284 396 1312 418 ,‚
1341 367 1542 406 causaliter
1573 370 1611 408 in
1641 379 1740 408 terra
1768 374 1794 393 “
1812 398 1823 410 .

1336 420 1408 467 84.
1439 451 1465 470 ,‚
1494 423 1754 461 Confirmatur
1783 434 1911 465 autem
1943 427 2040 477 hoc,
2087 428 2215 470 subdit
2246 429 2400 485 Angeli-

1287 504 1314 524 „
1343 488 1437 523 cus,
1468 477 1583 514 etiam
1614 480 1784 524 ratione;
1813 484 1905 532 quia
1935 484 1972 520 in
2004 484 2079 521 illis
2109 485 2245 537 primis
2263 486 2402 528 diebus

1287 557 1314 578 ‚,
1343 528 1513 568 condidit
1543 529 1646 568 Deus
1675 541 1886 571 creaturam
1917 538 2192 587 originaliter,
2223 537 2283 578 vel
2303 550 2402 578 cau-

1285 611 1312 631 „
1342 582 1512 628 salicem·
1541 598 1562 621 a
1591 598 1667 636 quo
1695 598 1808 637 opere
1831 592 2066 638 postmodum
2091 594 2299 645 requievit,
2331 595 2402 646 qui

1286 663 1312 684 „
1344 645 1470 674 tamen
1501 638 1744 689 postmodun!
1782 642 1988 680 secundum
2031 643 2401 686 administrationem

1287 719 1313 739 „
1344 701 1472 727 rerum
1503 691 1742 729 conditarum
1776 708 1842 744 per
1871 707 1965 747 opus
1986 700 2262 751 propagationis
2283 714 2403 753 usque

1286 772 1312 792 „
1342 743 1455 780 modo
1483 754 1661 795 operatur
1679 771 1689 784 .
1719 744 1931 785 Proditor-re
1951 761 2076 788 autem
2095 751 2239 804 plantas
2260 766 2304 790 ex
2326 764 2399 792 ter·

1285 825 1312 844 „
1343 809 1383 833 ra
1412 796 1461 834 ad
1488 809 1584 849 opus
1613 803 1891 851 propagationis
1923 806 2104 854 pertinet:
2135 818 2209 844 non
2239 818 2328 858 ergo
2358 809 2399 846 in

1285 875 1312 899 „
1343 851 1450 887 tertia
1477 851 1540 908 die
1571 851 1766 903 producta:
1798 863 1884 893 sunt
1926 856 2066 909 plantae
2105 860 2145 898 in
2175 867 2289 908 actu,
2337 859 2402 900 sed

1286 930 1312 952 „
1342 907 1559 942 causaliter
1589 915 1735 945 tantum
1765 911 1820 946 “.

1338 955 1405 995 85.
1438 957 1490 995 ita
1519 961 1708 1011 exposita,
1738 959 1772 998 ἃ
1802 960 2026 1003 confirmata
2055 963 2097 1005 S.
2129 965 2332 1018 Augustini
2359 976 2402 1006 ο-

1282 1009 1470 1066 pinione,
1513 1015 1753 1065 prosequitur
1782 1016 1822 1055 S.
1854 1016 2017 1056 Doctor:
2065 1050 2092 1068 „
2123 1020 2312 1067 Quamvis
2347 1035 2404 1060 se-

1284 1094 1314 1117 „
1342 1065 1513 1103 cundum
1543 1065 1639 1105 alios
1668 1068 1745 1106 dici
1777 1071 1918 1122 possit,
1947 1073 2050 1124 quod
2072 1075 2198 1124 prima
2219 1075 2403 1113 institutio

1285 1149 1312 1171 ‚‚
1342 1120 1557 1170 specierum
1588 1121 1634 1158 ad
1664 1134 1780 1173 opera
1821 1137 1884 1162 sex
1921 1125 2071 1163 dierum
2111 1128 2291 1177 pertinet:
2339 1128 2404 1167 sed

1284 1203 1311 1224 ‚‚
1340 1173 1441 1224 quod
1471 1183 1517 1211 ex
1546 1174 1746 1226 speciebus
1774 1177 1901 1228 primo
1932 1179 2107 1216 institutis
2135 1182 2326 1229 generatio
2354 1180 2404 1219 si-

1283 1255 1311 1278 „
1341 1224 1498 1264 milium
1529 1229 1567 1266 iu
1596 1231 1723 1279 specie
1767 1230 1971 1281 procedat,
2020 1231 2089 1270 lioc
2119 1231 2200 1283 jam
2244 1236 2408 1286 pertinet

1285 1309 1312 1331 ,‚
1339 1278 1388 1316 ad
1418 1292 1548 1319 rerum
1577 1283 1972 1324 administrationem.
2011 1285 2058 1324 Et
2088 1283 2159 1324 hoc
2189 1296 2270 1335 est,
2301 1286 2406 1340 quod

1286 1362 1313 1384 ‚‚
1343 1329 1543 1383 Scriptura
1571 1333 1692 1383 dicit:v
1727 1335 1959 1388 Antequam
1985 1343 2156 1377 oriretur
2183 1353 2299 1392 super
2328 1350 2405 1379 ter-

1286 1415 1313 1437 „
1342 1396 1463 1433 ram,
1512 1385 1570 1424 rel
1598 1396 1818 1437 antequam
1846 1394 2129 1441 germinat-em
2177 1394 2271 1432 idest
2299 1404 2405 1432 ante-

1285 1467 1313 1489 „
1343 1451 1461 1488 quam
1490 1452 1535 1476 ex
1566 1440 1758 1479 similibus
1779 1444 1922 1480 similia
1952 1444 2278 1495 producerentur,
2308 1448 2405 1487 sicut

1287 1520 1314 1542 ‚‚
1345 1503 1449 1528 nunc
1479 1492 1706 1532 naturaliter
1727 1495 1812 1533 fieri
1843 1496 2062 1536 videbimus
2095 1499 2305 1538 secundum
2329 1502 2411 1539 vim

1288 1570 1314 1594 ‚,
1343 1545 1633 1584 seminationis.
1682 1546 1792 1585 Unde
1827 1551 2016 1601 signanter
2044 1551 2244 1604 Scriptura
2286 1554 2404 1592 dicit:

1288 1625 1316 1647 ,‚
1349 1592 1560 1634 Germinet
1589 1606 1699 1636 terra,
1727 1599 1891 1638 herbam
1920 1607 2140 1653 virentem,
2169 1606 2219 1646 &
2237 1606 2405 1658 facien-

1288 1676 1314 1699 „
1344 1655 1426 1684 rem
1455 1660 1627 1695 semen‚·
1669 1653 1761 1704 quia
1789 1653 1935 1692 scilicet
1963 1667 2050 1694 sunt
2086 1658 2281 1707 productae
2320 1674 2405 1712 per·

1288 1729 1314 1751 .,
1345 1701 1453 1738 fectae
1485 1704 1628 1755 species
1656 1706 1903 1756 plantarum,
1947 1721 1991 1746 ex
2023 1710 2165 1762 quibus
2193 1714 2340 1750 semina
2368 1727 2408 1751 a-

1288 1785 1315 1807 „
1347 1752 1489 1793 liarum
1520 1758 1742 1797 orirentur.
1772 1759 1851 1798 Nec
1882 1761 2021 1810 refert,
2054 1762 2213 1801 ubinam
2245 1763 2408 1806 habeant

1289 1838 1316 1860 „
1346 1811 1427 1846 vim
1456 1812 1750 1861 seminativum,
1781 1822 1909 1862 utrum
1940 1815 2085 1854 scilicet
2105 1818 2147 1857 in
2167 1817 2317 1868 radice,
2345 1819 2407 1859 vel

1293 1893 1320 1914 ²,
1351 1862 1392 1900 in
1422 1865 1576 1916 stipite,
1608 1864 1666 1904 vel
1697 1868 1737 1905 in
1769 1867 1898 1906 fructu
1928 1872 1955 1891 ‘⁶
1974 1896 1984 1907 .

1340 1914 1408 1954 86.
1438 1917 1648 1958 ineffabilis
1675 1923 1862 1973 sapientia
1892 1922 1965 1961 Dei
1995 1925 2163 1963 maxime
2191 1924 2314 1965 oculis
2342 1939 2410 1966 no-

1289 1970 1374 2008 stris
1401 1984 1479 2009 sese
1507 1971 1614 2011 offert
1645 1974 1683 2011 in
1715 1987 1829 2028 opere
1853 1977 1973 2014 tertiae
2003 1978 2113 2023 diei3
2145 1988 2247 2017 tanta
2272 1981 2406 2030 enim,

1288 2037 1333 2062 ac
1363 2021 1478 2076 plane
1507 2026 1998 2079 incredibilisherbarum,
2027 2030 2325 2084 plantarumque
2345 2047 2409 2071 co-

1287 2078 1383 2130 pia,
1413 2080 1603 2129 varietas,
1633 2094 1678 2118 ac
1709 2079 1982 2134 pulchritudO,
2012 2092 2112 2122 tanta
2131 2084 2295 2135 florum,
2326 2087 2408 2124 frn-

1288 2139 1501 2185 ctuumque
1529 2134 1721 2183 suavitas,
1762 2144 1877 2188 atque
1907 2136 2078 2186 utilitas,
2119 2147 2221 2176 tanta
2249 2141 2290 2178 in
2320 2140 2408 2179 isto-

1288 2197 1376 2223 rum
1395 2187 1579 2225 omnium
1622 2189 1913 2241 reproductione
1955 2204 2154 2244 nunquam
2198 2192 2408 2245 interrupta.

1287 2247 1436 2276 naturae
1466 2243 1702 2292 constantia,
1747 2244 1896 2282 nonnisi
1926 2257 1949 2282 a
1978 2243 2061 2283 Deo
2095 2246 2406 2298 sapientissimo,

1288 2305 1332 2330 ac
1362 2292 1711 2334 beneficentissimo
1752 2298 1846 2334 oriri
1877 2299 2026 2350 potuit,
2075 2306 2116 2336 ut
2153 2299 2406 2339 intolerabilis

1288 2343 1401 2398 plane
1430 2349 1476 2385 sit
1505 2347 1663 2387 illorum
1693 2349 1836 2389 furiosa
1865 2353 2059 2401 amentia,
2093 2353 2160 2405 qui
2191 2365 2282 2393 cum
2310 2353 2408 2392 deli-

1286 2410 1332 2438 ro
1359 2400 1540 2440 Lucretio
1570 2401 1654 2441 haec
1683 2405 1815 2443 omnia
1845 2405 1999 2443 fortuito
2019 2406 2295 2459 particularum
2316 2420 2408 2445 con·

1280 2456 1419 2492 -cursui
1450 2455 1620 2494 tribuere
1649 2470 1724 2495 non
1752 2468 1932 2496 verentur
1949 2484 1961 2497 .
1989 2459 2090 2498 Sane
2109 2460 2219 2499 nulla
2240 2473 2410 2513 unquam

1290 2504 1494 2546 hominum
1525 2509 1713 2547 industria
1742 2512 1884 2549 imitari
1915 2514 2037 2562 potuit
2080 2513 2268 2551 infinitam
2299 2511 2410 2551 illam

1290 2557 1409 2596 solius
1437 2559 1574 2597 coloris
1605 2563 1740 2600 viridis
1768 2564 2017 2612 varietatem,
2046 2578 2123 2615 qua
2143 2565 2248 2604 Deus
2263 2576 2408 2654 lomnes

2278 2631 2350 2656 ier·

1288 2723 1316 2743 „
1341 2701 1419 2747 quis
1445 2699 1684 2745 describitur,
1709 2702 1804 2738 velut
1830 2703 1968 2739 cuidam
1988 2706 2243 2752 principiorum
2263 2719 2409 2745 suorum

1289 2769 1316 2789 ,‚
1345 2747 1484 2782 addicta
1511 2752 1694 2795 naufragio
1713 2773 1724 2791 ‚
1766 2755 1798 2784 &
1823 2751 1934 2785 adhuc
1961 2766 1978 2786 a
2006 2756 2183 2787 nonnullis
2221 2756 2312 2788 facta
2340 2769 2407 2790 non

1290 2815 1317 2836 „
1343 2794 1524 2834 creditur3
1551 2796 1635 2840 quid
1651 2798 1678 2830 si
1693 2796 1852 2832 decorem
1865 2800 2136 2842 priinofzen31*1m
2154 2800 2347 2835 vindicaret
2363 2806 2407 2837 “?

1334 2841 1381 2880 (b)
1406 2842 1477 2874 Hoc
1503 2841 1613 2882 vidit,
1655 2846 1685 2876 8<
1712 2846 1846 2877 notavit
1880 2846 1987 2879 etiam
2013 2847 2140 2880 Strabo
2168 2848 2244 2881 Lib.
2271 2848 2405 2882 XYlll.

1292 2885 1520 2931 Geogruphiae
1546 2889 1728 2934 inquiens:
1764 2911 1789 2930 „
1816 2893 1904 2924 Cum
1932 2892 2064 2925 circ'nm
2090 2901 2220 2926 terram
2247 2896 2292 2927 sit
2318 2897 2407 2930 situs

1289 2955 1318 2975 ‚,
1343 2946 1441 2978 aqnae
1469 2936 1640 2967 naturalis
1657 2957 1667 2975 ‚
1703 2935 1807 2968 homo
1833 2946 1948 2970 autem
1974 2950 2041 2971 non
2069 2940 2114 2971 sit
2141 2941 2272 2974 animal
2297 2954 2405 2986 aqua-

1290 3001 1318 3021 „
1344 2981 1453 3013 ticum
1470 3002 1481 3021 ‚
1507 2980 1565 3013 sed
1591 2981 1718 3024 partim
1749 2990 1956 3024 turi-estre,
1981 2985 2111 3030 partim
2125 2998 2264 3021 aerenin
2280 3009 2291 3027 ‚
2316 2989 2409 3022 rnul-

1289 3047 1317 3068 ‚,
1343 3027 1458 3070 tisqne
1483 3024 1642 3071 partibus
1670 3027 1757 3060 lucis
1784 3036 1919 3074 capax,
1960 3031 2042 3064 fecit
2071 3031 2287 3076 providentia
2315 3036 2408 3068 mul-

1289 3094 1318 3113 „
1345 3083 1395 3106 tas
1423 3074 1457 3105 in
1484 3079 1575 3106 terra
1602 3075 1802 3115 erumnas,
1829 3073 2165 3123 depressionesque5
2193 3091 2229 3113 ut
2248 3080 2300 3114 lia*
2326 3083 2406 3126 qui-

1291 3141 1317 3160 ‚‚
1341 3119 1419 3151 dem
1447 3120 1639 3162 reciperent
1666 3130 1815 3165 aquarn,
1842 3131 1902 3156 aut
1929 3122 2118 3167 plurimar..
2140 3126 2214 3171 ejus
2243 3138 2404 3171 partem,

1281 3183 1316 3206 ‡„
1341 3177 1408 3209 qua
1435 3166 1697 3207 occultaretur,
1722 3167 1813 3211 quod
1839 3169 1905 3204 sub
1930 3183 1967 3206 ea
1994 3180 2046 3204 est
2074 3182 2200 3213 terrae,
2238 3186 2297 3217 per
2328 3174 2403 3207 {ilas

1289 3233 1316 3253 ,‚
1344 3223 1424 3243 vcro
1449 3211 1624 3244 attolleret
1649 3224 1666 3246 e
1692 3220 1784 3247 terra
1801 3237 1810 3255 ‚
1837 3228 1876 3249 ac
1901 3214 1966 3250 snb
1991 3229 2026 3251 se
2051 3229 2158 3263 mpms
2185 3222 2400 3257 occultaret,

1290 3280 1318 3299 ,‚
1344 3259 1408 3290 nisi
1436 3266 1607 3301 quatenus
1633 3271 1680 3292 eae
1707 3260 1789 3304 ipsa·
1816 3261 1971 3297 hnmano
1989 3267 2132 3309 generi,
2158 3268 2189 3298 ἅ·
2215 3279 2293 3310 qua’
2323 3266 2402 3298 huie

1289 3325 1318 3346 ,‚
1345 3305 1566 3347 inserviunt,
1591 3305 1830 3355 animalibus,
1852 3310 2055 3358 plantisque
2080 3322 2193 3348 essent
2219 3312 2295 3357 usui
2320 3315 2344 3333 “
2364 3332 2374 3344 2
