2583 3685
203 93 292 143 246

143 198 170 220 ,‚
200 179 258 207 cet
285 174 370 206 sunt
399 165 437 202 in
478 169 572 200 statu
602 161 784 199 viatoris.
831 163 920 200 Alio
962 163 1080 201 modo
1101 193 1112 212 ,
1160 166 1255 217 quia

143 252 170 272 9,
199 222 367 259 Christus
397 223 448 252 est
477 222 591 266 caput
619 213 808 253 Ecclesiae
838 219 995 268 propria
1023 219 1188 266 virtute,
1218 217 1253 255 &

141 303 170 323 ,,
200 271 444 309 auctoritate:
473 267 541 305 alii
570 280 659 307 vero
688 266 868 307 dicuntur
896 271 1049 321 capita,
1087 271 1252 323 inquan-

135 353 166 374 ‚‚
196 334 276 361 tum
306 323 430 360 vicem
459 329 593 371 gerunt
620 319 760 358 Christi
778 350 789 369 ‚
831 323 1040 361 secundum
1084 322 1183 362 illud
1213 337 1250 363 2.

135 406 164 425 ‚‚
195 377 240 413 ad
270 374 511 412 Corinth.⁴!1.
537 387 598 412 10.
628 371 743 410 Nam
771 373 821 415 (9¹
850 388 922 426 ego
950 376 1051 426 quod
1080 375 1251 425 donas-i,

136 459 163 478 ,‚
193 431 225 466 si
254 428 345 478 quid
374 426 549 475 donavi,
592 436 748 476 propter
777 440 839 465 ros
869 433 909 464 z'n,
938 442 1109 479 persona
1142 429 1252 467 Clzrz'·

134 512 162 532 „
191 486 271 525 sti;
301 483 335 519 ὅ(
364 481 573 520 secundum
603 478 700 518 illud
729 480 873 519 ibidem
893 483 987 534 Cap.
1006 483 1054 520 V.
1079 496 1143 520 20.
1173 482 1252 521 Pro

134 566 162 586 ,‚
195 535 346 573 Christo
388 547 480 584 ergo
521 534 721 585 legatione
750 532 992 585 fungimus,
1040 544 1252 585 tumquam

136 618 164 638 ,‚
192 588 281 626 Deo
309 586 546 625 exhortante
574 599 643 638 per
671 601 743 625 nos
760 613 770 625 .
801 592 826 609 “
858 588 983 639 Atque
1011 587 1098 625 haec
1115 601 1159 625 ex
1189 602 1254 626 no-

133 652 209 680 stro
236 641 276 679 S.
306 640 542 691 Praeceptore
578 640 765 678 delibasse
792 640 985 689 sufficiat,
1028 655 1144 693 quem
1175 654 1251 679 non

108 721 110 723 >
133 696 213 733 sine
243 695 368 733 fructu
396 694 443 732 de
473 693 533 732 his
564 693 721 732 uberius
741 691 912 746 agentem
934 696 1098 747 quisque
1126 694 1253 747 legere

136 756 270 800 poterit
285 773 296 785 .

189 801 280 840 552.
312 799 442 838 Unum
472 807 601 837 tamen
629 799 876 848 addendum.
905 801 1007 853 quod
1037 799 1078 840 S.
1108 801 1251 840 Doctor

135 853 250 892 habet
281 855 318 891 in
347 863 416 891 art.
449 853 513 901 5.,
551 853 621 891 ubi
649 853 811 905 probat,
854 854 1047 893 Christum
1077 869 1156 893 esse
1185 869 1248 893 ca-

134 917 202 958 put
230 908 406 944 omnium
435 906 635 944 hominum
667 908 793 958 primo
821 921 867 945 ex
895 909 942 946 iis
970 908 1010 945 S.
1028 907 1135 947 Pauli
1166 923 1249 946 ver-

133 960 194 998 bis
222 962 329 1011 epist.
359 961 485 1012 prima
515 960 561 997 ad
591 959 762 998 Timoth.
785 961 853 998 IV.
891 975 950 999 10.
985 961 1061 1011 Qui
1090 971 1148 1000 est
1167 963 1247 1000 sal·

134 1023 244 1051 rator
270 1017 448 1051 omnium
478 1013 709 1062 hominum,
746 1018 930 1052 maxime
947 1015 1170 1067 fidelium;
1214 1015 1248 1052 8<

132 1079 179 1104 ex
208 1065 297 1104 aliis
324 1066 518 1105 similibus
554 1080 585 1104 1.
614 1067 723 1106 Joan.
754 1068 801 1105 ΙΙ.
833 1081 871 1106 2.
919 1067 1007 1118 Ipse
1037 1077 1094 1107 est
1122 1072 1248 1119 propi-

134 1123 247 1157 tiatio
274 1133 342 1170 pro
370 1123 544 1171 peccatis
571 1124 746 1158 nostris:
773 1135 853 1159 non
883 1120 1048 1161 mundi.
1077 1122 1136 1160 Ex
1159 1123 1247 1175 qui-

134 1172 204 1211 bus
234 1174 285 1210 ita
314 1174 447 1211 infert:
479 1203 504 1222 ,‚
533 1172 690 1212 Salvare
718 1185 846 1214 autem
865 1174 1067 1224 homines,
1099 1175 1133 1211 &
1160 1188 1247 1227 pro-

138 1255 164 1274 „
196 1227 431 1276 pitiationem
475 1241 550 1265 esse
578 1240 648 1280 pro
688 1231 852 1280 peccatis
895 1242 1026 1267 eorum
1067 1231 1248 1279 competit

136 1307 164 1328 ,,
192 1278 365 1329 Christo,
392 1281 601 1318 secundnm
629 1283 733 1334 qnod
762 1292 814 1321 est
842 1291 979 1334 caput:
1022 1295 1110 1336 ergo
1137 1282 1249 1322 Chri-

137 1361 165 1380 „
195 1342 271 1370 stus
300 1342 353 1371 est
381 1343 496 1386 caput
524 1336 700 1372 omnium
729 1335 958 1374 hominum.
988 1339 1016 1359 “

189 1385 281 1425 555.
311 1385 438 1425 Postea
467 1395 593 1425 autem
621 1389 724 1426 idem
741 1389 947 1441 Angelicus
976 1398 1172 1429 enumerat
1191 1388 1250 1428 di-

135 1451 261 1476 versos
289 1441 426 1491 gradus
444 1469 454 1488 ,
492 1441 704 1479 secundum
733 1456 826 1495 quos
855 1441 1027 1482 Christus
1055 1453 1106 1482 est
1135 1451 1250 1495 caput

135 1494 310 1531 omnium
340 1492 570 1534 hominum.
592 1527 596 1531 t
618 1494 755 1534 Primo
784 1497 885 1535 enim
915 1496 948 1534 &
986 1496 1250 1549 principaliter

136 1555 188 1583 est
217 1555 330 1598 caput
359 1560 518 1595 eorum,
564 1578 593 1596 „
621 1550 690 1600 qui
720 1559 806 1588 actu
849 1551 1036 1589 uniuntur
1079 1551 1153 1589 sibi
1183 1563 1250 1603 per

138 1627 165 1646 „
193 1598 379 1650 gloriam:
425 1600 598 1639 secundo
627 1615 757 1641 eorum
780 1634 790 1652 ‚
837 1605 905 1656 qui
936 1612 1022 1642 actu
1065 1606 1251 1642 uniuntur

141 1679 167 1699 2„
197 1653 271 1689 sibi
301 1668 367 1704 per
395 1653 638 1692 charitatem:
667 1661 781 1694 tertio
811 1671 942 1695 eorum
960 1687 970 1705 ,
1000 1658 1068 1710 qui
1099 1666 1187 1696 actu
1209 1672 1251 1694 u-

140 1732 167 1751 „
196 1706 354 1742 niuntur
382 1706 455 1744 sibi
483 1720 550 1757 per
566 1708 704 1746 fidem:
733 1719 874 1762 qttarto
894 1725 985 1748 vero
1000 1724 1154 1760 eorum,
1184 1711 1251 1763 qui

141 1784 169 1804 „
198 1756 271 1794 sibi
302 1759 485 1795 uniuntur
514 1758 635 1796 solum
665 1763 705 1799 in
735 1765 900 1813 potentia
941 1766 1108 1802 nondum
1146 1767 1253 1802 reda-

141 1837 170 1858 „
199 1818 258 1846 cta
287 1810 333 1847 ad
363 1819 520 1858 actum,
549 1824 637 1862 quas
667 1822 791 1851 tamen
820 1825 872 1853 est
887 1818 1102 1856 reducenda
1121 1832 1253 1856 secun-

138 1889 169 1911 „
198 1862 291 1899 dum
319 1862 490 1900 divinam
512 1864 909 1913 praedestinationem:
939 1874 1070 1918 quinto
1090 1884 1179 1908 vero
1195 1885 1255 1908 eo-

142 1943 170 1964 „
199 1927 285 1952 rum
303 1944 315 1962 ,
344 1916 412 1967 qui
442 1916 481 1952 in
510 1919 674 1965 potentia
692 1929 778 1957 sunt
797 1920 871 1958 sibi
902 1922 1022 1969 uniti,
1052 1935 1140 1973 quae
1163 1937 1256 1960 nun-

142 1996 170 2016 „
199 1981 315 2020 quam
357 1968 559 2006 reducetur
588 1969 635 2006 ad
663 1980 817 2017 actum3
864 1973 960 2010 sicut
1003 1974 1173 2012 homines
1215 1977 1255 2013 in

142 2050 170 2069 „
200 2020 272 2059 hoc
301 2021 441 2059 mundo
469 2021 664 2070 viventes,
697 2025 765 2075 qui
792 2037 866 2062 non
895 2033 982 2062 sunt
1010 2028 1257 2076 praedestina·

144 2103 170 2122 2,
198 2074 252 2130 ¹³5
281 2076 348 2126 qui
377 2084 504 2112 tamen
535 2087 579 2111 ex
609 2073 681 2114 hoc
709 2076 852 2114 saeculo
880 2078 1120 2125 recedentes,
1163 2087 1255 2115 tota-

145 2155 171 2175 „
199 2126 285 2166 liter
313 2128 491 2167 desinunt
520 2141 597 2165 esse
638 2129 814 2168 membra
842 2129 1011 2178 Christi,
1054 2132 1147 2183 quia
1174 2130 1256 2181 jam

144 2209 171 2229 ‚‚
199 2194 269 2220 nec
298 2191 381 2220 sunt
409 2184 448 2222 in
476 2182 669 2234 potentia,
697 2193 737 2222 ut
765 2183 913 2224 Christo
943 2185 1151 2223 uniantur.
1182 2187 1209 2205 “

573 2289 745 2330 CAPUT
773 2290 828 2330 X.

384 2396 452 2436 De
482 2397 631 2438 Gratia
658 2402 812 2438 animae
844 2397 985 2437 Christi
1005 2424 1018 2438 .

201 2500 295 2547 554.
310 2476 393 2544 Ex
422 2504 495 2554 iis,
541 2519 629 2559 quae
658 2505 701 2544 S.
730 2504 898 2543 Thomas
929 2505 965 2543 3.
996 2503 1095 2543 Part.
1124 2513 1260 2556 quaest.

149 2567 187 2606 7.
216 2556 394 2607 disputat.
423 2558 469 2596 de
497 2562 629 2611 gratiae
658 2560 764 2598 donis
793 2561 933 2597 animae
963 2558 1103 2596 Christi
1145 2560 1259 2597 uber-

146 2609 245 2646 rime
274 2609 420 2649 collatis
449 2626 516 2650 nos
543 2613 738 2652 brevitatis
765 2627 878 2651 causa
907 2613 1058 2650 nonnisi
1101 2626 1145 2651 ea
1172 2612 1260 2651 seli-

148 2676 306 2712 gemus,
335 2678 424 2716 quae
454 2668 575 2719 magis
602 2667 814 2706 necessaria
832 2697 843 2716 ‚
878 2676 945 2705 aut
974 2665 1128 2704 utiliora
1154 2667 1260 2705 vide-

149 2715 315 2762 buntur3
343 2732 388 2756 ac
416 2721 544 2771 primo
571 2721 729 2773 quidem
756 2720 1027 2761 ostendendum
1058 2729 1136 2768 est,
1167 2720 1260 2759 fuis-

151 2781 189 2804 se
218 2772 388 2809 animam
417 2772 556 2812 Christi
586 2789 608 2812 a
637 2776 763 2826 primo
791 2788 869 2813 suae
891 2775 1093 2813 creationis
1123 2775 1260 2813 instan-

153 2822 187 2862 (ι
210 2826 325 2872 gratia
354 2825 542 2865 habituali
570 2836 769 2874 ornatam3
811 2830 852 2867 in
881 2841 998 2880 quam
1037 2829 1259 2866 sententiam

154 2878 341 2933 conspirat
357 2878 638 2931 Theologorum
666 2883 841 2920 omnium
871 2894 1088 2924 consensus:
1117 2882 1210 2919 adeo
1225 2891 1265 2920 ut

156 2929 312 2986 qu1da1n
342 2945 411 2970 non
441 2935 633 2972 immerito
661 2949 746 2973 eam
775 2936 823 2973 ad
851 2935 968 2973 fidem
1011 2936 1198 2986 pertinere
1227 2950 1265 2973 e-

155 2982 370 3022 xistiment.
399 2986 473 3025 Hic
502 2997 628 3026 autem
658 3002 782 3028 sermo
810 3002 883 3027 non
914 2997 966 3026 est
995 2989 1040 3026 de
1055 2990 1173 3040 gratia
1194 2989 1267 3042 hy-

155 3037 349 3088 postaticae
381 3042 529 3080 unionis
544 3072 555 3090 ‚
584 3042 630 3080 de
657 3057 735 3094 qua
754 3045 842 3081 satis
862 3043 1107 3080 disseruimus
1128 3056 1265 3095 supra,

156 3090 220 3150 sed
238 3089 294 3150 ’de
322 3091 440 3141 gratia
468 3097 607 3134 animae
638 3096 777 3134 Christi
808 3097 989 3150 propria3
1036 3109 1155 3148 quam
1183 3096 1266 3150 ple·

155 3156 354 3197 nissimam
383 3145 422 3184 in
451 3161 493 3185 eo
521 3149 633 3190 fuisse
662 3150 826 3190 ostendet
858 3163 1016 3202 sequens

694 87 774 128 DE
808 85 1056 129 INCARN.
1090 87 1259 130 secr.
1283 88 1338 132 11.
1371 77 1616 134 ms‘s.1v.
1651 90 1780 135 cAr.
1804 95 1884 138 1x.

1714 219 2016 264 PROPOSITIO
2025 252 2038 266 .

1450 324 1591 364 Christi
1620 329 1764 364 anima
1780 325 1869 377 fuit
1897 328 2136 378 plenitudine
2163 338 2310 387 gratiae

1603 382 1645 416 in
1673 384 1800 429 primo
1829 393 1914 418 suae
1941 387 2154 422 creationis

1669 437 1836 471 instanti
1856 444 2062 473 exornata
2076 461 2087 474 .

1377 537 1468 576 555.
1499 513 1557 578 Id
1586 552 1704 577 sacrae
1732 539 1871 578 litterae
1901 540 2150 580 disertissime
2178 555 2243 582 nos
2278 545 2441 586 docent:

1320 589 1460 628 dicitur
1489 593 1593 629 enim
1621 593 1732 631 Joan.
1762 593 1795 631 Ι.
1821 593 1882 639 14.
1915 592 2096 632 Vidimus
2123 596 2299 648 gloriam
2328 601 2440 649 ejus:

1319 643 1494 694 gloriam
1524 650 1637 694 quasi
1664 650 1858 699 unigeniti
1878 646 2045 686 aPatre
2073 649 2234 699 plenum
2262 655 2440 702 gratioe,

1319 696 1369 736 ὅ)
1399 702 1592 737 veritatis.
1623 699 1670 737 Et
1692 700 1890 752 Apostolus
1912 701 1959 738 ad
1972 700 2114 740 Coloss.
2130 703 2178 740 ΙΙ.
2200 717 2240 755 9.
2270 706 2309 742 in
2327 703 2442 742 Chri-

1319 757 1374 786 sto
1401 751 1519 799 dicit,
1566 751 1791 791 inhabitare
1819 767 1983 792 omnem
2025 755 2314 806 plenitudinem
2343 756 2438 794 divi-

1317 806 1480 840 nitatis.
1523 804 1621 851 Quae
1651 807 1767 844 verba
1796 808 1846 844 ita
1875 806 2038 859 pulchre
2067 810 2220 859 exponit
2247 809 2288 847 S.
2306 811 2442 862 Augu·

1315 858 1431 893 stinus
1461 857 1499 894 in
1529 858 1635 908 epist.
1665 859 1941 898 CLXXXVII.
1960 891 1971 910 ‚
1999 860 2094 901 olim
2115 862 2240 900 LVII.
2269 863 2317 900 ad
2335 863 2438 902 Dar-

1316 910 1460 947 danum
1491 923 1602 947 num.
1634 910 1726 957 4ο.;
1773 923 1814 950 ut
1843 917 2033 953 interesse
2061 914 2303 954 arbitremur
2332 919 2437 954 inter

1317 970 1435 1012 capiti
1453 993 1463 1009 ‚
1512 963 1560 1002 Θ*
1590 963 1772 1002 membra
1800 977 1963 1016 cetera,
2012 968 2114 1019 quocl
2155 972 2197 1006 in
2234 968 2403 1020 quolibet
2423 999 2437 1017 ‚

1320 1020 1501 1066 quamvis
1529 1021 1727 1068 praecipuo
1757 1020 1954 1066 membro,
1984 1022 2083 1060 velut
2113 1025 2155 1059 in
2184 1023 2317 1074 aliquo
2347 1035 2442 1060 ma-

1315 1083 1396 1121 gno
1426 1068 1650 1119 Propheta,
1698 1078 1770 1107 aut
1798 1072 1985 1122 Apostolo
2027 1079 2209 1124 quamvis
2252 1075 2441 1113 divinitas

1316 1122 1463 1160 habitet
1482 1153 1492 1170 ‚
1540 1136 1622 1161 non
1650 1132 1791 1161 tamen
1833 1128 1932 1162 sicut
1976 1129 2018 1161 in
2047 1131 2203 1177 capite,
2250 1128 2352 1177 quod
2380 1137 2441 1166 est

1321 1176 1521 1224 Christus,
1564 1181 1696 1214 omnis
1724 1177 1924 1228 plenitudo
1955 1176 2202 1216 divinitatis!
2244 1179 2359 1217 Nam
2388 1182 2440 1222 (9³

1315 1234 1357 1268 in
1385 1238 1520 1267 nostro
1548 1243 1711 1280 corpore
1739 1235 1842 1269 inest
1869 1244 2008 1269 sensus
2028 1232 2195 1283 singulis
2223 1232 2440 1282 membris,

1316 1283 1385 1322 sed
1415 1297 1495 1320 non
1523 1291 1687 1332 tantus,
1717 1295 1891 1335 quantus
1919 1289 1961 1322 in
1990 1288 2148 1337 capite,
2185 1283 2248 1323 ubi
2277 1298 2440 1336 prorsus

1316 1340 1448 1375 omnis
1477 1345 1534 1374 est
1563 1342 1929 1389 quinquepartitus.
2236 1347 2240 1350 ⁴

1372 1390 1466 1430 556.
1499 1389 1657 1430 Ratione
1688 1392 1803 1430 etiam
1846 1392 2013 1444 idipsum
2054 1391 2265 1430 confirmat·
2286 1391 2443 1444 Angeli-

1316 1458 1408 1489 cus;
1455 1448 1582 1494 primo
1620 1454 1774 1497 propter
1817 1447 1996 1483 unionem
2039 1446 2180 1483 animae
2209 1445 2351 1484 Christi
2393 1446 2443 1484 ad

1317 1498 1492 1536 Verbum
1522 1498 1622 1544 Dei3
1665 1512 1710 1536 ex
1738 1513 1816 1551 qua
1847 1500 1985 1537 unione
2013 1501 2188 1551 provenit
2211 1501 2348 1551 gratim
2380 1500 2442 1537 in-

1320 1551 1475 1598 ssuxus;
1504 1561 1648 1604 quanto
1676 1560 1805 1590 autem
1835 1552 1993 1605 aliquod
2015 1554 2251 1604 receptivum
2280 1553 2443 1604 propin·

1319 1607 1433 1657 quius
1463 1615 1513 1643 est
1543 1619 1667 1643 causae
1699 1605 1898 1654 influenti,
1930 1614 2033 1643 tanto
2059 1606 2323 1644 abundantius·
2341 1607 2440 1643 reci-

1321 1660 1402 1710 pit:
1432 1658 1606 1696 secundo
1636 1669 1788 1710 propter
1818 1658 2056 1697 nobilitatem
2079 1658 2250 1709 ejusdem
2269 1660 2410 1696 animae
2429 1688 2442 1707 ‚

1320 1711 1432 1763 cujus
1462 1713 1697 1764 operationes
1726 1712 1923 1763 oportebat
1966 1713 2287 1765 propinquissime
2329 1713 2446 1747 attin·

1321 1780 1408 1817 gere
1437 1767 1485 1803 ad
1514 1766 1640 1802 Deum
1672 1779 1739 1817 per
1767 1766 2017 1816 cognitionem
2036 1795 2046 1813 ,
2090 1764 2123 1800 ἃ
2153 1777 2322 1801 amorem
2341 1793 2352 1811 ‚
2395 1763 2445 1801 ad

1321 1819 1422 1871 quod
1452 1832 1598 1857 necesse
1628 1828 1678 1856 est
1710 1817 1850 1857 elevari
1880 1817 2106 1856 rationalem
2138 1825 2352 1856 creaturam
2373 1830 2443 1869 per

1322 1874 1508 1923 gratiam:
1539 1876 1651 1910 tertio
1680 1881 1834 1925 propter
1863 1871 2131 1910 habitudinem
2162 1871 2282 1923 ipsius
2301 1869 2445 1908 Christi

1323 1926 1370 1962 ad
1399 1940 1514 1977 genus
1558 1926 1771 1964 humanum
1793 1952 1804 1963 .
1852 1926 2022 1964 Christus
2051 1927 2153 1963 euim
2196 1928 2443 1975 inquantum

1324 1977 1439 2014 lzomo
1468 1988 1519 2016 est
1546 1979 1728 2016 mediator
1759 1979 1860 2028 Dei,
1889 1980 1924 2017 &
1952 1979 2182 2024 hominum5
2225 1978 2260 2014 8<
2290 1978 2374 2015 ideo
2402 1991 2447 2015 o-

1325 2029 1517 2080 portebat,
1549 2032 1674 2080 ipsum
1706 2031 1845 2068 habere
1874 2034 2034 2083 gratiam
2065 2033 2178 2070 etiam
2200 2032 2241 2069 in
2271 2031 2363 2068 alios
2386 2043 2447 2067 re—

1323 2082 1576 2129 dundantem,
1606 2085 1814 2119 secundum
1846 2084 1942 2120 illud
1970 2085 2104 2123 Joann.
2135 2086 2166 2122 I.
2202 2097 2263 2135 ¹9.
2295 2084 2343 2121 (le
2362 2083 2444 2133 ple-

1322 2133 1501 2169 nitudine
1529 2136 1614 2183 ejus
1642 2148 1715 2172 nos
1733 2148 1873 2173 omnes
1893 2140 2120 2186 accepimus
2138 2166 2149 2183 ‚
2179 2137 2229 2176 ὅ)
2258 2140 2445 2186 gratiam

1323 2196 1393 2236 pro
1421 2187 1582 2235 gratia.

1379 2237 1473 2289 557.
1503 2237 1705 2286 Quomodo
1733 2246 1859 2275 autem
1888 2250 1963 2276 non
1991 2237 2162 2275 obstante
2195 2240 2338 2274 unione
2368 2239 2442 2289 hy-

1325 2294 1527 2344 postatica,
1557 2300 1690 2329 natura
1718 2290 1889 2329 humana
1908 2290 2048 2328 Christi
2077 2291 2191 2328 fuerit
2220 2292 2353 2341 gratiae
2375 2289 2445 2328 ha-

1325 2344 1481 2383 bitualis
1509 2358 1657 2397 capax,
1700 2344 1867 2396 explicat
1896 2344 2100 2396 Angelicus
2140 2351 2212 2382 art.
2246 2356 2281 2381 1.
2322 2345 2372 2382 ad
2407 2357 2442 2382 1.

1326 2400 1530 2450 inquiens:
1579 2428 1604 2446 „
1632 2397 1804 2436 Christus
1846 2407 1897 2436 est
1938 2412 2050 2436 verus
2079 2397 2184 2436 Deus
2226 2398 2443 2436 secuudum

1329 2481 1356 2500 a,
1385 2464 1586 2503 personam
1616 2451 1649 2486 8<
1678 2460 1854 2489 naturam
1883 2452 2081 2489 divinam.
2125 2451 2199 2489 Sed
2227 2453 2321 2502 quia
2349 2465 2442 2489 cum

1328 2535 1355 2554 s>
1385 2507 1525 2543 unitate
1555 2518 1726 2556 personae
1756 2513 1926 2542 remanet
1954 2505 2148 2543 ‘distinctio
2184 2513 2412 2541 naturarum
2430 2533 2443 2551 ,

1328 2587 1356 2608 „
1385 2559 1516 2596 anima
1536 2559 1675 2596 Christi
1705 2571 1776 2595 non
1807 2567 1858 2596 est
1888 2571 1955 2611 per
1984 2572 2092 2596 suam
2122 2558 2320 2595 essentiam
2349 2557 2448 2596 divi-

1329 2641 1356 2661 „
1385 2626 1504 2660 nam,
1535 2612 1620 2649 ideo
1647 2620 1814 2663 oportet,
1844 2612 1945 2664 quod
1974 2612 2041 2650 fiat
2068 2611 2199 2651 divina
2229 2625 2296 2662 per
2325 2611 2444 2662 parti-

1328 2695 1355 2714 „
1384 2667 1611 2718 cipationem
1628 2695 1639 2713 ‚
1668 2679 1757 2717 quae
1779 2674 1831 2703 est
1851 2665 2063 2704 secundum
2082 2665 2242 2717 gratiam
2256 2690 2266 2701 .
2288 2667 2313 2686 “
2344 2664 2445 2700 Hinc

1329 2729 1408 2768 est,
1455 2719 1556 2772 quod
1583 2720 1701 2756 sancti
1731 2718 1855 2757 Patres
1883 2719 1980 2756 bene
2022 2719 2136 2757 multi
2177 2716 2275 2756 illud
2303 2715 2447 2755 Christi

1328 2773 1487 2811 Domini
1516 2772 1624 2810 Joan.
1653 2771 1784 2811 XXII.
1817 2785 1880 2824 29.
1928 2771 2148 2826 Sanctifico
2176 2774 2370 2821 meipsum
2399 2768 2448 2805 de

1328 2826 1478 2865 Christo
1505 2824 1801 2874 intellexerunt,
1848 2827 1916 2877 qui
1946 2828 2155 2864 secundum
2185 2833 2360 2860 naturam
2390 2821 2450 2858 di-

1331 2881 1465 2918 vinam
1492 2879 1566 2917 sibi
1595 2880 1667 2928 ipsi
1698 2889 1736 2916 ut
1767 2878 1914 2917 homini
1942 2880 2104 2930 gratiam
2145 2875 2445 2913 sanctificantem

1332 2932 1558 2971 contulerit.
1589 2930 1704 2983 Ego,
1735 2933 1900 2983 explicat
1928 2933 1967 2969 S.
2000 2930 2226 2967 Athanasius
2257 2928 2364 2965 Orat.
2395 2927 2446 2963 ΙΙ.

1334 2996 1434 3025 cont.
1464 2987 1622 3024 Arianos
1641 3015 1651 3032 ,
1681 2990 1745 3035 qui
1774 2985 1905 3022 Patris
1933 2996 2021 3020 sum
2041 2981 2210 3021 Verbum
2227 3012 2237 3030 ‚
2269 2985 2350 3032 ipse
2371 2983 2447 3036 mi·-

1333 3040 1372 3078 hc·
1392 3040 1542 3078 homini
1556 3038 1679 3090 facto
1700 3039 1887 3088 Spiritum
1908 3036 2030 3073 tribuo
2045 3067 2056 3084 ,
2085 3036 2134 3077 <9¹
2155 3039 2350 3087 meipsum
2368 3033 2447 3086 ja-

1334 3103 1441 3132 ctum
1471 3092 1671 3131 hominem
1701 3093 1765 3129 illo
1793 3090 2004 3143 sanctifico
2021 3117 2031 3129 .

1388 3146 1480 3187 558.
1509 3143 1602 3196 Obj.
1632 3146 1785 3197 prim0.
1829 3145 1962 3183 Gratia
1992 3144 2099 3182 nobis
2128 3151 2179 3181 est
2209 3143 2449 3190 necessaria,

1333 3210 1416 3241 tum
1445 3200 1491 3238 ad
1513 3200 1611 3238 bene
1631 3199 1888 3250 operandum,
1918 3207 2001 3236 tum
2018 3200 2131 3236 etiam
2151 3197 2198 3235 ad
2218 3210 2448 3250 consequen-

1333 3256 1423 3294 dam
1452 3254 1571 3293 vitam
1598 3262 1804 3290 aeternam:
1832 3253 1896 3291 sed
1925 3253 1963 3290 in
1977 3253 2125 3290 Christo
2154 3263 2199 3289 ex
2226 3259 2360 3288 neutro
2382 3262 2445 3285 ca-

1335 3310 1412 3360 pite
1441 3316 1518 3348 erat
1546 3307 1745 3346 necessitas
1785 3308 1918 3358 gratiae
1934 3335 1946 3356 ‚
1987 3306 2062 3359 ipsi
2083 3307 2194 3346 euim
2221 3313 2374 3362 propter
2404 3315 2447 3340 ψ’

2308 3367 2394 3395 1110-
