2583 3685
257 139 275 164 ·ι
293 125 344 175 7ss

250 200 337 236 105.
367 194 461 233 Haec
488 191 679 242 ipsissima
710 197 760 226 est
789 188 829 225 S.
862 189 1057 239 Augustini
1098 188 1290 234 doctrina,

190 254 255 304 qui
287 250 424 298 saepius
452 259 472 280 a
502 242 710 292 Pelagianis
750 249 1003 292 provocatus,
1052 249 1091 278 ut
1127 240 1292 291 explica-

190 313 271 348 ret,
313 296 500 350 quomodo
522 303 727 345 peccatum
758 292 941 344 originale
969 294 1044 330 dici
1089 296 1199 344 possit
1229 306 1290 330 no-

186 356 245 393 bis
273 350 556 394 voluntarium,
594 346 627 381 ἃ
657 346 851 393 liberum,
894 359 1042 397 semper
1072 347 1290 398 respondit,

186 405 294 444 nobis
321 403 437 440 *fuisse
467 400 724 439 voluntarium
744 428 753 444 ,
784 397 818 434 ἃ
847 397 1013 436 liberum
1045 399 1082 434 in
1117 399 1291 446 Adamo,

186 460 226 496 in
254 469 330 508 quo
357 468 489 492 omnes
518 465 694 499 eramus,
737 451 771 486 8<
800 465 822 487 a
851 463 927 502 quo
961 453 1197 500 generatione
1226 453 1290 489 de-

185 510 402 549 scendimus
441 511 455 558 (
487 506 576 544 Vid.
614 519 698 556 sup.
727 503 827 541 Seet.
858 504 904 541 ll.
948 517 988 541 n.
1023 504 1110 541 151.
1140 504 1188 551 ).
1244 504 1291 541 Et

186 572 384 615 postquam
417 560 514 597 lianc
541 572 649 596 suam
681 557 890 595 doctrinam
922 556 1089 607 inagistri
1119 557 1175 593 sui
1199 557 1290 594 Am-

185 616 301 656 brosii
331 613 551 651 firmissima
580 611 800 648 auctoritate
830 610 1020 655 munivit,
1049 608 1222 646 observat
1254 611 1291 645 in

185 676 375 721 postremo
398 667 528 716 Opere
558 673 663 701 cont.
691 662 766 700 Jul.
796 661 885 699 Lib.
916 661 983 698 lV.
1009 674 1048 698 n.
1077 660 1184 708 ιοά.,
1214 661 1291 698 dici

187 722 348 773 potuisse
377 733 398 755 a
427 718 467 755 S.
497 718 685 770 Episcopo
706 714 1007 760 Mediolanensi,
1036 725 1164 750 omnes
1184 715 1224 751 in
1242 714 1293 751 Α-

184 775 298 812 darno
327 772 466 810 fuisse:
491 799 522 819 .„
552 784 625 807 non
645 777 797 820 propter
812 767 1014 805 arbitrium
1032 765 1292 816 singulorum,

187 857 212 876 ‚,
242 826 304 864 sed
331 832 484 876 propter
511 824 696 874 originem
725 821 882 858 seminis
899 849 910 868 ‚
949 819 1048 857 unde
1073 831 1204 855 omnes
1235 819 1294 855 fu·

186 909 211 928 r,
243 879 316 916 turi
347 886 474 914 erant:
504 876 712 914 secundum
743 887 860 926 quam
888 873 1075 924 originem
1104 884 1234 908 omnes
1255 873 1294 908 in

186 962 213 981 „
244 932 310 969 illo
339 944 415 968 uno
444 937 547 967 erant
565 959 576 977 ,
623 928 656 964 8<
688 926 727 965 hi
755 940 885 964 omnes
929 938 1024 963 unns
1066 923 1132 962 ille
1158 933 1294 971 erant,

186 1014 212 1033 ,.‚
243 986 309 1036 qui
339 986 377 1022 in
406 983 536 1034 seipsis
565 980 664 1019 nulli
695 979 820 1017 adhuc
850 986 955 1015 eraut
985 981 1038 1015 “.

244 1036 330 1075 106.
360 1036 400 1073 ld
430 1045 555 1087 postea
585 1033 744 1071 illustrat
773 1032 814 1069 S.
845 1032 986 1069 Doctovr
1016 1029 1194 1080 exemplo
1224 1029 1295 1066 Le-

182 1091 250 1139 v-i,
280 1091 346 1141 qui
377 1089 515 1125 dicitur
545 1086 594 1124 ab
624 1085 800 1138 Apostolo
830 1083 1030 1122 Heb.Vlt.
1052 1096 1090 1135 9.
1120 1082 1296 1119 decima-

184 1152 245 1181 tus
274 1157 296 1180 a
323 1139 607 1180 Melchisedech
638 1140 676 1177 in
721 1138 865 1176 lumbis
896 1136 1062 1175 Abrahae
1084 1165 1094 1183 ,
1141 1137 1181 1173 in
1211 1135 1297 1186 qui-

185 1198 256 1235 bus
285 1203 363 1232 erat
381 1225 391 1241 ‚
435 1208 508 1233 nou
539 1193 746 1232 secundum
777 1191 1033 1228 substantiam
1055 1202 1161 1226 suam
1179 1217 1189 1235 ,
1232 1194 1296 1224 aut

185 1249 415 1288 voluntatem
434 1277 444 1295 ,
487 1246 551 1284 secl
580 1244 702 1284 solum
732 1244 939 1283 secundum
967 1243 1154 1293 originem
1184 1240 1297 1277 semi-

184 1301 338 1340 nalem.

244 1368 330 1404 107.
361 1352 407 1390 Et
438 1351 519 1389 haec
549 1359 601 1389 est
630 1349 909 1402 propagationis
939 1347 1063 1397 culpae
1099 1343 1295 1395 originalis

183 1419 295 1443 rausa
324 1406 475 1457 prima.
506 1404 578 1442 Sed
610 1412 791 1454 praeterea
824 1402 923 1438 idem
945 1401 984 1438 S.
1008 1401 1147 1437 Doctor
1176 1398 1294 1435 aliam

182 1458 290 1497 affert
321 1471 472 1495 causam
503 1457 777 1509 proximiorem
807 1454 1068 1491 transfusionis
1097 1449 1294 1503 originalis

183 1511 308 1563 cnlpae
326 1540 336 1558 ,
367 1524 506 1563 nempe
535 1509 881 1560 concupiscentiam
899 1537 910 1555 ,
941 1508 1021 1545 sine
1041 1518 1116 1557 qua
1137 1517 1294 1556 genera-

182 1567 234 1602 tio
262 1577 335 1602 non
365 1563 433 1601 fit.
485 1562 595 1600 Unde
623 1562 749 1601 Serm.
784 1561 874 1599 151.
906 1559 952 1597 cle
979 1568 1156 1607 tempore
1186 1570 1222 1593 n.
1256 1557 1293 1592 5.

182 1626 382 1670 postquam
412 1616 757 1667 concupiscentiam
787 1613 1013 1650 memoravit
1031 1623 1076 1646 ex
1099 1610 1225 1658 primo
1243 1607 1293 1644 Α-

182 1672 287 1707 clami
317 1678 471 1720 peccato
499 1676 644 1705 natam:
691 1665 829 1711 Ecce,
860 1665 1009 1715 inquit,
1040 1660 1142 1698 unde
1170 1659 1293 1697 trahi-

182 1733 245 1760 znr
272 1722 467 1773 originale
502 1728 712 1767 peccatum
730 1743 740 1755 .
788 1716 897 1754 Ecce
926 1714 1030 1752 unde
1071 1726 1188 1751 nemo
1217 1725 1293 1750 na-

181 1780 303 1813 scitur
330 1777 416 1810 sine
443 1780 608 1822 peccato
625 1797 635 1809 .

240 1827 331 1865 108.
361 1826 441 1864 Hoc
477 1826 582 1863 docet
610 1822 878 1876 Hypponensis
907 1821 1120 1872 Episcopus
1157 1833 1292 1871 quam-

181 1880 420 1932 saepissime3
450 1880 527 1916 imo
545 1879 586 1915 in
602 1877 727 1915 Serm.
757 1876 861 1914 laud.
892 1875 977 1912 iude
1008 1873 1162 1925 repetit,
1191 1871 1293 1924 quod

182 1933 350 1971 Christus
380 1945 401 1968 a
430 1930 516 1968 labe
544 1929 722 1980 originali
753 1929 939 1966 immunis
968 1928 1108 1974 fuerit,
1149 1927 1242 1978 quia
1270 1938 1293 1961 a

182 1986 342 2036 Virgine
371 1986 448 2021 sine
492 1981 572 2019 ulla
600 1983 903 2033 concupiscentia
944 1987 1148 2030 conceptus
1191 1979 1291 2016 fuit.

182 2039 231 2078 Et
262 2037 348 2075 Lib.
379 2036 430 2073 V.
460 2043 565 2073 cont.
593 2034 670 2072 sul.
699 2048 785 2086 cap.
822 2035 882 2072 15.
922 2062 948 2082 „
979 2032 1078 2069 Hinc
1108 2039 1291 2083 apparet,

241 2093 385 2141 inquit,
417 2088 523 2126 illam
554 2088 930 2138 concupiscentiam,
959 2097 1028 2136 per
1047 2098 1162 2136 quam
1180 2083 1292 2121 Chri-

237 2153 312 2182 stus
339 2144 491 2193 concipi
522 2141 672 2189 noluit,
716 2140 848 2178 fecisse
879 2141 918 2177 in
947 2150 1083 2189 genere
1126 2137 1294 2174 humano

240 2197 488 2248 propaginem
519 2193 638 2240 mali3
668 2195 765 2245 »quia
793 2192 933 2231 Mariae
963 2203 1126 2242 corpus,
1156 2203 1292 2241 quam-

241 2251 297 2287 vis
326 2249 414 2286 inde
444 2247 614 2294 venerit,
643 2255 769 2283 tamen
800 2260 884 2282 eam
900 2257 976 2282 -non
992 2242 1138 2294 trajecit
1156 2244 1194 2280 in
1209 2255 1292 2279 cor-

240 2315 339 2353 pus,
381 2300 482 2351 quod
512 2312 583 2337 non
613 2299 698 2336 inde
727 2299 900 2350 concepit
918 2324 928 2334 .
971 2295 1027 2333 Et
1057 2300 1198 2332 iterum
1227 2293 1293 2332 tbi-

243 2354 332 2392 dem
349 2367 362 2390 .·
390 2354 487 2390 Caro
515 2353 642 2403 itaque
661 2351 801 2390 Christi
832 2349 1097 2391 mortalitatem
1127 2348 1172 2384 de
1193 2359 1294 2384 mor-

241 2407 382 2446 talitate
411 2406 571 2444 materni
614 2406 783 2456 corporis
809 2404 952 2450 traxit,
1000 2403 1092 2453 quia
1135 2398 1294 2438 mortale

183 2491 211 2510 „
240 2473 376 2511 corpus
407 2458 489 2510 ejus
518 2458 688 2503 invenit3
718 2457 932 2508 contagium
963 2467 1053 2492 vero
1082 2453 1226 2504 peccati
1252 2465 1294 2488 o-

186 2543 214 2563 „
243 2512 416 2564 riginalis
445 2524 519 2548 non
548 2511 688 2556 traxit,
717 2511 810 2560 quia
839 2507 1126 2546 concumbentis
1155 2517 1293 2542 concu-

184 2596 210 2615 „
241 2566 464 2618 piscentiam
503 2575 576 2600 non
607 2564 752 2600 invenit
780 2565 834 2599 “.
879 2563 1079 2598 Innumera
1107 2566 1192 2596 sunt
1221 2557 1292 2595 hu-

180 2619 347 2671 jusmodi
375 2617 587 2655 testimonia
601 2641 612 2653 .

241 2685 328 2723 ¹09·
357 2670 493 2721 Neque
520 2669 570 2706 ab
596 2667 670 2705 hac
700 2667 881 2705 sententia
915 2666 1063 2704 alienus
1092 2673 1143 2702 est
1172 2664 1291 2714 magi-

184 2734 256 2763 ster
280 2733 407 2762 noster
437 2722 477 2760 S.
509 2720 704 2758 Thomas.
752 2720 851 2758 Nam
881 2721 920 2757 in
951 2734 1018 2770 qu.
1048 2718 1114 2755 81.
1152 2717 1292 2767 saepius

185 2780 246 2815 cit.
275 2785 345 2814 art.
377 2777 415 2815 3.
444 2775 492 2813 ad
523 2787 559 2812 2.
589 2773 810 2825 explicans,
857 2771 1047 2823 quomodo
1075 2785 1097 2807 a
1126 2768 1292 2819 parenti-

186 2829 254 2866 bus
282 2829 478 2881 baptizatis
507 2827 724 2865 traducatur
752 2833 950 2877 peccatum
980 2821 1165 2873 originale
1182 2850 1193 2868 ,
1230 2833 1290 2856 re-

188 2894 336 2919 manere
382 2883 422 2922 in
469 2882 563 2934 ipsis
608 2879 808 2932 baptizatis
854 2884 1052 2930 peccatum
1109 2872 1292 2926 originale

184 2123 210 2141 ἓ)

183 2175 210 2195 a>

183 2227 209 2247 5)

184 2279 211 2299 2³

183 2332 210 2352 θ’)

182 2385 212 2406 ³5

185 2439 212 2458 >7

236 3038 283 3071 (a)
309 3035 345 3065 ln
371 3043 435 3067 art.
455 3048 486 3079 7·
512 3036 623 3082 ejusd.
649 3046 772 3082 quaest.
799 3038 846 3071 ita
861 3035 1015 3070 Thomas
1034 3034 1196 3070 resolvitz
1225 3032 1292 3066 Di-

192 3088 279 3112 Clfflss
303 3087 354 3110 25!
381 3093 502 3132 mem'
542 3086 629 3126 qnod
652 3093 828 3127 peccatum
852 3085 1022 3127 originale
1048 3096 1067 3115 α
1100 3085 1207 3125 primo
1232 3093 1293 3124 ρα-

190 3133 288 3178 rente
310 3125 481 3157 derivatur
506 3131 539 3159 in
565 3138 740 3170 posteros,
768 3135 957 3174 inquantum
974 3133 1106 3172 posteri
1125 3129 1293 3160 morentur

188 3184 210 3204 a
233 3183 342 3214 primo
365 3179 505 3222 parente
531 3185 589 3214 per
614 3179 779 3218 originem
795 3199 803 3207 .
830 3176 1058 3218 Manifestum
1082 3182 1134 3206 est
1159 3181 1294 3211 aurem,

190 3217 278 3260 qnod
302 3223 453 3268 matema*
472 3228 536 3247 non
555 3227 607 3249 est
632 3233 758 3254 movere
778 3243 789 3261 ‚
815 3223 878 3254 sed
902 3225 1053 3258 moveri;
1078 3221 1164 3251 unde
1190 3220 1299 3262 quali-

193 3270 379 3302 tercumque
404 3264 528 3304 aliquis
553 3269 777 3299 masena-liter
793 3269 998 3309 procederet
1022 3279 1064 3298 ex
1084 3266 1221 3304 Adam,
1247 3263 1299 3296 uel

187 3320 234 3341 ex
261 3308 343 3348 his,
368 3311 422 3351 qui
446 3307 486 3340 ab
511 3307 626 3341 Adam
645 3320 911 3352 processerunt,
936 3312 1140 3347 nullomodo
1165 3317 1299 3346 contra-

788 107 1186 154 DISSERTATIO
1218 106 1296 151 m.
1349 102 1619 148 SECT.111.
1654 104 1782 148 GAP.
1815 102 1890 147 111.

1361 215 1387 235 υ
1415 192 1600 235 quantum
1631 183 1677 219 ad
1706 184 1877 220 ‘fomitem
1895 212 1905 230 ,
1942 180 2008 233 qui
2040 188 2091 218 est
2120 179 2347 219 inordinatio
2374 189 2462 233 pare

1417 238 1511 273 tium
1542 234 1767 272 inferiorum
1788 236 1927 272 animae
1945 264 1955 283 ,
1984 234 2018 270 ἃ
2047 235 2165 285 ipsius
2194 237 2378 286 corporis,
2408 247 2464 271 se-

1417 290 1584 327 cuudum
1614 287 1714 339 quod
1745 286 1857 324 hoino
1884 298 2061 338 generat,
2092 287 2125 323 δι
2155 301 2225 324 non
2257 288 2465 325 secundum

1419 351 1582 380 mentem
1601 369 1611 387 ,
1660 339 1693 373 &
1724 339 1806 376 ideo
1833 339 2008 391 baptizati
2038 340 2236 378 traducunt
2265 349 2466 392 peccatum

1419 393 1604 446 originale
1621 418 1631 429 .
1661 392 1746 429 Non
1767 393 1868 429 enim
1883 402 2055 443 >parentes
2069 403 2275 442 generant,
2306 395 2466 445 inquan-

1414 458 1492 485 tum
1524 455 1607 484 sunt
1636 445 1803 482 renovati
1825 457 1892 496 per
1920 445 2156 495 baptismum
2179 474 2188 491 ,
2219 447 2281 484 sed
2302 448 2465 498 inquan-

1415 511 1494 538 tum
1524 501 1685 537 retinent
1714 497 1837 535 adhuc
1867 496 2012 549 aliquid
2041 497 2086 533 de
2128 507 2305 536 vetustate
2348 497 2466 550 primi

1415 554 1586 606 peccati,
1615 552 1761 589 scilicet
1790 553 2178 600 concupiscentiam.
2208 547 2262 586 Et
2290 564 2327 601 q.
2348 551 2387 596 4.
2417 552 2465 588 de

1418 607 1519 645 malo
1547 614 1625 642 art.
1654 604 1692 642 6.
1722 603 1777 640 ad
1811 602 1870 641 16.
1909 603 2059 649 Causa,
2090 605 2239 651 inquit,
2267 604 2364 654 quod
2395 603 2467 642 ali-

1417 662 1503 713 quis
1533 658 1756 696 transmittat
1785 654 1970 705 originale
2001 663 2198 705 peccatum
2226 654 2267 690 in
2293 656 2469 705 prolem,

1417 722 1468 751 est
1497 712 1562 759 id,
1592 711 1692 763 quod
1722 719 1890 747 remanet
1921 708 1958 745 iu
1988 719 2030 744 eo
2059 706 2105 743 de
2125 714 2283 757 peccato
2300 708 2467 758 origina-

1419 765 1474 812 li,
1507 766 1617 802 etiam
1648 772 1727 816 post
1744 763 1975 813 baptismum
1995 790 2005 809 ,
2034 757 2179 797 scili-cet
2198 760 2472 810 concupiscen-

1764 818 1791 837 (ἰ

1361 268 1387 288 9³

1360 320 1390 341 52

1362 374 1388 394 2²

1364 427 1390 446 Β)

1359 479 1384 499 3)

1359 532 1386 552 >ἳ

1360 585 1385 605 2³

1360 635 1386 657 59

1361 690 1388 710 2>

1360 743 1388 762 θ’

1379 796 1389 814 2

1362 796 1390 866 ζ,
1418 819 1497 865 tia,
1529 817 1587 854 vel
1618 816 1735 854 fomes

1421 884 1508 908 110.
1539 870 1625 916 Qua
1667 878 1791 906 tamen
1819 867 1860 905 S.
1891 867 2032 905 Doctor
2074 878 2222 918 semper
2265 865 2471 914 utebatur,

1363 924 1588 974 praecisione
1605 951 1616 969 ,
1645 922 1925 959 &distinctione
1943 950 1952 968 ,
1985 919 2126 957 ibidem
2147 919 2342 967 observat,
2372 917 2475 957 hauc

1364 974 1735 1026 concupiscentiam,
1783 987 1869 1024 quae
1899 974 2038 1011 dicitnr
2081 971 2303 1011 vehiculum
2345 971 2475 1023 culpae

1363 1026 1584 1078 originalis,
1627 1039 1704 1063 non
1744 1039 1826 1063 esse
1853 1027 2201 1077 concupiscentiam
2243 1025 2474 1073 actualem,

1364 1093 1452 1130 quae
1483 1081 1522 1117 in
1552 1087 1637 1116 actu
1665 1080 1914 1129 generationis
1944 1080 2157 1126 excitatur,
2199 1079 2262 1116 sed
2293 1077 2474 1115 habitua-

1366 1133 1443 1169 lem
1461 1162 1471 1179 ,
1502 1133 1632 1182 inqua
1646 1132 1842 1181 reponitur
1873 1131 2067 1168 materiale
2089 1133 2232 1183 peccati
2253 1130 2474 1182 originalis·

1364 1185 1475 1222 Unde
1501 1185 1534 1221 si
1564 1182 1751 1220 miraculo
1780 1182 1863 1219 haee
1905 1182 2024 1220 libido
2052 1183 2210 1221 actualis
2251 1185 2290 1222 in
2320 1197 2475 1235 genera-

1363 1240 1465 1275 tione
1493 1238 1646 1274 omuino
1666 1243 1922 1273 removeretur
1939 1264 1949 1281 ,
1979 1234 2101 1285 proles
2122 1235 2368 1274 nihilominus
2384 1250 2474 1275 cou-

1365 1290 1526 1328 traheret
1557 1296 1756 1341 peccatum
1786 1287 1998 1338 originale3
2032 1288 2122 1338 quia
2151 1301 2290 1338 nempe
2319 1291 2473 1340 propria

1365 1343 1533 1395 eiusdem
1564 1341 1785 1380 traducendi
1816 1342 1879 1379 via
1907 1348 1959 1377 est
1998 1338 2166 1376 carnalis
2209 1342 2396 1391 generatio
2424 1342 2474 1379 ab

1367 1397 1486 1435 Adam
1517 1396 1746 1448 procedens.
1775 1393 1824 1431 Et
1852 1394 1884 1430 si
1914 1401 2043 1431 contra
2072 1391 2185 1430 homo
2217 1393 2387 1430 existeret
2407 1406 2474 1444 per

1364 1451 1622 1496 creationem,
1652 1456 1715 1485 aut
1744 1446 1820 1484 alio
1849 1447 1983 1493 modo,
2012 1459 2129 1498 quam
2161 1456 2228 1497 p‘er
2247 1444 2476 1483 seminalem

1360 1503 1638 1554 generationem
1669 1499 1717 1537 ab
1750 1499 1870 1536 Adam
1889 1529 1898 1546 ,
1930 1497 1995 1535 ille
2025 1500 2228 1546 innocens,
2272 1497 2306 1533 8(
2336 1512 2357 1535 a
2387 1497 2476 1535 labe

1362 1555 1578 1592 Adamitica
1606 1553 1764 1592 omnino
1793 1552 1977 1588 immunis
2007 1561 2097 1589 esset
2127 1552 2191 1602 (a)
2210 1577 2221 1588 .

1420 1621 1507 1645 ιιι.
1537 1607 1585 1645 Et
1622 1607 1714 1658 quia
1756 1605 1974 1656 frequenter
2002 1604 2043 1641 S.
2073 1605 2307 1654 Augustinus
2346 1605 2397 1641 ita
2426 1603 2473 1641 de

1361 1659 1503 1698 actuali
1535 1659 1843 1710 concupiscentia
1874 1656 2070 1708 loquitur,
2119 1658 2226 1706 quasi
2258 1670 2324 1706 per
2354 1657 2474 1706 ipsius

1362 1714 1533 1750 ardorem
1565 1711 1761 1762 originalis
1789 1722 1884 1746 noxa
1915 1707 2204 1756 transvehatur,
2234 1707 2274 1745 S.
2306 1707 2474 1746 Thomas

1362 1766 1485 1803 fidelis
1515 1765 1596 1814 ejus
1626 1766 1807 1814 interpres
1846 1762 1882 1798 id
1913 1760 2104 1813 explicat,
2154 1761 2254 1813 quod
2297 1789 2322 1808 „
2353 1760 2474 1798 libido

1362 1848 1387 1868 ,‚
1417 1818 1601 1864 actualis,
1645 1830 1734 1868 quae
1765 1823 1816 1851 est
1846 1815 1883 1851 in
1911 1817 2040 1862 coitu,
2085 1815 2129 1851 sit
2160 1816 2307 1864 signum
2338 1827 2475 1858 concu-

1361 1902 1387 1920 „
1414 1872 1610 1923 piscentiae
1642 1867 1874 1915 habitualis,
1903 1881 1990 1919 quae
2021 1866 2265 1904 materialiter
2295 1879 2332 1903 se
2362 1865 2473 1905 habet

1363 1955 1389 1973 „
1418 1926 1457 1961 in
1488 1932 1643 1976 peccato
1671 1920 1912 1972 originali
1953 1919 2066 1957 Unde
2097 1920 2353 1970 Augustinus,
2383 1933 2474 1958 cum

1363 2007 1388 2026 ,‚
1418 1978 1540 2024 dixit,
1569 1975 1672 2028 qnod
1693 1974 1912 2012 transmittit
1929 1981 2155 2024 peceatum,
2187 1974 2309 2024 posuit
2324 1973 2473 2025 signum

1360 2060 1388 2079 „
1417 2042 1487 2082 pro
1513 2031 1655 2079 signato
1684 2030 1739 2065 “-

1420 2096 1509 2121 112.
1539 2082 1586 2119 Et
1615 2081 1700 2119 liaec
1727 2080 1817 2117 satis
1845 2080 1918 2118 sint
1954 2080 2000 2117 de
2028 2078 2214 2128 obscura,
2256 2088 2369 2132 atque
2399 2082 2472 2117 im-

1361 2136 1474 2189 plexa
1502 2134 1571 2173 illa
1600 2135 1808 2187 quaestione
1826 2163 1836 2181 ,
1883 2133 2073 2184 quomodo
2102 2141 2300 2185 peccatum
2332 2132 2472 2171 Adam-i

1360 2197 1588 2241 propagetur
1615 2190 1655 2226 in
1685 2199 1814 2224 omnes
1856 2186 1937 2236 ejus
1967 2195 2129 2237 posteros
2150 2213 2159 2222 .
2207 2186 2315 2223 Licet
2344 2194 2472 2224 autem

1363 2243 1445 2280 hoec
1475 2242 1696 2280 Sanctorum
1732 2239 1955 2291 Augustini,
1986 2238 2019 2274 8(
2050 2238 2211 2275 Thomae
2230 2269 2240 2286 ,
2289 2237 2473 2276 aliorum·

1361 2309 1437 2347 que
1466 2294 1640 2347 plurium
1662 2292 1944 2343 Theologorum
1973 2291 2143 2329 doctrina
2169 2293 2218 2329 ad
2249 2291 2366 2328 fidem
2400 2293 2472 2329 mi-

1361 2349 1466 2386 nime
1496 2349 1704 2399 pertineat,
1745 2345 1792 2383 de
1821 2359 1865 2383 ea
1894 2353 2020 2381 tamen
2051 2345 2143 2382 adeo
2171 2354 2292 2383 certus
2322 2345 2362 2382 S.
2393 2346 2475 2382 Aue

1362 2402 1531 2451 gnstinus
1561 2409 1665 2446 erat,
1709 2408 1748 2435 ut
1778 2399 1816 2435 in
1846 2396 1949 2434 laud,
1979 2398 2151 2449 superius
2182 2398 2269 2435 Lib.
2300 2397 2368 2434 IV.
2419 2397 2475 2435 O-

1361 2456 1465 2503 peris
1506 2452 1731 2503 imperfecti
1774 2451 1826 2488 ita
1854 2450 2013 2487 fidenter
2041 2449 2242 2487 Juliannm
2286 2449 2474 2489 allocutus

1361 2508 1432 2543 sit:
1481 2534 1507 2553 „
1539 2505 1678 2543 Desine
1706 2517 1802 2541 vane
1829 2504 2000 2555 garrire,
2030 2502 2064 2538 ἃ
2093 2515 2224 2541 omnes
2242 2533 2252 2551 ‚
2281 2505 2348 2556 qui
2378 2517 2477 2542 non·

1363 2588 1390 2609 „
1418 2558 1510 2596 dum
1542 2559 1616 2595 nati
1646 2556 1746 2595 nihil
1790 2570 1859 2608 per
1900 2557 2074 2608 prop-rias
2116 2556 2322 2595 voluntates
2365 2570 2475 2607 agere

1363 2641 1389 2660 „
1418 2620 1589 2663 poterant
1617 2610 1734 2656 boui,
1763 2608 1824 2646 vel
1853 2607 1949 2645 mati
1967 2637 1977 2655 ‚
2019 2610 2059 2645 in
2090 2621 2168 2646 uno
2195 2612 2356 2659 potuisse
2386 2622 2472 2658 pee-

1361 2694 1387 2712 „
1416 2677 1528 2709 care,
1559 2664 1598 2700 in
1627 2674 1704 2713 quo
1734 2673 1800 2710 per
1820 2662 2002 2697 rationem
2023 2660 2177 2699 seminis
2194 2670 2319 2707 erant,
2349 2674 2470 2711 quan·

1361 2746 1386 2765 „
1415 2716 1464 2753 do
1492 2715 1559 2753 ille
1588 2714 1745 2765 propria
1774 2711 1963 2751 voluntate
1985 2721 2180 2763 peccatum
2204 2712 2302 2750 illud
2330 2714 2471 2763 grande

1361 2798 1388 2818 „
1417 2767 1590 2819 peccavit
1608 2796 1618 2813 ,
1649 2774 1903 2817 naturamque
1932 2766 1972 2802 in
2000 2779 2038 2802 se
2069 2766 2238 2812 vitiavit,
2282 2768 2470 2813 mutavit,

1362 2850 1388 2871 „
1416 2820 1637 2858 obnoxiavit
1666 2818 1900 2863 humanam3
1930 2825 2086 2870 excepto
2107 2831 2181 2855 uno
2201 2817 2373 2866 homine,
2403 2821 2471 2871 qui

1363 2903 1388 2923 „
1418 2886 1463 2912 ex
1493 2874 1573 2926 ipso
1601 2871 1758 2923 quidem
1787 2872 1958 2922 semine,
1987 2879 2200 2910 nontamen
2215 2872 2389 2910 seminali
2410 2886 2474 2909 ra-

2293 2956 2319 2975 „
2349 2934 2418 2963 tio-

1361 3034 1458 3068 heret
1481 3031 1653 3077 originale
1677 3036 1871 3075 peccatum,
1896 3033 1965 3064 nisa
1996 3032 2209 3063 seminaliter
2225 3035 2471 3072 propagaretur·

1361 3093 1403 3113 ex
1429 3092 1467 3113 eo
1483 3102 1492 3110 .
1521 3080 1622 3112 Sicut
1644 3090 1707 3110 nec
1730 3079 1830 3109 etiam
1855 3086 2028 3119 peccatum
2043 3078 2212 3119 originale
2228 3075 2466 3111 contraheret,

1362 3128 1393 3158 si
1418 3127 1542 3170 aliquis
1568 3125 1660 3156 homo
1685 3123 1728 3155 de
1755 3135 1833 3155 novo
1850 3122 2064 3165 formaretur
2090 3124 2133 3155 de
2160 3130 2274 3155 terra.
2301 3119 2400 3154 Unde
2426 3116 2470 3150 ad

1362 3172 1395 3204 6.
1422 3167 1619 3208 concludit,
1646 3169 1731 3212 qnod
1757 3180 1799 3200 ex
1826 3168 1913 3209 hoc,
1955 3171 2041 3212 qnod
2068 3169 2231 3201 Christus
2247 3168 2324 3212 snit
2348 3175 2469 3198 conce-

1366 3225 1443 3260 ptus
1468 3227 1510 3249 ex
1534 3213 1677 3257 Virgine
1704 3219 1779 3246 sine
1805 3216 1898 3247 virili
1925 3219 2077 3257 semine,
2115 3216 2254 3256 habuit,
2293 3212 2379 3257 quod
2401 3220 2468 3243 non

1366 3261 1582 3298 contraheret
1605 3269 1780 3303 peccatum
1802 3264 1996 3308 originale.
