2583 3685
227 95 308 137 286

218 170 409 209 dominica
438 177 599 210 manus,
629 163 688 200 vel
717 161 912 198 dominica
934 161 1080 212 passio.
1110 160 1159 196 Et
1188 160 1272 196 ideo

162 201 188 274 Ξῖ
219 224 296 272 ipse
327 221 437 256 homo
467 217 663 262 Christus,
693 215 760 266 qui
792 221 843 251 est
864 213 1072 260 Dominus,
1103 224 1176 249 non
1207 225 1273 263 po-

218 283 281 310 test
309 272 386 309 dici
415 269 652 306 Dominicus
671 294 681 305 .
716 266 791 304 Sed
822 275 938 318 potest
966 278 1054 303 caro
1083 264 1165 315 ejus
1194 266 1272 303 dici

215 338 302 363 caro
330 324 549 370 dominica,
594 320 629 356 &
656 321 779 373 passio
808 320 890 372 ejus
921 328 1037 372 potest
1074 320 1151 357 dici
1179 331 1271 371 pas-

213 382 269 415 sio
298 376 528 414 (lominica.
557 377 584 397 ‘⁶

209 432 369 479 Quaeres
398 429 467 468 1V.
515 438 641 467 utrum
671 426 843 466 Christus
884 425 961 464 dici
1005 426 1118 479 possit
1150 422 1271 464 Crea-

156 492 246 521 tura
268 483 291 521 .9

209 537 302 588 617.
335 537 470 587 Resp.,
518 535 558 573 Id
589 534 766 573 absolute
808 532 1013 572 dicendum
1058 546 1128 570 non
1164 546 1269 582 esse,

154 591 216 630 sed
247 590 368 629 solum
398 603 486 628 cum
517 588 648 641 aliqua
669 588 926 640 expositione,
959 585 1267 636 utintelligatur,

154 645 194 683 id
225 645 355 681 referri
385 643 431 681 ad
464 642 673 680 humanam
704 640 842 679 Christi
873 648 1071 686 naturam,
1102 652 1189 689 quae
1211 652 1268 676 re·

154 698 235 748 ipsa
264 704 388 734 creata
418 711 439 734 a
469 696 551 734 Deo
582 696 679 742 fuit,
728 694 762 729 &
793 693 832 730 in
862 693 1095 730 consortium
1125 692 1267 729 divini-

153 751 235 791 tatis
265 758 455 802 assumpta
474 774 483 785 .
528 748 613 787 Non
643 747 754 784 debet
781 753 907 782 autem
940 745 976 781 id
1007 742 1181 782 absolute
1210 744 1269 782 di·

151 805 186 841 ci
204 833 215 851 ,
246 817 293 842 ne
321 804 487 855 suspicio
513 802 657 839 oriatur
679 800 831 837 haeresis
848 799 1024 845 Ariane,
1054 812 1142 849 quae
1157 797 1269 835 Chri-

151 865 253 894 stum
283 865 495 895 creaturam
527 868 629 902 esse,
673 852 707 890 8<
737 851 837 891 Patri
874 852 1099 890 inferiorem
1130 864 1266 889 assere·

149 909 241 958 bat,
273 923 345 948 non
376 909 499 948 solum
528 915 715 961 quantum
745 907 792 944 ad
821 914 999 944 naturam
1027 904 1266 952 humanam,

149 963 213 1002 sed
243 965 357 1001 etiam
386 971 572 1016 quantum
603 961 650 998 ad
680 973 902 1012 personam.
946 957 1182 1009 Exemplum
1211 959 1268 996 af-

150 1017 222 1055 fert
252 1017 291 1055 S.
324 1017 492 1054 Thomas
522 1029 567 1053 ex
598 1014 777 1052 humanis
806 1012 946 1057 rebus;
991 1025 1033 1048 ea
1064 1013 1192 1059 enim,
1221 1012 1268 1049 de

148 1070 290 1121 quibus
319 1070 487 1109 dubitari
518 1076 656 1121 potest,
686 1082 734 1105 an
765 1066 992 1104 conveniant
1013 1065 1100 1112 toti,
1130 1064 1191 1103 vel
1211 1077 1268 1101 so-

149 1123 231 1161 lum
262 1125 358 1175 parti
378 1154 388 1170 ,
418 1133 493 1161 non
525 1122 753 1173 proferimus
774 1118 973 1166 absolute,
1002 1117 1052 1157 ’δ’
1080 1119 1269 1167 simplici-

149 1185 228 1224 ter,
258 1176 718 1219 siuecleterminatione5
738 1173 935 1211 nonenim
951 1171 1137 1219 dicimus,
1166 1171 1268 1223 quod

150 1229 331 1281 „fEthiops
361 1241 419 1269 est
449 1229 588 1277 albus,
617 1229 681 1266 sed
709 1225 814 1280 quod
843 1226 888 1264 sit
908 1225 1019 1264 albus
1048 1224 1269 1263 secundum

150 1283 315 1322 dentes:
345 1284 511 1322 dicimus
540 1291 667 1321 autem
696 1283 778 1319 sine
798 1279 1137 1326 determinatione,
1167 1277 1268 1330 quod

148 1348 206 1375 est
235 1342 411 1389 crispus,
442 1339 534 1390 quia
563 1335 635 1373 hoc
664 1348 740 1373 non
769 1342 887 1386 potest
904 1333 939 1370 ei
954 1333 1179 1381 convenire,
1210 1333 1267 1370 ni-

151 1393 182 1429 si
212 1390 419 1430 secundum
450 1387 635 1442 capillos.

201 1443 294 1483 618.
326 1445 420 1482 Haec
449 1443 606 1495 quidem
636 1440 778 1480 locutio
809 1438 982 1478 Christus
1019 1449 1079 1478 est
1107 1448 1264 1477 creatu-

149 1510 199 1535 ra
230 1499 301 1535 fuit
329 1496 538 1551 aliquando
566 1510 589 1533 a
617 1496 754 1534 sanctis
786 1494 960 1532 Patribus
991 1502 1191 1545 usurpata,
1224 1502 1265 1531 ut

146 1564 169 1588 a
196 1551 237 1590 S.
266 1552 394 1590 Leone
423 1549 525 1602 Papa
554 1550 592 1587 in
622 1548 746 1587 Serm.
779 1548 846 1586 ΙΙΙ.
876 1546 1106 1585 Pentecostes
1134 1547 1266 1586 diceu-

151 1614 214 1653 te,
248 1615 472 1643 creatorem
504 1602 641 1641 mundi
657 1602 827 1654 jactum
848 1614 934 1639 esse
950 1610 1202 1649 creaturam,
1235 1601 1266 1638 i-

146 1665 223 1696 tem
251 1674 274 1697 a
303 1659 342 1697 S.
372 1659 558 1710 Gregorio
585 1657 823 1695 Nazianzeno
853 1656 958 1693 Orat.
990 1653 1179 1693 XXXVI.
1210 1662 1264 1692 at-

148 1726 224 1762 que
254 1712 303 1750 ab
331 1714 414 1762 ipso
442 1713 482 1750 S.
514 1712 744 1761 Augustino,
775 1710 842 1762 qui
873 1709 997 1746 Serm.
1020 1707 1088 1744 VI.
1118 1707 1164 1744 de
1186 1707 1263 1745 Na-

147 1765 292 1802 tivitate
319 1764 435 1801 dicit:
464 1762 610 1800 Factus
639 1771 723 1809 est,
753 1760 1027 1813 quifecerat.
1072 1759 1263 1799 Verunta-

147 1828 237 1855 men
266 1816 363 1855 bene
392 1817 551 1854 advertit
579 1814 620 1853 S.
650 1814 846 1861 Thomas,
881 1814 1086 1866 aliquando
1116 1824 1263 1853 sanctos

145 1869 330 1908 Doctores
357 1882 486 1907 causa
515 1866 709 1905 brevitatis
727 1897 738 1915 ,
769 1868 1078 1905 determinatione
1098 1868 1234 1904 omissa
1251 1896 1262 1915 ,

146 1924 302 1962 nomine
331 1931 530 1960 creaturae
560 1934 643 1959 usos
673 1920 787 1958 fuisse
805 1950 815 1968 ‚
864 1919 1052 1972 loquendo
1080 1920 1126 1956 de
1154 1919 1265 1956 Chri-

147 1984 228 2022 st03
271 1988 316 2013 ex
346 1988 477 2013 eorum
507 1984 635 2012 tamen
664 1973 748 2011 aliis
778 1972 904 2011 verbis
941 1971 1091 2024 liquido
1119 1981 1264 2010 consta-

145 2041 214 2077 re,
245 2028 353 2067 illam
384 2027 766 2074 determinationem,
811 2034 1005 2075 quatenus
1035 2034 1093 2063 est
1122 2024 1264 2075 homo,

146 2083 263 2121 fuisse
292 2082 341 2121 ab
371 2082 463 2134 ipsis
491 2078 800 2119 subintellectam
822 2103 833 2116 .

200 2135 294 2188 619.
323 2135 449 2185 Hujus
479 2134 533 2172 rei
562 2133 834 2171 documentum
877 2143 1074 2182 possumus
1115 2143 1266 2168 sumere

147 2202 193 2228 ex
222 2188 263 2228 S.
291 2189 349 2228 Jo.
381 2188 646 2235 Damascene,
695 2186 762 2238 qui
788 2197 880 2222 ‘cum
912 2182 1000 2221 Lib.
1032 2183 1098 2220 ΠΙ.
1128 2182 1176 2220 cle
1204 2197 1265 2221 or-

148 2243 255 2281 thud.
283 2256 320 2281 c.
350 2241 390 2288 4.
419 2242 570 2280 dixisset
599 2238 772 2278 absolate
800 2238 846 2275 de
874 2236 1051 2284 Christo,
1088 2237 1189 2288 quod
1219 2238 1266 2274 sit

148 2305 338 2344 creatus,
368 2295 417 2335 ὠ
446 2297 676 2340 increatus,
704 2290 899 2343 passibius
917 2320 927 2337 ,
964 2292 1013 2331 Εἰ»
1043 2290 1266 2340 impassibi-

149 2351 197 2388 lis
217 2380 229 2399 ,
270 2349 346 2387 alio
374 2350 415 2385 in
445 2347 556 2396 loco,
604 2360 742 2399 nempe
771 2345 861 2384 Lib.
893 2343 961 2382 lV.
989 2358 1025 2382 c.
1057 2344 1095 2381 5.
1125 2343 1267 2382 clarius

148 2402 345 2457 loquitur,
374 2401 572 2454 iuquiens:
615 2399 709 2450 Ipsa
738 2412 821 2436 una
852 2398 1080 2450 hypostasis
1109 2399 1124 2448 (
1154 2396 1267 2434 Chri-

149 2459 195 2496 sti
224 2457 241 2507 )
268 2457 321 2498 Θ·
362 2459 548 2494 increata
576 2463 635 2493 est
677 2453 879 2493 divinitate
900 2480 911 2500 ,
958 2451 1008 2492 ὅ)
1038 2459 1180 2488 creata
1209 2459 1267 2489 est

149 2508 429 2548 humanitate.
484 2535 490 2542 ι
1019 2518 1022 2519 ’

203 2563 296 2603 620.
327 2563 412 2602 Art.
441 2570 654 2601 antemio.
683 2570 810 2600 monet
829 2557 1054 2612 Angelicns,
1085 2557 1160 2596 dici
1181 2559 1266 2610 qui-

150 2618 237 2656 dem
266 2631 371 2671 posse
387 2646 398 2665 ,
432 2615 629 2655 Christum
648 2645 659 2664 ,
688 2612 908 2655 secundum
924 2611 1026 2665 quocl
1046 2622 1104 2650 est
1125 2611 1240 2650 homo
1255 2641 1266 2661 ,

151 2683 236 2710 esse
265 2679 500 2710 creaturam
520 2700 531 2719 ,
574 2670 605 2708 si
635 2668 889 2720 reduplicatio
917 2667 1026 2705 cadat
1056 2679 1172 2719 supra
1202 2680 1268 2704 na-

155 2732 279 2763 turam
308 2723 520 2762 humanam
537 2752 548 2772 ,
577 2736 666 2775 quae
689 2723 820 2774 ‘reipsa
847 2730 972 2760 creata
1001 2728 1078 2766 est3
1107 2732 1180 2757 non
1200 2733 1267 2758 au-

154 2784 229 2815 tem
257 2777 289 2816 si
314 2776 570 2831 'reduplicatio
596 2776 706 2815 cadat
735 2788 851 2827 supra
891 2775 1129 2827 suppositum
1168 2772 1268 2823 ejus-

154 2829 242 2868 dem
269 2829 449 2870 human‘ae
477 2838 650 2871 naturae:
692 2836 733 2868 ut
761 2830 792 2866 si
821 2827 907 2881 quis
943 2829 1107 2867 diceret:
1159 2825 1267 2864 Chri-

154 2890 265 2931 stus,
292 2884 509 2923 secundum
538 2883 640 2937 quod
668 2882 729 2921 hic
758 2881 895 2931 homo,
925 2889 985 2920 est
1014 2888 1227 2919 creatura.

208 2934 367 2983 Quaeres
393 2941 525 2991 quinto
544 2966 555 2987 ,
585 2946 716 2976 utrum
744 2935 830 2974 haec
859 2935 1129 2988 propositio-sit
1159 2946 1267 2972 vera:

154 2985 237 3027 Iste
264 2986 408 3039 homo,
435 2993 692 3031 demonstrato
719 2990 896 3038 Christo,
926 2992 1071 3040 incepit
1100 2986 1223 3026 esse?

208 3041 302 3080 621.
330 3042 448 3094 Negat
475 3043 682 3098 Angelicus
711 3053 782 3083 art.
810 3056 850 3096 9.
894 3042 943 3081 ob
973 3041 1170 3094 duplicem
1208 3055 1269 3080 ra-

155 3095 319 3135 tionem.
346 3093 502 3147 Primo,
528 3099 622 3151 quia
649 3098 808 3137 dicendo
837 3095 917 3134 Hic
945 3095 1084 3144 homo,
1113 3095 1270 3134 demon-

157 3155 270 3190 strato
295 3146 475 3197 Christo,
519 3152 733 3204 designatur
775 3151 1013 3203 suppositum
1056 3159 1269 3199 aeternum,

155 3199 270 3252 cujus
297 3202 502 3240 aeternitati
529 3215 711 3257 repugnat
739 3205 914 3257 incipere
933 3216 1034 3243 esse:
1064 3204 1164 3241 unde
1185 3202 1270 3242 liaec

156 3253 255 3294 falsa
283 3262 361 3293 estt
388 3251 470 3292 Hic
499 3252 613 3294 homo
640 3262 785 3309 incepit
812 3272 926 3297 esse.
956 3286 982 3306 ,‚
1012 3257 1092 3296 Nec
1120 3257 1271 3306 obstat,

156 3335 186 3359 „
212 3308 316 3363 quod
343 3309 512 3362 incipere
540 3321 617 3349 esse
656 3312 829 3354 convenit
871 3311 1052 3353 humanae
1097 3319 1241 3353 naturae
1258 3339 1270 3361 ‚

161 306 187 324 95

159 357 185 376 >2

157 408 183 429 2³

733 86 813 129 DE
846 81 1095 126 INCARN.
1128 82 1297 125 Sssc‘r.
1321 83 1376 124 ΙΙ.
1410 82 1552 126 DISS.
1574 85 1651 128 111.
1684 86 1812 130 CAP.
1834 87 1912 131 Vt.

1341 188 1365 207 „
1395 173 1484 210 quae
1514 162 1748 210 significatur
1777 179 1845 215 per
1865 165 1934 202 hoc
1956 164 2243 204 nomenliomo:
2272 165 2452 217 qtiiater⁴

1341 241 1367 261 „
1400 214 1526 250 minus
1557 215 1597 250 in
1625 214 1797 264 subjecto
1828 219 1967 266 positus
1996 234 2067 258 nou
2089 229 2236 258 tenetur
2254 219 2450 270 formali-

1340 294 1365 313 „
1396 273 1455 302 ter
1484 277 1553 317 pro
1581 274 1734 313 natm-a,
1765 268 1828 304 sed
1858 273 1978 321 magis
2000 274 2244 312 materialiter
2276 285 2342 324 pro
2363 286 2452 324 sup·-

1341 320 1539 370 „·posito.
1578 321 1603 339 ‘⁶
1634 318 1835 367 Secundo,
1863 325 1956 372 quia
1985 327 2130 364 etiamsi
2162 328 2364 378 propositio
2394 340 2450 364 es-

1340 381 1392 410 set
1422 374 1459 409 in
1489 371 1618 423 aliquo
1647 385 1758 410 sensu
1788 387 1899 422 vera,
1929 388 2003 413 non
2033 377 2183 416 deberet
2213 381 2290 417 sine
2319 378 2452 430 aliqua¹

1340 425 1648 464 determinatione
1679 427 1882 476 usurpari,
1913 436 2065 478 propter
2087 432 2300 480 periculum
2330 432 2452 469 haere-

1339 479 1389 516 sis
1420 478 1573 516 Arianae
1591 509 1601 526 ,
1631 492 1719 531 quae
1749 479 1888 517 Christi
1919 494 2119 531 personam
2148 483 2355 535 aliquando
2375 499 2453 524 non

1339 533 1455 570 fuisse
1472 562 1482 581 ,
1514 532 1817 584 blasphemando
1845 533 2024 571 dicebat.

1391 584 1484 624 622.
1514 585 1555 624 Si
1585 599 1671 637 quae
1703 595 1827 624 autem
1858 595 1944 624 sunt
1974 596 2144 625 veterum
2163 585 2317 626 Patrum
2346 590 2452 630 locu⁴

1337 638 1452 676 tiones
1470 669 1479 686 ,
1509 652 1597 691 quae
1628 639 1826 677 videantur
1857 639 1896 677 id
1925 653 2113 686 asserere;
2145 649 2183 678 ut
2202 654 2290 678 cum
2312 641 2352 680 S.
2376 644 2452 682 Au.

1336 693 1504 741 gustinus
1534 692 1663 731 Tract.
1693 693 1775 731 CV.
1807 695 1844 731 in
1873 693 2008 731 Joanu.
2038 694 2163 741 dicit,
2212 693 2455 746 Priusquam

1337 744 1509 783 mundus
1537 755 1661 794 esset,
1709 759 1782 784 nec
1813 759 1885 783 nos
1913 760 2104 796 eramus,
2153 760 2226 785 nec
2256 752 2338 798 ipse
2370 762 2453 786 me-

1337 796 1469 835 diator
1496 797 1574 836 Dei
1601 803 1650 840 (9·
1679 799 1885 837 homiuum
1914 799 2028 838 homo
2048 800 2160 839 Iesus
2183 801 2382 839 Christus.
2411 802 2453 840 Si

1337 864 1426 902 quae
1444 880 1454 898 ,
1485 852 1642 903 inquam
1660 882 1669 900 ,
1699 864 1782 892 sunt
1811 853 1974 901 similia,
2004 854 2141 892 debent
2169 868 2318 906 semper
2341 855 2457 892 intel-

1336 902 1404 954 ligi
1434 916 1522 941 cum
1552 905 1868 945 determinatione
1893 906 2112 944 secundum
2133 906 2455 957 humanitatem,

1336 955 1425 993 licet
1455 969 1629 1008 expressa
1660 972 1730 996 non
1761 962 2000 999 inveniatur.
2032 959 2165 1000 Monet
2185 962 2352 1014 denique
2374 963 2456 1000 An-

1335 1009 1477 1061 gelicus
1495 1039 1505 1056 ,
1535 1011 1638 1061 quod
1668 1011 1756 1049 licet
1785 1013 1868 1051 haec
1900 1016 2105 1066 propositio
2133 1015 2179 1053 sit
2209 1014 2326 1053 falsa:
2370 1013 2454 1053 Ho-

1336 1076 1403 1099 mo
1437 1061 1610 1100 Christus
1638 1076 1726 1101 esse
1755 1067 1926 1115 incepit,
1974 1068 2052 1105 alia
2088 1076 2216 1107 tamen
2260 1078 2311 1106 est
2341 1080 2455 1108 vera:

1340 1115 1513 1153 Christus
1543 1119 1688 1168 incepit
1717 1130 1804 1155 esse
1833 1117 1979 1162 Ζιοηιος
2009 1119 2052 1157 fit
2081 1123 2185 1159 enim
2215 1135 2343 1160 sensus
2374 1135 2454 1160 ma-

1337 1170 1521 1217 nifestus,
1551 1171 1790 1222 suppositum
1819 1170 1995 1208 divinum
2014 1200 2024 1219 ‚
2058 1174 2160 1223 quod
2189 1188 2211 1211 a
2240 1183 2314 1212 tota
2344 1183 2454 1213 aeter-

1333 1225 1449 1261 nitate
1480 1223 1689 1272 existebat,
1720 1224 1759 1261 in
1790 1233 1958 1275 tempore
1987 1226 2192 1277 suscepisse
2212 1239 2391 1276 carnem,
2422 1229 2455 1265 δε

1335 1278 1481 1314 sactum
1511 1291 1589 1314 esse
1619 1276 1842 1323 hominem3
1887 1280 1937 1315 ita
1967 1286 2094 1315 tamen
2127 1286 2164 1315 ut
2192 1286 2268 1316 tota
2298 1282 2456 1320 mutatio

1334 1332 1380 1368 sit
1410 1344 1454 1368 ex
1485 1340 1591 1382 parte
1620 1330 1798 1370 humanae
1831 1340 1975 1370 naturae
1995 1360 2005 1380 ,
2049 1339 2090 1369 ut
2118 1333 2260 1384 saepius
2289 1330 2369 1383 jam
2397 1334 2456 1371 di-

1333 1396 1462 1422 ximus
1482 1408 1492 1422 .
2259 1406 2261 1408 ·
2462 1423 2466 1425 i

1388 1437 1551 1485 Quaeres
1580 1447 1711 1487 sexto,
1757 1446 1886 1478 utrum
1915 1437 2002 1477 haec
2031 1439 2237 1492 propositio
2266 1438 2312 1478 sit
2341 1452 2457 1479 vera:

1337 1490 1540 1540 Christus,
1569 1492 1788 1531 secundum
1817 1492 1916 1544 quod
1946 1493 2089 1542 homo,
2121 1501 2180 1531 est
2209 1492 2355 1532 Deus?

1388 1545 1483 1586 625.
1515 1545 1727 1598 Respondet
1756 1546 1797 1584 S.
1829 1546 1999 1585 Thomas
2028 1555 2099 1585 art.
2134 1560 2194 1584 11.
2225 1576 2251 1596 „
2281 1547 2394 1595 Quod
2424 1547 2456 1585 i-

1336 1629 1363 1648 „
1392 1608 1447 1636 ste
1489 1602 1673 1637 terminus
1711 1599 1827 1637 homo
1871 1602 1908 1638 in
1940 1599 2243 1652 reduplicatione
2286 1602 2456 1652 positus,

1334 1681 1360 1701 ,‚
1392 1661 1509 1704 potest
1538 1653 1743 1705 dupliciter
1772 1654 1926 1706 accipi.
1956 1653 2044 1692 Uno
2065 1653 2177 1692 modo
2196 1663 2386 1706 quantum
2408 1655 2457 1692 ad

1334 1735 1359 1754 ,ὃ
1389 1715 1596 1753 naturam3
1627 1707 1660 1744 δι
1690 1709 1744 1746 sic
1774 1721 1850 1746 non
1871 1717 1923 1746 est
1944 1721 2077 1745 verum
2096 1733 2107 1755 ,
2136 1708 2238 1759 quod
2253 1707 2426 1745 Christus
2443 1735 2454 1755 ,

1335 1788 1360 1808 ‚,
1390 1761 1601 1798 secundum
1631 1761 1732 1812 quod
1762 1760 1900 1805 homo,
1930 1762 1976 1798 sit
2007 1760 2133 1804 Deus;
2162 1761 2255 1811 quia
2286 1760 2458 1798 humana

1335 1842 1361 1861 ,‚
1391 1822 1527 1851 natura
1557 1822 1610 1851 est
1638 1814 1814 1852 distincta
1844 1828 1865 1851 a
1893 1814 2028 1851 divina
2048 1814 2257 1850 secuudum
2278 1812 2457 1850 differen-

1332 1895 1359 1915 ‚,
1389 1869 1480 1904 tiam
1511 1876 1659 1904 naturae
1677 1894 1687 1905 .
1740 1867 1826 1905 Alio
1854 1868 1966 1904 modo
1996 1874 2114 1919 potest
2143 1867 2268 1918 accipi
2299 1870 2457 1905 ratione

1334 1949 1360 1967 ,‚
1390 1924 1607 1969 suppositi,·
1637 1921 1671 1957 δε
1701 1921 1753 1959 sic
1783 1934 1872 1959 cum
1890 1921 2130 1973 suppositum
2146 1929 2295 1958 naturae
2319 1920 2466 1960 huma-.

1333 1998 1360 2019 ‚‚
1390 1986 1451 2009 nae
1483 1974 1521 2010 in
1550 1974 1699 2012 Christo
1740 1976 1787 2011 sit
1817 1987 1974 2026 persona
2005 1973 2101 2012 Filii
2131 1973 2233 2023 Dei,
2281 1975 2345 2012 cui
2390 1987 2465 2026 per.

1336 2053 1361 2072 „
1391 2037 1427 2061 se
1456 2027 1631 2063 convenit
1662 2041 1737 2063 esse
1767 2027 1893 2064 Deum
1913 2057 1924 2075 ,
1968 2039 2102 2066 verum
2133 2038 2183 2066 est
2213 2028 2314 2080 quod
2344 2027 2464 2065 Chri-.

1335 2107 1362 2125 ,‚
1390 2086 1491 2126 stus,
1522 2080 1731 2116 secundum
1761 2079 2017 2130 quodjtomO,
2048 2082 2093 2117 sit
2112 2080 2217 2119 Deus
2235 2108 2245 2118 .
2276 2082 2380 2129 Quia
2401 2091 2455 2119 ta·

1335 2159 1363 2176 „
1394 2145 1480 2168 men
1511 2134 1697 2170 terminus
1727 2134 1767 2170 in
1805 2132 2106 2184 redupIIcatione
2150 2135 2294 2183 positus
2332 2135 2455 2185 magis

1333 2209 1359 2229 ,,
1390 2186 1544 2232 proprie
1573 2193 1715 2220 tenetur
1745 2198 1814 2234 pro
1843 2195 2000 2232 natura,
2029 2199 2147 2237 quam
2178 2200 2245 2236 pro
2275 2188 2452 2238 supposi-

1335 2264 1361 2282 „
1391 2243 1425 2271 to
1442 2265 1452 2281 ,
1485 2236 1567 2272 ideo
1596 2236 1716 2285 magis
1745 2244 1798 2273 est
1819 2236 1887 2273 ista
1915 2239 2088 2286 neganda
2111 2237 2288 2275 Christus
2309 2251 2465 2276 secun-.

1335 2317 1361 2336 „
1392 2287 1487 2325 dum
1516 2287 1616 2338 quod
1646 2287 1761 2326 homo
1779 2318 1790 2337 ,
1838 2298 1897 2326 est
1926 2288 2064 2337 Deus,
2112 2303 2230 2341 quam
2258 2290 2466 2329 affirman-v

1336 2371 1363 2391 „
1393 2342 1467 2380 da.
1497 2344 1524 2364 ‘⁶

1389 2395 1485 2441 624.
1514 2395 1638 2448 Atque
1670 2396 1802 2435 eadem
1832 2396 1974 2434 ratione
2004 2396 2107 2435 idem
2137 2395 2179 2435 S.
2209 2397 2355 2436 Doctor
2384 2406 2467 2438 επ.ἱ

1342 2463 1403 2487 12.
1433 2450 1549 2488 aliam
1580 2452 1830 2502 quaestionem
1860 2450 2041 2498 resolvit,
2087 2465 2134 2489 an
2164 2466 2254 2489 vera
2283 2454 2329 2490 sit
2372 2451 2460 2491 haec

1336 2504 1566 2556 propositio:
1617 2503 1793 2542 Christus
1823 2504 2042 2542 secundum
2085 2505 2186 2557 quod
2213 2504 2357 2555 lzomo,
2400 2514 2459 2544 est

1336 2556 1589 2608 hypostasis,
1620 2557 1677 2596 vel
1705 2557 1917 2610 persona?
1949 2559 2145 2610 inquiens:
2176 2589 2202 2608 ,‚
2231 2560 2330 2598 Cum
2361 2559 2466 2598 dicis

1337 2640 1364 2659 „
1394 2620 1482 2660 tur,
1516 2609 1720 2660 Christus,
1750 2611 1969 2650 secundum
1989 2611 2090 2663 quod
2111 2612 2252 2662 homo,
2283 2622 2342 2651 est
2369 2626 2458 2664 per-

1329 2693 1362 2713 „
1392 2678 1523 2713 sona,
1566 2664 1597 2703 si
1627 2666 1839 2717 accipiatur
1869 2668 2014 2704 ratione
2043 2663 2249 2718 suppositi,
2292 2666 2457 2704 manife-

1335 2747 1362 2767 „
1392 2728 1493 2757 stum
1525 2726 1603 2766 est,
1644 2719 1746 2770 quod
1774 2718 1973 2768 Christus,
2017 2721 2226 2759 secundum
2255 2720 2358 2771 quod
2389 2718 2456 2755 ho-

1337 2799 1363 2819 „
1395 2785 1485 2820 mo,
1515 2781 1566 2810 est
1594 2783 1776 2823 persona5
1806 2774 1898 2825 quia
1926 2775 2162 2825 suppositum
2184 2773 2365 2810 humanae
2388 2785 2457 2810 na-

1336 2852 1364 2873 „
1395 2834 1490 2864 turae
1521 2825 1620 2863 nihil
1652 2834 1703 2863 est
1732 2825 1837 2864 aliud
1868 2831 1894 2849 ‘⁶
1924 2840 2042 2879 quam
2062 2839 2220 2877 persona
2241 2825 2335 2863 Filii
2354 2826 2456 2863 Dei.

1337 2906 1363 2927 >s
1393 2879 1434 2918 Si
1464 2889 1591 2917 autem
1621 2879 1833 2932 accipiatur
1863 2882 2008 2918 ratione
2037 2886 2213 2926 naturae,
2257 2881 2311 2917 sic
2341 2887 2459 2930 potest

1339 2961 1365 2981 2,
1394 2932 1556 2984 intelligi
1584 2931 1790 2982 dupliciter
1808 2960 1819 2971 .
1866 2933 1952 2971 Uno
1981 2932 2093 2970 modo
2121 2941 2160 2969 ut
2189 2932 2462 2984 intelligatur,

1337 3013 1365 3035 ‚,
1394 2985 1496 3038 quod
1525 2993 1669 3023 naturae
1703 2985 1882 3024 humanae
1925 2993 2112 3036 competat
2142 3000 2220 3023 esse
2259 2987 2297 3024 in
2326 2985 2463 3038 aliqua.

1340 3067 1368 3088 „
1397 3051 1577 3091 persona3
1609 3038 1642 3074 8t
1673 3039 1743 3077 hoc
1773 3041 1887 3078 etiam
1918 3040 2028 3076 modo
2059 3052 2191 3077 verum
2222 3048 2337 3078 est...
2368 3039 2458 3078 Alio

1340 3121 1367 3142 „
1397 3093 1509 3130 modo
1550 3101 1668 3143 potest
1697 3091 1891 3144 intelligi,
1943 3101 1980 3130 ut
2010 3104 2157 3132 naturae
2203 3093 2385 3132 humanae
2414 3094 2457 3130 in

1341 3174 1367 3195 2,
1395 3146 1545 3185 Christo
1574 3146 1730 3198 propria
1761 3146 2004 3197 personalitas
2024 3148 2213 3186 debeatur
2233 3156 2387 3187 causata
2407 3157 2453 3182 ex

1335 3226 1367 3249 ¹»
1397 3199 1597 3252 principiis
1626 3198 1808 3238 humauae
1839 3210 2005 3238 naturae:
2037 3201 2071 3238 8ι
2101 3205 2157 3241 sie
2176 3201 2369 3248 Christus,
2398 3211 2455 3236 se-

1340 3282 1368 3304 „
1399 3252 1568 3291 eundum
1598 3253 1707 3304 quod¹
1729 3252 1868 3302 homo,
1898 3268 1974 3292 non
2005 3265 2056 3293 est
2086 3269 2247 3308 persona
2275 3254 2344 3291 &c.
2374 3253 2401 3272 “

1393 3306 1487 3348 625.
1516 3305 1766 3359 Quamquam
1794 3320 1884 3350 vero
1911 3322 2001 3362 quae
2046 3308 2230 3350 hactenus
2269 3307 2316 3345 de
2353 3316 2458 3343 com-

2326 3370 2415 3399 mu·
