<?xml version="1.0" encoding="UTF-8"?>
<!DOCTYPE html PUBLIC "-//W3C//DTD XHTML 1.0 Transitional//EN"
    "http://www.w3.org/TR/xhtml1/DTD/xhtml1-transitional.dtd">
<html xmlns="http://www.w3.org/1999/xhtml" xml:lang="en" lang="en">
 <head>
  <title>
</title>
<meta http-equiv="Content-Type" content="text/html;charset=utf-8" />
  <meta name='ocr-system' content='tesseract 3.04.00' />
  <meta name='ocr-capabilities' content='ocr_page ocr_carea ocr_par ocr_line ocrx_word'/>
</head>
<body>
  <div class='ocr_page' id='page_1' title='image "./fratrispetrimari04gazzuoft/fratrispetrimari04gazzuoft_0240.png"; bbox 0 0 2583 3685; ppageno 0'>
   <div class='ocr_carea' id='block_1_1' title="bbox 226 60 1346 1523">
    <p class='ocr_par' dir='ltr' id='par_1_1' title="bbox 229 60 1342 821">
     <span class='ocr_line' id='line_1_1' title="bbox 784 60 1291 104; baseline 0.006 -3"><span class='ocrx_word' id='word_1_1' title='bbox 784 60 1183 104; x_wconf 64' lang='lat' dir='ltr'>DISSERTA&#39;I‘IO</span> <span class='ocrx_word' id='word_1_2' title='bbox 1215 62 1291 104; x_wconf 82' lang='grc' dir='ltr'>ΠῘ.</span> 
     </span>
     <span class='ocr_line' id='line_1_2' title="bbox 237 136 1342 194; baseline 0.002 -17"><span class='ocrx_word' id='word_1_3' title='bbox 237 150 363 178; x_wconf 82' lang='lat' dir='ltr'>catum</span> <span class='ocrx_word' id='word_1_4' title='bbox 395 138 549 176; x_wconf 86' lang='lat' dir='ltr'>inflictis</span> <span class='ocrx_word' id='word_1_5' title='bbox 578 139 593 186; x_wconf 89' lang='lat'>(</span> <span class='ocrx_word' id='word_1_6' title='bbox 626 136 723 174; x_wconf 76' lang='lat' dir='ltr'>Vide</span> <span class='ocrx_word' id='word_1_7' title='bbox 752 150 865 188; x_wconf 86' lang='lat' dir='ltr'>supra</span> <span class='ocrx_word' id='word_1_8' title='bbox 895 151 1001 175; x_wconf 78' lang='lat' dir='ltr'>uum.</span> <span class='ocrx_word' id='word_1_9' title='bbox 1028 139 1114 189; x_wconf 72' lang='lat'><strong>17—4·</strong></span> <span class='ocrx_word' id='word_1_10' title='bbox 1145 141 1178 177; x_wconf 85' lang='lat'>&amp;</span> <span class='ocrx_word' id='word_1_11' title='bbox 1200 155 1277 194; x_wconf 85' lang='lat' dir='ltr'>seq.</span> <span class='ocrx_word' id='word_1_12' title='bbox 1299 141 1342 189; x_wconf 87' lang='lat'>);</span> 
     </span>
     <span class='ocr_line' id='line_1_3' title="bbox 239 189 1341 243; baseline 0.002 -15"><span class='ocrx_word' id='word_1_13' title='bbox 239 194 272 228; x_wconf 83' lang='lat'>&amp;</span> <span class='ocrx_word' id='word_1_14' title='bbox 300 203 349 228; x_wconf 74' lang='lat' dir='ltr'>est</span> <span class='ocrx_word' id='word_1_15' title='bbox 380 200 506 227; x_wconf 83' lang='lat' dir='ltr'>contra</span> <span class='ocrx_word' id='word_1_16' title='bbox 536 189 701 225; x_wconf 77' lang='lat' dir='ltr'>hominis</span> <span class='ocrx_word' id='word_1_17' title='bbox 727 198 902 226; x_wconf 81' lang='lat' dir='ltr'>naturam</span> <span class='ocrx_word' id='word_1_18' title='bbox 918 202 931 232; x_wconf 68' lang='lat'>:⁴</span> <span class='ocrx_word' id='word_1_19' title='bbox 964 205 1008 228; x_wconf 83' lang='lat' dir='ltr'>ex</span> <span class='ocrx_word' id='word_1_20' title='bbox 1037 206 1112 243; x_wconf 91' lang='lat' dir='ltr'>quo</span> <span class='ocrx_word' id='word_1_21' title='bbox 1142 197 1247 233; x_wconf 83' lang='lat' dir='ltr'>enim</span> <span class='ocrx_word' id='word_1_22' title='bbox 1275 194 1341 231; x_wconf 86' lang='lat' dir='ltr'>ho-</span> 
     </span>
     <span class='ocr_line' id='line_1_4' title="bbox 235 242 1342 299; baseline 0.004 -18"><span class='ocrx_word' id='word_1_23' title='bbox 235 257 297 282; x_wconf 73' lang='lat' dir='ltr'>nio</span> <span class='ocrx_word' id='word_1_24' title='bbox 327 243 369 280; x_wconf 88' lang='lat' dir='ltr'>sit</span> <span class='ocrx_word' id='word_1_25' title='bbox 400 255 443 277; x_wconf 78' lang='lat' dir='ltr'>ex</span> <span class='ocrx_word' id='word_1_26' title='bbox 473 242 671 278; x_wconf 79' lang='lat' dir='ltr'>contrariis</span> <span class='ocrx_word' id='word_1_27' title='bbox 692 242 864 293; x_wconf 85' lang='lat' dir='ltr'>partibus</span> <span class='ocrx_word' id='word_1_28' title='bbox 883 242 1187 296; x_wconf 80' lang='lat' dir='ltr'>coagmentatus,</span> <span class='ocrx_word' id='word_1_29' title='bbox 1218 249 1342 299; x_wconf 85' lang='lat' dir='ltr'>sequi-</span> 
     </span>
     <span class='ocr_line' id='line_1_5' title="bbox 234 294 1341 352; baseline 0.007 -21"><span class='ocrx_word' id='word_1_30' title='bbox 234 305 295 332; x_wconf 82' lang='lat' dir='ltr'>tur</span> <span class='ocrx_word' id='word_1_31' title='bbox 323 294 481 345; x_wconf 87' lang='lat' dir='ltr'>quidem</span> <span class='ocrx_word' id='word_1_32' title='bbox 507 294 704 332; x_wconf 78' lang='lat' dir='ltr'>inferiores</span> <span class='ocrx_word' id='word_1_33' title='bbox 734 297 916 346; x_wconf 78' lang='lat' dir='ltr'>potentias</span> <span class='ocrx_word' id='word_1_34' title='bbox 944 297 1149 349; x_wconf 86' lang='lat' dir='ltr'>aliquando</span> <span class='ocrx_word' id='word_1_35' title='bbox 1163 310 1341 352; x_wconf 85' lang='lat' dir='ltr'>appetere</span> 
     </span>
     <span class='ocr_line' id='line_1_6' title="bbox 233 346 1341 404; baseline 0.008 -21"><span class='ocrx_word' id='word_1_36' title='bbox 233 346 382 397; x_wconf 83' lang='lat' dir='ltr'>objecta</span> <span class='ocrx_word' id='word_1_37' title='bbox 410 347 484 384; x_wconf 88' lang='lat' dir='ltr'>sibi</span> <span class='ocrx_word' id='word_1_38' title='bbox 514 350 696 401; x_wconf 84' lang='lat' dir='ltr'>propria3</span> <span class='ocrx_word' id='word_1_39' title='bbox 742 350 793 385; x_wconf 75' lang='lat' dir='ltr'>ita</span> <span class='ocrx_word' id='word_1_40' title='bbox 821 357 946 387; x_wconf 81' lang='lat' dir='ltr'>tamen</span> <span class='ocrx_word' id='word_1_41' title='bbox 976 361 1015 387; x_wconf 88' lang='lat' dir='ltr'>ut</span> <span class='ocrx_word' id='word_1_42' title='bbox 1057 366 1142 403; x_wconf 83' lang='lat' dir='ltr'>pars</span> <span class='ocrx_word' id='word_1_43' title='bbox 1171 356 1341 404; x_wconf 79' lang='lat' dir='ltr'><strong>superior</strong></span> 
     </span>
     <span class='ocr_line' id='line_1_7' title="bbox 231 400 1342 459; baseline 0.007 -22"><span class='ocrx_word' id='word_1_44' title='bbox 231 400 318 437; x_wconf 78' lang='lat' dir='ltr'>:illas</span> <span class='ocrx_word' id='word_1_45' title='bbox 349 402 460 451; x_wconf 80' lang='lat' dir='ltr'>possit</span> <span class='ocrx_word' id='word_1_46' title='bbox 487 402 703 449; x_wconf 73' lang='lat' dir='ltr'>moderari,</span> <span class='ocrx_word' id='word_1_47' title='bbox 734 401 887 453; x_wconf 77' lang='lat' dir='ltr'>illisque</span> <span class='ocrx_word' id='word_1_48' title='bbox 909 405 1075 442; x_wconf 84' lang='lat' dir='ltr'>resistere</span> <span class='ocrx_word' id='word_1_49' title='bbox 1093 435 1102 453; x_wconf 89' lang='lat'>,</span> <span class='ocrx_word' id='word_1_50' title='bbox 1132 420 1220 444; x_wconf 85' lang='lat' dir='ltr'>cum</span> <span class='ocrx_word' id='word_1_51' title='bbox 1241 422 1342 459; x_wconf 78' lang='lat' dir='ltr'>prae·</span> 
     </span>
     <span class='ocr_line' id='line_1_8' title="bbox 230 455 1341 506; baseline 0.008 -16"><span class='ocrx_word' id='word_1_52' title='bbox 230 462 284 490; x_wconf 85' lang='lat' dir='ltr'>ter</span> <span class='ocrx_word' id='word_1_53' title='bbox 316 455 498 491; x_wconf 77' lang='lat' dir='ltr'>rationein</span> <span class='ocrx_word' id='word_1_54' title='bbox 527 456 568 492; x_wconf 90' lang='lat' dir='ltr'>in</span> <span class='ocrx_word' id='word_1_55' title='bbox 597 455 670 492; x_wconf 86' lang='lat' dir='ltr'>sibi</span> <span class='ocrx_word' id='word_1_56' title='bbox 700 457 856 506; x_wconf 79' lang='lat' dir='ltr'>propria</span> <span class='ocrx_word' id='word_1_57' title='bbox 885 456 1080 503; x_wconf 72' lang='lat' dir='ltr'>feruntur-5</span> <span class='ocrx_word' id='word_1_58' title='bbox 1110 472 1186 498; x_wconf 90' lang='lat' dir='ltr'>non</span> <span class='ocrx_word' id='word_1_59' title='bbox 1215 470 1341 498; x_wconf 84' lang='lat' dir='ltr'>autem</span> 
     </span>
     <span class='ocr_line' id='line_1_9' title="bbox 231 508 1341 559; baseline 0.007 -15"><span class='ocrx_word' id='word_1_60' title='bbox 231 516 373 558; x_wconf 77' lang='lat' dir='ltr'>oportet</span> <span class='ocrx_word' id='word_1_61' title='bbox 404 510 753 559; x_wconf 64' lang='lat' dir='ltr'>conmmiscentiam.</span> <span class='ocrx_word' id='word_1_62' title='bbox 779 522 858 545; x_wconf 85' lang='lat' dir='ltr'>esse</span> <span class='ocrx_word' id='word_1_63' title='bbox 878 508 1121 559; x_wconf 65' lang='lat' dir='ltr'>effrenatam,</span> <span class='ocrx_word' id='word_1_64' title='bbox 1151 514 1214 550; x_wconf 88' lang='lat' dir='ltr'>cui</span> <span class='ocrx_word' id='word_1_65' title='bbox 1244 516 1341 552; x_wconf 88' lang='lat' dir='ltr'>ratio</span> 
     </span>
     <span class='ocr_line' id='line_1_10' title="bbox 231 560 1342 614; baseline 0.008 -18"><span class='ocrx_word' id='word_1_66' title='bbox 231 573 303 597; x_wconf 82' lang='lat' dir='ltr'>non</span> <span class='ocrx_word' id='word_1_67' title='bbox 335 562 443 611; x_wconf 80' lang='lat' dir='ltr'>possit</span> <span class='ocrx_word' id='word_1_68' title='bbox 473 563 669 598; x_wconf 77' lang='lat' dir='ltr'>resistere.</span> <span class='ocrx_word' id='word_1_69' title='bbox 717 560 819 599; x_wconf 87' lang='lat' dir='ltr'>lllud</span> <span class='ocrx_word' id='word_1_70' title='bbox 847 562 951 599; x_wconf 86' lang='lat' dir='ltr'>enim</span> <span class='ocrx_word' id='word_1_71' title='bbox 989 564 1159 614; x_wconf 80' lang='lat' dir='ltr'>primum</span> <span class='ocrx_word' id='word_1_72' title='bbox 1188 580 1260 604; x_wconf 87' lang='lat' dir='ltr'>non</span> <span class='ocrx_word' id='word_1_73' title='bbox 1291 578 1342 606; x_wconf 88' lang='lat' dir='ltr'>est</span> 
     </span>
     <span class='ocr_line' id='line_1_11' title="bbox 232 612 1340 659; baseline 0.008 -10"><span class='ocrx_word' id='word_1_74' title='bbox 232 612 396 659; x_wconf 76' lang='lat' dir='ltr'>vulnus,</span> <span class='ocrx_word' id='word_1_75' title='bbox 441 614 505 651; x_wconf 85' lang='lat' dir='ltr'>sed</span> <span class='ocrx_word' id='word_1_76' title='bbox 532 615 699 652; x_wconf 82' lang='lat' dir='ltr'>conditio</span> <span class='ocrx_word' id='word_1_77' title='bbox 727 624 897 653; x_wconf 69' lang='lat' dir='ltr'>naturae.</span> <span class='ocrx_word' id='word_1_78' title='bbox 947 615 994 653; x_wconf 81' lang='lat' dir='ltr'>At</span> <span class='ocrx_word' id='word_1_79' title='bbox 1025 615 1097 654; x_wconf 81' lang='lat' dir='ltr'>hoc</span> <span class='ocrx_word' id='word_1_80' title='bbox 1132 620 1340 658; x_wconf 83' lang='lat' dir='ltr'>secundum</span> 
     </span>
     <span class='ocr_line' id='line_1_12' title="bbox 233 666 1339 720; baseline 0.006 -18"><span class='ocrx_word' id='word_1_81' title='bbox 233 666 431 703; x_wconf 74' lang='lat' dir='ltr'>manifeste</span> <span class='ocrx_word' id='word_1_82' title='bbox 461 666 605 706; x_wconf 83' lang='lat' dir='ltr'>vulnus.</span> <span class='ocrx_word' id='word_1_83' title='bbox 629 678 707 715; x_wconf 87' lang='lat' dir='ltr'>est,</span> <span class='ocrx_word' id='word_1_84' title='bbox 751 681 794 706; x_wconf 86' lang='lat' dir='ltr'>ex</span> <span class='ocrx_word' id='word_1_85' title='bbox 825 676 980 720; x_wconf 83' lang='lat' dir='ltr'>peccato</span> <span class='ocrx_word' id='word_1_86' title='bbox 1009 672 1264 720; x_wconf 83' lang='lat' dir='ltr'>proveniens,</span> <span class='ocrx_word' id='word_1_87' title='bbox 1305 673 1339 709; x_wconf 74' lang='grc' dir='ltr'>δι</span> 
     </span>
     <span class='ocr_line' id='line_1_13' title="bbox 230 721 1339 770; baseline 0.007 -14"><span class='ocrx_word' id='word_1_88' title='bbox 230 722 269 756; x_wconf 83' lang='lat' dir='ltr'>in</span> <span class='ocrx_word' id='word_1_89' title='bbox 300 729 502 770; x_wconf 83' lang='lat' dir='ltr'>peccatum-</span> <span class='ocrx_word' id='word_1_90' title='bbox 530 721 746 759; x_wconf 87' lang='lat' dir='ltr'>inclinans.</span> <span class='ocrx_word' id='word_1_91' title='bbox 777 722 835 764; x_wconf 58' lang='lat' dir='ltr'>Ita,</span> <span class='ocrx_word' id='word_1_92' title='bbox 862 723 941 760; x_wconf 90' lang='lat' dir='ltr'>fere</span> <span class='ocrx_word' id='word_1_93' title='bbox 963 723 1102 765; x_wconf 70' lang='lat' dir='ltr'>iisdem</span> <span class='ocrx_word' id='word_1_94' title='bbox 1127 725 1252 764; x_wconf 89' lang='lat' dir='ltr'>verbis</span> <span class='ocrx_word' id='word_1_95' title='bbox 1266 726 1339 764; x_wconf 84' lang='lat' dir='ltr'>Le-</span> 
     </span>
     <span class='ocr_line' id='line_1_14' title="bbox 229 786 397 821; baseline 0.012 -13"><span class='ocrx_word' id='word_1_96' title='bbox 229 786 370 821; x_wconf 64' lang='lat' dir='ltr'>mosms</span> <span class='ocrx_word' id='word_1_97' title='bbox 387 799 397 810; x_wconf 85' lang='lat'><strong>.</strong></span> 
     </span>
    </p>

    <p class='ocr_par' dir='ltr' id='par_1_2' title="bbox 226 825 1346 1523">
     <span class='ocr_line' id='line_1_15' title="bbox 284 825 1345 884; baseline 0.007 -21"><span class='ocrx_word' id='word_1_98' title='bbox 284 825 381 869; x_wconf 20' lang='lat'><strong>5320*</strong></span> <span class='ocrx_word' id='word_1_99' title='bbox 406 826 455 864; x_wconf 87' lang='lat' dir='ltr'>Et</span> <span class='ocrx_word' id='word_1_100' title='bbox 484 826 567 866; x_wconf 87' lang='lat' dir='ltr'>haec</span> <span class='ocrx_word' id='word_1_101' title='bbox 604 829 773 867; x_wconf 86' lang='lat' dir='ltr'>doctrina</span> <span class='ocrx_word' id='word_1_102' title='bbox 815 837 866 866; x_wconf 86' lang='lat' dir='ltr'>est</span> <span class='ocrx_word' id='word_1_103' title='bbox 894 828 941 872; x_wconf 50' lang='lat' dir='ltr'>S&#39;.</span> <span class='ocrx_word' id='word_1_104' title='bbox 966 828 1161 879; x_wconf 56' lang='lat' dir='ltr'>Thomas,</span> <span class='ocrx_word' id='word_1_105' title='bbox 1203 834 1270 884; x_wconf 91' lang='lat' dir='ltr'>qui</span> <span class='ocrx_word' id='word_1_106' title='bbox 1302 835 1345 871; x_wconf 87' lang='lat' dir='ltr'>in-</span> 
     </span>
     <span class='ocr_line' id='line_1_16' title="bbox 228 879 1346 936; baseline 0.004 -20"><span class='ocrx_word' id='word_1_107' title='bbox 228 879 374 926; x_wconf 76' lang='lat' dir='ltr'>Quaest.</span> <span class='ocrx_word' id='word_1_108' title='bbox 407 879 473 917; x_wconf 78' lang='lat' dir='ltr'>JV.</span> <span class='ocrx_word' id='word_1_109' title='bbox 502 881 550 919; x_wconf 78' lang='lat' dir='ltr'>&lt;le</span> <span class='ocrx_word' id='word_1_110' title='bbox 580 883 690 919; x_wconf 77' lang='lat' dir='ltr'>malo</span> <span class='ocrx_word' id='word_1_111' title='bbox 720 891 789 920; x_wconf 86' lang='lat' dir='ltr'>art.</span> <span class='ocrx_word' id='word_1_112' title='bbox 822 895 859 920; x_wconf 81' lang='lat'>2.</span> <span class='ocrx_word' id='word_1_113' title='bbox 889 884 936 921; x_wconf 86' lang='lat' dir='ltr'>ad</span> <span class='ocrx_word' id='word_1_114' title='bbox 962 897 994 921; x_wconf 83' lang='lat'>1.</span> <span class='ocrx_word' id='word_1_115' title='bbox 1027 885 1170 936; x_wconf 85' lang='lat' dir='ltr'>inquit:</span> <span class='ocrx_word' id='word_1_116' title='bbox 1202 915 1227 933; x_wconf 88' lang='lat'>„</span> <span class='ocrx_word' id='word_1_117' title='bbox 1250 886 1346 924; x_wconf 74' lang='lat' dir='ltr'>-Ali-v</span> 
     </span>
     <span class='ocr_line' id='line_1_17' title="bbox 229 934 1340 990; baseline 0.005 -20"><span class='ocrx_word' id='word_1_118' title='bbox 229 963 253 981; x_wconf 86' lang='lat'><strong>„</strong></span> <span class='ocrx_word' id='word_1_119' title='bbox 284 934 376 985; x_wconf 76' lang='lat' dir='ltr'>quid</span> <span class='ocrx_word' id='word_1_120' title='bbox 407 944 522 985; x_wconf 85' lang='lat' dir='ltr'>potest</span> <span class='ocrx_word' id='word_1_121' title='bbox 552 950 628 973; x_wconf 88' lang='lat' dir='ltr'>esse</span> <span class='ocrx_word' id='word_1_122' title='bbox 659 935 826 973; x_wconf 83' lang='lat' dir='ltr'>naturale</span> <span class='ocrx_word' id='word_1_123' title='bbox 855 935 1001 974; x_wconf 88' lang='lat' dir='ltr'>homini</span> <span class='ocrx_word' id='word_1_124' title='bbox 1032 938 1260 990; x_wconf 77' lang='lat' dir='ltr'>dupliciter:</span> <span class='ocrx_word' id='word_1_125' title='bbox 1300 953 1340 976; x_wconf 87' lang='lat' dir='ltr'>u-</span> 
     </span>
     <span class='ocr_line' id='line_1_18' title="bbox 230 988 1342 1042; baseline 0.005 -18"><span class='ocrx_word' id='word_1_126' title='bbox 230 1017 256 1035; x_wconf 88' lang='lat'><em>„</em></span> <span class='ocrx_word' id='word_1_127' title='bbox 285 1000 334 1024; x_wconf 87' lang='lat' dir='ltr'>no</span> <span class='ocrx_word' id='word_1_128' title='bbox 362 988 500 1036; x_wconf 79' lang='lat' dir='ltr'>modo,</span> <span class='ocrx_word' id='word_1_129' title='bbox 541 990 767 1042; x_wconf 78' lang='lat' dir='ltr'>inquantum</span> <span class='ocrx_word' id='word_1_130' title='bbox 797 998 848 1027; x_wconf 89' lang='lat' dir='ltr'>est</span> <span class='ocrx_word' id='word_1_131' title='bbox 876 990 1045 1038; x_wconf 82' lang='lat' dir='ltr'>animal,</span> <span class='ocrx_word' id='word_1_132' title='bbox 1089 991 1122 1027; x_wconf 76' lang='lat'>8&lt;</span> <span class='ocrx_word' id='word_1_133' title='bbox 1152 993 1205 1030; x_wconf 82' lang='lat' dir='ltr'>sic</span> <span class='ocrx_word' id='word_1_134' title='bbox 1234 1001 1342 1030; x_wconf 85' lang='lat' dir='ltr'>natu-</span> 
     </span>
     <span class='ocr_line' id='line_1_19' title="bbox 230 1038 1342 1095; baseline 0.007 -19"><span class='ocrx_word' id='word_1_135' title='bbox 230 1070 254 1087; x_wconf 89' lang='lat'><strong>„</strong></span> <span class='ocrx_word' id='word_1_136' title='bbox 286 1038 365 1077; x_wconf 84' lang='lat' dir='ltr'>rale</span> <span class='ocrx_word' id='word_1_137' title='bbox 393 1050 446 1078; x_wconf 87' lang='lat' dir='ltr'>est</span> <span class='ocrx_word' id='word_1_138' title='bbox 475 1043 508 1079; x_wconf 88' lang='lat' dir='ltr'>ei</span> <span class='ocrx_word' id='word_1_139' title='bbox 528 1072 538 1090; x_wconf 91' lang='lat'>,</span> <span class='ocrx_word' id='word_1_140' title='bbox 568 1043 674 1094; x_wconf 51' lang='lat' dir='ltr'>quod¹</span> <span class='ocrx_word' id='word_1_141' title='bbox 699 1043 1013 1095; x_wconf 81' lang='lat' dir='ltr'>concupiscibilis.</span> <span class='ocrx_word' id='word_1_142' title='bbox 1039 1044 1179 1082; x_wconf 78' lang='lat' dir='ltr'>feratur</span> <span class='ocrx_word' id='word_1_143' title='bbox 1208 1047 1247 1083; x_wconf 89' lang='lat' dir='ltr'>in</span> <span class='ocrx_word' id='word_1_144' title='bbox 1276 1047 1342 1083; x_wconf 84' lang='lat' dir='ltr'>de-</span> 
     </span>
     <span class='ocr_line' id='line_1_20' title="bbox 227 1092 1342 1150; baseline 0.005 -19"><span class='ocrx_word' id='word_1_145' title='bbox 227 1123 252 1143; x_wconf 90' lang='lat'>„</span> <span class='ocrx_word' id='word_1_146' title='bbox 281 1093 458 1131; x_wconf 84' lang='lat' dir='ltr'>lectabile</span> <span class='ocrx_word' id='word_1_147' title='bbox 477 1092 850 1136; x_wconf 82' lang='lat' dir='ltr'>secundumseusum</span> <span class='ocrx_word' id='word_1_148' title='bbox 870 1126 880 1145; x_wconf 91' lang='lat'>,</span> <span class='ocrx_word' id='word_1_149' title='bbox 911 1099 1162 1138; x_wconf 80' lang='lat' dir='ltr'>communiter</span> <span class='ocrx_word' id='word_1_150' title='bbox 1181 1099 1342 1150; x_wconf 86' lang='lat' dir='ltr'>loquen-</span> 
     </span>
     <span class='ocr_line' id='line_1_21' title="bbox 227 1146 1342 1202; baseline 0.005 -18"><span class='ocrx_word' id='word_1_151' title='bbox 227 1177 252 1195; x_wconf 82' lang='lat'>„</span> <span class='ocrx_word' id='word_1_152' title='bbox 283 1148 356 1185; x_wconf 80' lang='lat' dir='ltr'>do.</span> <span class='ocrx_word' id='word_1_153' title='bbox 388 1146 477 1185; x_wconf 88' lang='lat' dir='ltr'>Alio</span> <span class='ocrx_word' id='word_1_154' title='bbox 505 1149 642 1197; x_wconf 82' lang='lat' dir='ltr'>modo,</span> <span class='ocrx_word' id='word_1_155' title='bbox 673 1151 902 1202; x_wconf 83' lang='lat' dir='ltr'>inquantum</span> <span class='ocrx_word' id='word_1_156' title='bbox 935 1160 985 1188; x_wconf 86' lang='lat' dir='ltr'>est</span> <span class='ocrx_word' id='word_1_157' title='bbox 1014 1150 1154 1199; x_wconf 46' lang='lat' dir='ltr'>homo»,</span> <span class='ocrx_word' id='word_1_158' title='bbox 1185 1153 1275 1190; x_wconf 91' lang='lat' dir='ltr'>idest</span> <span class='ocrx_word' id='word_1_159' title='bbox 1304 1166 1342 1189; x_wconf 82' lang='lat' dir='ltr'>a·</span> 
     </span>
     <span class='ocr_line' id='line_1_22' title="bbox 229 1201 1343 1257; baseline 0.005 -21"><span class='ocrx_word' id='word_1_160' title='bbox 229 1230 254 1247; x_wconf 70' lang='lat'>„</span> <span class='ocrx_word' id='word_1_161' title='bbox 286 1201 402 1238; x_wconf 85' lang='lat' dir='ltr'>nimal</span> <span class='ocrx_word' id='word_1_162' title='bbox 434 1201 642 1248; x_wconf 83' lang='lat' dir='ltr'>rationale3</span> <span class='ocrx_word' id='word_1_163' title='bbox 691 1203 725 1239; x_wconf 70' lang='lat'>8&lt;</span> <span class='ocrx_word' id='word_1_164' title='bbox 755 1204 807 1242; x_wconf 88' lang='lat' dir='ltr'>sic</span> <span class='ocrx_word' id='word_1_165' title='bbox 837 1204 1009 1242; x_wconf 88' lang='lat' dir='ltr'>naturale</span> <span class='ocrx_word' id='word_1_166' title='bbox 1051 1214 1102 1242; x_wconf 87' lang='lat' dir='ltr'>est</span> <span class='ocrx_word' id='word_1_167' title='bbox 1132 1206 1194 1253; x_wconf 87' lang='lat' dir='ltr'>ei,</span> <span class='ocrx_word' id='word_1_168' title='bbox 1242 1206 1343 1257; x_wconf 86' lang='lat' dir='ltr'>quod</span> 
     </span>
     <span class='ocr_line' id='line_1_23' title="bbox 228 1255 1343 1307; baseline 0.004 -16"><span class='ocrx_word' id='word_1_169' title='bbox 228 1283 254 1301; x_wconf 78' lang='lat'>„</span> <span class='ocrx_word' id='word_1_170' title='bbox 285 1255 591 1301; x_wconf 71' lang='lat' dir='ltr'>concupiscibilis</span> <span class='ocrx_word' id='word_1_171' title='bbox 608 1257 777 1307; x_wconf 76' lang='lat' dir='ltr'>seratur</span> <span class='ocrx_word' id='word_1_172' title='bbox 805 1261 850 1294; x_wconf 78' lang='lat' dir='ltr'>in.</span> <span class='ocrx_word' id='word_1_173' title='bbox 875 1257 1104 1295; x_wconf 63' lang='lat' dir='ltr'>delectabile</span> <span class='ocrx_word' id='word_1_174' title='bbox 1123 1272 1263 1297; x_wconf 77' lang='lat' dir='ltr'>sensus</span> <span class='ocrx_word' id='word_1_175' title='bbox 1284 1271 1343 1296; x_wconf 79' lang='lat' dir='ltr'>se-</span> 
     </span>
     <span class='ocr_line' id='line_1_24' title="bbox 229 1307 1345 1363; baseline 0.006 -20"><span class='ocrx_word' id='word_1_176' title='bbox 229 1337 254 1356; x_wconf 77' lang='lat'><strong>„</strong></span> <span class='ocrx_word' id='word_1_177' title='bbox 285 1307 458 1345; x_wconf 71' lang='lat' dir='ltr'>cundum</span> <span class='ocrx_word' id='word_1_178' title='bbox 487 1309 666 1347; x_wconf 71' lang='lat' dir='ltr'>ordinem</span> <span class='ocrx_word' id='word_1_179' title='bbox 697 1314 862 1348; x_wconf 77' lang='lat' dir='ltr'>rationis</span> <span class='ocrx_word' id='word_1_180' title='bbox 882 1336 892 1347; x_wconf 92' lang='lat'><strong>.</strong></span> <span class='ocrx_word' id='word_1_181' title='bbox 941 1312 1257 1363; x_wconf 67' lang='lat' dir='ltr'>Concupiscentia</span> <span class='ocrx_word' id='word_1_182' title='bbox 1285 1325 1345 1350; x_wconf 88' lang='lat' dir='ltr'>er·</span> 
     </span>
     <span class='ocr_line' id='line_1_25' title="bbox 228 1364 1344 1415; baseline 0.004 -17"><span class='ocrx_word' id='word_1_183' title='bbox 228 1390 253 1409; x_wconf 81' lang='lat'><strong>„</strong></span> <span class='ocrx_word' id='word_1_184' title='bbox 283 1375 354 1411; x_wconf 82' lang='lat' dir='ltr'>go,</span> <span class='ocrx_word' id='word_1_185' title='bbox 385 1376 454 1412; x_wconf 86' lang='lat' dir='ltr'>per</span> <span class='ocrx_word' id='word_1_186' title='bbox 483 1376 598 1413; x_wconf 85' lang='lat' dir='ltr'>quam</span> <span class='ocrx_word' id='word_1_187' title='bbox 631 1376 748 1413; x_wconf 84' lang='lat' dir='ltr'>prona</span> <span class='ocrx_word' id='word_1_188' title='bbox 778 1372 828 1401; x_wconf 84' lang='lat' dir='ltr'>est</span> <span class='ocrx_word' id='word_1_189' title='bbox 857 1365 915 1401; x_wconf 89' lang='lat' dir='ltr'>vis</span> <span class='ocrx_word' id='word_1_190' title='bbox 935 1364 1273 1415; x_wconf 81' lang='lat' dir='ltr'>concupiscibilis,</span> <span class='ocrx_word' id='word_1_191' title='bbox 1305 1374 1344 1402; x_wconf 88' lang='lat' dir='ltr'>ut</span> 
     </span>
     <span class='ocr_line' id='line_1_26' title="bbox 229 1414 1343 1467; baseline 0.006 -17"><span class='ocrx_word' id='word_1_192' title='bbox 229 1442 252 1459; x_wconf 85' lang='lat'>.,</span> <span class='ocrx_word' id='word_1_193' title='bbox 283 1416 425 1451; x_wconf 80' lang='lat' dir='ltr'>feratur</span> <span class='ocrx_word' id='word_1_194' title='bbox 456 1416 493 1451; x_wconf 84' lang='lat' dir='ltr'>iu</span> <span class='ocrx_word' id='word_1_195' title='bbox 522 1414 768 1453; x_wconf 82' lang='lat' dir='ltr'>delectabilia</span> <span class='ocrx_word' id='word_1_196' title='bbox 806 1430 932 1454; x_wconf 86' lang='lat' dir='ltr'>sensus</span> <span class='ocrx_word' id='word_1_197' title='bbox 974 1427 1119 1467; x_wconf 74' lang='lat' dir='ltr'>praeter</span> <span class='ocrx_word' id='word_1_198' title='bbox 1160 1418 1343 1457; x_wconf 73' lang='lat' dir='ltr'>ordinem</span> 
     </span>
     <span class='ocr_line' id='line_1_27' title="bbox 226 1469 1343 1523; baseline 0.006 -20"><span class='ocrx_word' id='word_1_199' title='bbox 226 1496 250 1513; x_wconf 76' lang='lat'>„</span> <span class='ocrx_word' id='word_1_200' title='bbox 283 1469 452 1505; x_wconf 73' lang='lat' dir='ltr'>rationis</span> <span class='ocrx_word' id='word_1_201' title='bbox 470 1497 481 1516; x_wconf 87' lang='lat'>,</span> <span class='ocrx_word' id='word_1_202' title='bbox 511 1477 569 1505; x_wconf 80' lang='lat' dir='ltr'>est</span> <span class='ocrx_word' id='word_1_203' title='bbox 585 1477 726 1506; x_wconf 79' lang='lat' dir='ltr'>contra</span> <span class='ocrx_word' id='word_1_204' title='bbox 742 1478 934 1507; x_wconf 75' lang='lat' dir='ltr'>naturam</span> <span class='ocrx_word' id='word_1_205' title='bbox 951 1469 1143 1519; x_wconf 70' lang='lat' dir='ltr'>hominis,</span> <span class='ocrx_word' id='word_1_206' title='bbox 1173 1476 1343 1523; x_wconf 73' lang='lat' dir='ltr'>inquan-</span> 
     </span>
    </p>
   </div>
   <div class='ocr_carea' id='block_1_2' title="bbox 296 77 376 104">
    <p class='ocr_par' dir='ltr' id='par_1_3' title="bbox 296 77 376 104">
     <span class='ocr_line' id='line_1_28' title="bbox 296 77 376 104; baseline 0.013 -1"><span class='ocrx_word' id='word_1_207' title='bbox 296 77 376 104; x_wconf 70' lang='lat'>222</span> 
     </span>
    </p>
   </div>
   <div class='ocr_carea' id='block_1_3' title="bbox 227 1519 1350 1626">
    <p class='ocr_par' dir='ltr' id='par_1_4' title="bbox 227 1519 1350 1626">
     <span class='ocr_line' id='line_1_29' title="bbox 227 1519 1350 1575; baseline 0.005 -18"><span class='ocrx_word' id='word_1_208' title='bbox 227 1550 252 1569; x_wconf 84' lang='lat'><em>„</em></span> <span class='ocrx_word' id='word_1_209' title='bbox 282 1530 366 1558; x_wconf 77' lang='lat' dir='ltr'>tum</span> <span class='ocrx_word' id='word_1_210' title='bbox 396 1530 454 1558; x_wconf 72' lang='lat' dir='ltr'>est</span> <span class='ocrx_word' id='word_1_211' title='bbox 485 1519 626 1570; x_wconf 72' lang='lat' dir='ltr'>homo,</span> <span class='ocrx_word' id='word_1_212' title='bbox 670 1523 719 1562; x_wconf 48' lang='grc' dir='ltr'>ἐν</span> <span class='ocrx_word' id='word_1_213' title='bbox 748 1529 915 1574; x_wconf 73' lang='lat' dir='ltr'>pertinet</span> <span class='ocrx_word' id='word_1_214' title='bbox 944 1524 998 1561; x_wconf 78' lang='lat' dir='ltr'>ad</span> <span class='ocrx_word' id='word_1_215' title='bbox 1026 1533 1237 1575; x_wconf 71' lang='lat' dir='ltr'>peccatum</span> <span class='ocrx_word' id='word_1_216' title='bbox 1267 1530 1350 1563; x_wconf 24' lang='lat' dir='ltr'>ori-⁷</span> 
     </span>
     <span class='ocr_line' id='line_1_30' title="bbox 227 1575 1349 1626; baseline 0.004 -16"><span class='ocrx_word' id='word_1_217' title='bbox 227 1603 250 1621; x_wconf 84' lang='lat'><strong>„</strong></span> <span class='ocrx_word' id='word_1_218' title='bbox 280 1575 417 1626; x_wconf 76' lang='lat' dir='ltr'>ginale</span> <span class='ocrx_word' id='word_1_219' title='bbox 447 1578 472 1597; x_wconf 72' lang='lat'>‘⁴</span> <span class='ocrx_word' id='word_1_220' title='bbox 491 1601 502 1613; x_wconf 79' lang='lat'><strong>.</strong></span> <span class='ocrx_word' id='word_1_221' title='bbox 533 1576 583 1613; x_wconf 85' lang='lat' dir='ltr'>Et</span> <span class='ocrx_word' id='word_1_222' title='bbox 610 1576 761 1618; x_wconf 65' lang='lat' dir='ltr'>ibidem,</span> <span class='ocrx_word' id='word_1_223' title='bbox 788 1579 840 1619; x_wconf 40' lang='lat' dir='ltr'>ad.</span> <span class='ocrx_word' id='word_1_224' title='bbox 866 1592 901 1616; x_wconf 85' lang='lat'>2.</span> <span class='ocrx_word' id='word_1_225' title='bbox 932 1607 958 1625; x_wconf 93' lang='lat'><strong>„</strong></span> <span class='ocrx_word' id='word_1_226' title='bbox 988 1578 1094 1616; x_wconf 88' lang='lat' dir='ltr'>Sicut</span> <span class='ocrx_word' id='word_1_227' title='bbox 1123 1580 1179 1615; x_wconf 90' lang='lat' dir='ltr'>vis</span> <span class='ocrx_word' id='word_1_228' title='bbox 1208 1592 1349 1616; x_wconf 57' lang='lat' dir='ltr'>concii-².</span> 
     </span>
    </p>
   </div>
   <div class='ocr_carea' id='block_1_4' title="bbox 218 1627 1344 2855">
    <p class='ocr_par' dir='ltr' id='par_1_5' title="bbox 227 1627 1342 1945">
     <span class='ocr_line' id='line_1_31' title="bbox 228 1627 1342 1679; baseline 0.002 -14"><span class='ocrx_word' id='word_1_229' title='bbox 228 1657 252 1676; x_wconf 85' lang='lat'><strong>„</strong></span> <span class='ocrx_word' id='word_1_230' title='bbox 282 1627 478 1679; x_wconf 84' lang='lat' dir='ltr'>piscibilis</span> <span class='ocrx_word' id='word_1_231' title='bbox 502 1629 688 1667; x_wconf 84' lang='lat' dir='ltr'>naturalis</span> <span class='ocrx_word' id='word_1_232' title='bbox 717 1638 774 1667; x_wconf 86' lang='lat' dir='ltr'>est</span> <span class='ocrx_word' id='word_1_233' title='bbox 798 1629 944 1667; x_wconf 85' lang='lat' dir='ltr'>homini</span> <span class='ocrx_word' id='word_1_234' title='bbox 986 1631 1196 1667; x_wconf 83' lang='lat' dir='ltr'>secuudum</span> <span class='ocrx_word' id='word_1_235' title='bbox 1232 1639 1342 1668; x_wconf 88' lang='lat' dir='ltr'>natu-</span> 
     </span>
     <span class='ocr_line' id='line_1_32' title="bbox 227 1682 1339 1734; baseline 0.004 -17"><span class='ocrx_word' id='word_1_236' title='bbox 227 1710 252 1728; x_wconf 90' lang='lat'><strong>„</strong></span> <span class='ocrx_word' id='word_1_237' title='bbox 283 1695 370 1718; x_wconf 77' lang='lat' dir='ltr'>ram</span> <span class='ocrx_word' id='word_1_238' title='bbox 395 1682 603 1719; x_wconf 77' lang='lat' dir='ltr'>institutam</span> <span class='ocrx_word' id='word_1_239' title='bbox 621 1711 631 1729; x_wconf 85' lang='lat'>,</span> <span class='ocrx_word' id='word_1_240' title='bbox 675 1683 727 1719; x_wconf 84' lang='lat' dir='ltr'>ita</span> <span class='ocrx_word' id='word_1_241' title='bbox 757 1682 790 1717; x_wconf 73' lang='lat'>8&lt;</span> <span class='ocrx_word' id='word_1_242' title='bbox 819 1682 921 1734; x_wconf 88' lang='lat' dir='ltr'>quod</span> <span class='ocrx_word' id='word_1_243' title='bbox 963 1682 1146 1719; x_wconf 79' lang='lat' dir='ltr'>subdatur</span> <span class='ocrx_word' id='word_1_244' title='bbox 1176 1684 1339 1732; x_wconf 81' lang='lat' dir='ltr'>rationi,</span> 
     </span>
     <span class='ocr_line' id='line_1_33' title="bbox 228 1734 1341 1786; baseline 0.004 -17"><span class='ocrx_word' id='word_1_245' title='bbox 228 1763 254 1780; x_wconf 78' lang='lat'>„</span> <span class='ocrx_word' id='word_1_246' title='bbox 285 1743 336 1770; x_wconf 78' lang='lat' dir='ltr'>est</span> <span class='ocrx_word' id='word_1_247' title='bbox 366 1735 399 1770; x_wconf 92' lang='lat' dir='ltr'>ei</span> <span class='ocrx_word' id='word_1_248' title='bbox 430 1735 630 1781; x_wconf 75' lang='lat' dir='ltr'>naturale,</span> <span class='ocrx_word' id='word_1_249' title='bbox 661 1735 871 1772; x_wconf 86' lang='lat' dir='ltr'>secundum</span> <span class='ocrx_word' id='word_1_250' title='bbox 901 1734 936 1771; x_wconf 84' lang='lat' dir='ltr'>id</span> <span class='ocrx_word' id='word_1_251' title='bbox 956 1765 967 1781; x_wconf 89' lang='lat'>,</span> <span class='ocrx_word' id='word_1_252' title='bbox 1003 1736 1106 1786; x_wconf 82' lang='lat' dir='ltr'>quod</span> <span class='ocrx_word' id='word_1_253' title='bbox 1132 1735 1223 1774; x_wconf 84' lang='lat' dir='ltr'>dicit</span> <span class='ocrx_word' id='word_1_254' title='bbox 1253 1736 1341 1774; x_wconf 82' lang='lat' dir='ltr'>Phi-</span> 
     </span>
     <span class='ocr_line' id='line_1_34' title="bbox 228 1785 1340 1840; baseline 0.004 -18"><span class='ocrx_word' id='word_1_255' title='bbox 228 1816 253 1834; x_wconf 87' lang='lat'><strong>„</strong></span> <span class='ocrx_word' id='word_1_256' title='bbox 283 1785 460 1838; x_wconf 79' lang='lat' dir='ltr'>Iosephus</span> <span class='ocrx_word' id='word_1_257' title='bbox 490 1788 528 1824; x_wconf 88' lang='lat' dir='ltr'>in</span> <span class='ocrx_word' id='word_1_258' title='bbox 561 1787 599 1825; x_wconf 81' lang='lat'>3.</span> <span class='ocrx_word' id='word_1_259' title='bbox 628 1787 675 1824; x_wconf 86' lang='lat' dir='ltr'>de</span> <span class='ocrx_word' id='word_1_260' title='bbox 706 1789 872 1836; x_wconf 76' lang='lat' dir='ltr'>Anima,</span> <span class='ocrx_word' id='word_1_261' title='bbox 912 1789 1012 1839; x_wconf 87' lang='lat' dir='ltr'>quod</span> <span class='ocrx_word' id='word_1_262' title='bbox 1043 1790 1231 1840; x_wconf 85' lang='lat' dir='ltr'>appetitus</span> <span class='ocrx_word' id='word_1_263' title='bbox 1260 1804 1340 1826; x_wconf 90' lang='lat' dir='ltr'>sen-</span> 
     </span>
     <span class='ocr_line' id='line_1_35' title="bbox 227 1841 1340 1895; baseline 0.004 -19"><span class='ocrx_word' id='word_1_264' title='bbox 227 1869 251 1887; x_wconf 70' lang='lat'>.,</span> <span class='ocrx_word' id='word_1_265' title='bbox 283 1841 414 1877; x_wconf 52' lang='lat' dir='ltr'>sitinus</span> <span class='ocrx_word' id='word_1_266' title='bbox 443 1842 613 1891; x_wconf 85' lang='lat' dir='ltr'>sequitur</span> <span class='ocrx_word' id='word_1_267' title='bbox 641 1844 853 1893; x_wconf 83' lang='lat' dir='ltr'>appetitum</span> <span class='ocrx_word' id='word_1_268' title='bbox 884 1843 1059 1890; x_wconf 78' lang='lat' dir='ltr'>rationis,</span> <span class='ocrx_word' id='word_1_269' title='bbox 1091 1843 1187 1880; x_wconf 87' lang='lat' dir='ltr'>sicut</span> <span class='ocrx_word' id='word_1_270' title='bbox 1216 1842 1340 1895; x_wconf 80' lang='lat' dir='ltr'>sphae-</span> 
     </span>
     <span class='ocr_line' id='line_1_36' title="bbox 227 1893 838 1945; baseline 0.005 -16"><span class='ocrx_word' id='word_1_271' title='bbox 227 1923 250 1941; x_wconf 70' lang='lat'>‚„</span> <span class='ocrx_word' id='word_1_272' title='bbox 282 1907 322 1929; x_wconf 88' lang='lat' dir='ltr'>ra</span> <span class='ocrx_word' id='word_1_273' title='bbox 353 1893 525 1929; x_wconf 84' lang='lat' dir='ltr'>movetur</span> <span class='ocrx_word' id='word_1_274' title='bbox 553 1909 575 1930; x_wconf 88' lang='lat' dir='ltr'>a</span> <span class='ocrx_word' id='word_1_275' title='bbox 603 1893 755 1945; x_wconf 85' lang='lat' dir='ltr'>sphaera</span> <span class='ocrx_word' id='word_1_276' title='bbox 785 1898 810 1916; x_wconf 68' lang='lat'>‘⁶</span> <span class='ocrx_word' id='word_1_277' title='bbox 829 1921 838 1932; x_wconf 91' lang='lat'><strong><em>.</em></strong></span> 
     </span>
    </p>

    <p class='ocr_par' dir='ltr' id='par_1_6' title="bbox 218 1945 1344 2793">
     <span class='ocr_line' id='line_1_37' title="bbox 279 1945 1335 2000; baseline 0.005 -17"><span class='ocrx_word' id='word_1_278' title='bbox 279 1945 369 1984; x_wconf 65' lang='lat'>585„</span> <span class='ocrx_word' id='word_1_279' title='bbox 402 1946 546 1983; x_wconf 83' lang='lat' dir='ltr'>Eadem</span> <span class='ocrx_word' id='word_1_280' title='bbox 577 1949 712 1997; x_wconf 87' lang='lat' dir='ltr'>repetit</span> <span class='ocrx_word' id='word_1_281' title='bbox 735 1948 936 1999; x_wconf 83' lang='lat' dir='ltr'>Angeiicus</span> <span class='ocrx_word' id='word_1_282' title='bbox 959 1962 989 1986; x_wconf 83' lang='lat'>1.</span> <span class='ocrx_word' id='word_1_283' title='bbox 1015 1962 1051 1986; x_wconf 81' lang='lat'>2.</span> <span class='ocrx_word' id='word_1_284' title='bbox 1081 1963 1147 2000; x_wconf 84' lang='lat' dir='ltr'>qu.</span> <span class='ocrx_word' id='word_1_285' title='bbox 1170 1949 1236 1988; x_wconf 79' lang='lat'>82.</span> <span class='ocrx_word' id='word_1_286' title='bbox 1266 1958 1335 1988; x_wconf 62' lang='lat' dir='ltr'>art„</span> 
     </span>
     <span class='ocr_line' id='line_1_38' title="bbox 225 1999 1338 2054; baseline 0.004 -18"><span class='ocrx_word' id='word_1_287' title='bbox 225 1999 261 2036; x_wconf 82' lang='lat'>5.</span> <span class='ocrx_word' id='word_1_288' title='bbox 293 1999 339 2035; x_wconf 84' lang='lat' dir='ltr'>ad</span> <span class='ocrx_word' id='word_1_289' title='bbox 366 2012 426 2044; x_wconf 84' lang='lat'>1.;</span> <span class='ocrx_word' id='word_1_290' title='bbox 455 2012 544 2036; x_wconf 84' lang='lat' dir='ltr'>cum</span> <span class='ocrx_word' id='word_1_291' title='bbox 575 2001 683 2037; x_wconf 14' lang='lat' dir='ltr'>enim,</span> <span class='ocrx_word' id='word_1_292' title='bbox 708 2001 781 2038; x_wconf 90' lang='lat' dir='ltr'>sibi</span> <span class='ocrx_word' id='word_1_293' title='bbox 810 2001 1040 2052; x_wconf 81' lang='lat' dir='ltr'>objecisset,</span> <span class='ocrx_word' id='word_1_294' title='bbox 1071 2012 1270 2054; x_wconf 87' lang='lat' dir='ltr'>peccatum</span> <span class='ocrx_word' id='word_1_295' title='bbox 1298 2018 1338 2041; x_wconf 89' lang='lat' dir='ltr'>o-</span> 
     </span>
     <span class='ocr_line' id='line_1_39' title="bbox 220 2051 1338 2108; baseline 0.006 -20"><span class='ocrx_word' id='word_1_296' title='bbox 220 2051 383 2102; x_wconf 79' lang='lat' dir='ltr'>riginale</span> <span class='ocrx_word' id='word_1_297' title='bbox 413 2066 486 2089; x_wconf 84' lang='lat' dir='ltr'>non</span> <span class='ocrx_word' id='word_1_298' title='bbox 518 2065 623 2104; x_wconf 87' lang='lat' dir='ltr'>posse</span> <span class='ocrx_word' id='word_1_299' title='bbox 644 2055 1112 2106; x_wconf 79' lang='lat' dir='ltr'>esseconcupiscentiam,</span> <span class='ocrx_word' id='word_1_300' title='bbox 1143 2058 1235 2108; x_wconf 88' lang='lat' dir='ltr'>quia</span> <span class='ocrx_word' id='word_1_301' title='bbox 1255 2057 1338 2096; x_wconf 70' lang='lat' dir='ltr'>liaec</span> 
     </span>
     <span class='ocr_line' id='line_1_40' title="bbox 226 2106 1341 2161; baseline 0.006 -19"><span class='ocrx_word' id='word_1_302' title='bbox 226 2116 278 2143; x_wconf 80' lang='lat' dir='ltr'>est</span> <span class='ocrx_word' id='word_1_303' title='bbox 309 2106 517 2144; x_wconf 84' lang='lat' dir='ltr'>secundum</span> <span class='ocrx_word' id='word_1_304' title='bbox 561 2116 763 2155; x_wconf 81' lang='lat' dir='ltr'>naturam,</span> <span class='ocrx_word' id='word_1_305' title='bbox 810 2117 1012 2161; x_wconf 84' lang='lat' dir='ltr'>peccatum</span> <span class='ocrx_word' id='word_1_306' title='bbox 1040 2119 1166 2148; x_wconf 87' lang='lat' dir='ltr'>autem</span> <span class='ocrx_word' id='word_1_307' title='bbox 1209 2121 1341 2149; x_wconf 79' lang='lat' dir='ltr'>contra</span> 
     </span>
     <span class='ocr_line' id='line_1_41' title="bbox 218 2160 1338 2213; baseline 0.005 -17"><span class='ocrx_word' id='word_1_308' title='bbox 218 2168 393 2196; x_wconf 82' lang='lat' dir='ltr'>naturam</span> <span class='ocrx_word' id='word_1_309' title='bbox 411 2189 421 2206; x_wconf 94' lang='lat'>,</span> <span class='ocrx_word' id='word_1_310' title='bbox 452 2160 504 2197; x_wconf 83' lang='lat' dir='ltr'>ita</span> <span class='ocrx_word' id='word_1_311' title='bbox 533 2161 756 2212; x_wconf 85' lang='lat' dir='ltr'>respondet:</span> <span class='ocrx_word' id='word_1_312' title='bbox 806 2191 834 2210; x_wconf 85' lang='lat'>‚,</span> <span class='ocrx_word' id='word_1_313' title='bbox 864 2162 968 2209; x_wconf 84' lang='lat' dir='ltr'>Quia</span> <span class='ocrx_word' id='word_1_314' title='bbox 996 2163 1045 2199; x_wconf 87' lang='lat' dir='ltr'>in-</span> <span class='ocrx_word' id='word_1_315' title='bbox 1067 2162 1220 2213; x_wconf 72' lang='lat' dir='ltr'>homine</span> <span class='ocrx_word' id='word_1_316' title='bbox 1249 2178 1338 2202; x_wconf 86' lang='lat' dir='ltr'>con·</span> 
     </span>
     <span class='ocr_line' id='line_1_42' title="bbox 224 2213 1338 2266; baseline 0.004 -16"><span class='ocrx_word' id='word_1_317' title='bbox 224 2242 249 2260; x_wconf 84' lang='lat'><strong>„</strong></span> <span class='ocrx_word' id='word_1_318' title='bbox 278 2213 516 2264; x_wconf 85' lang='lat' dir='ltr'>cupiscibilis</span> <span class='ocrx_word' id='word_1_319' title='bbox 545 2215 784 2252; x_wconf 72' lang='lat' dir='ltr'>naturaliter</span> <span class='ocrx_word' id='word_1_320' title='bbox 822 2217 963 2266; x_wconf 88' lang='lat' dir='ltr'>regitur</span> <span class='ocrx_word' id='word_1_321' title='bbox 1001 2217 1169 2264; x_wconf 81' lang='lat' dir='ltr'>ratione,</span> <span class='ocrx_word' id='word_1_322' title='bbox 1214 2219 1338 2256; x_wconf 83' lang='lat' dir='ltr'>intan-</span> 
     </span>
     <span class='ocr_line' id='line_1_43' title="bbox 225 2267 1336 2322; baseline 0.006 -21"><span class='ocrx_word' id='word_1_323' title='bbox 225 2295 250 2313; x_wconf 89' lang='lat'>„</span> <span class='ocrx_word' id='word_1_324' title='bbox 280 2275 359 2302; x_wconf 88' lang='lat' dir='ltr'>tum</span> <span class='ocrx_word' id='word_1_325' title='bbox 390 2267 658 2318; x_wconf 80' lang='lat' dir='ltr'>concupiscere</span> <span class='ocrx_word' id='word_1_326' title='bbox 688 2277 739 2305; x_wconf 89' lang='lat' dir='ltr'>est</span> <span class='ocrx_word' id='word_1_327' title='bbox 768 2267 914 2306; x_wconf 86' lang='lat' dir='ltr'>homini</span> <span class='ocrx_word' id='word_1_328' title='bbox 945 2270 1137 2319; x_wconf 84' lang='lat' dir='ltr'>naturale,</span> <span class='ocrx_word' id='word_1_329' title='bbox 1168 2274 1336 2322; x_wconf 73' lang='lat' dir='ltr'>inquan-</span> 
     </span>
     <span class='ocr_line' id='line_1_44' title="bbox 225 2320 1337 2376; baseline 0.007 -22"><span class='ocrx_word' id='word_1_330' title='bbox 225 2349 250 2367; x_wconf 90' lang='lat'><strong>„</strong></span> <span class='ocrx_word' id='word_1_331' title='bbox 281 2327 363 2355; x_wconf 75' lang='lat' dir='ltr'>tum</span> <span class='ocrx_word' id='word_1_332' title='bbox 393 2329 451 2356; x_wconf 80' lang='lat' dir='ltr'>est</span> <span class='ocrx_word' id='word_1_333' title='bbox 479 2320 697 2358; x_wconf 74' lang='lat' dir='ltr'>secundam</span> <span class='ocrx_word' id='word_1_334' title='bbox 726 2325 892 2359; x_wconf 78' lang='lat' dir='ltr'>rationis</span> <span class='ocrx_word' id='word_1_335' title='bbox 907 2322 1115 2360; x_wconf 74' lang='lat' dir='ltr'>ordinem.</span> <span class='ocrx_word' id='word_1_336' title='bbox 1145 2326 1337 2376; x_wconf 76' lang='lat' dir='ltr'>Concupi-</span> 
     </span>
     <span class='ocr_line' id='line_1_45' title="bbox 223 2374 1344 2424; baseline 0.005 -15"><span class='ocrx_word' id='word_1_337' title='bbox 223 2401 249 2420; x_wconf 90' lang='lat'><strong>„</strong></span> <span class='ocrx_word' id='word_1_338' title='bbox 279 2374 420 2410; x_wconf 70' lang='lat' dir='ltr'>scentia</span> <span class='ocrx_word' id='word_1_339' title='bbox 448 2381 604 2421; x_wconf 87' lang='lat' dir='ltr'>autem,</span> <span class='ocrx_word' id='word_1_340' title='bbox 646 2387 734 2424; x_wconf 78' lang='lat' dir='ltr'>quoe</span> <span class='ocrx_word' id='word_1_341' title='bbox 763 2375 1011 2413; x_wconf 72' lang='lat' dir='ltr'>transcendit</span> <span class='ocrx_word' id='word_1_342' title='bbox 1041 2377 1186 2414; x_wconf 76' lang='lat' dir='ltr'>limites</span> <span class='ocrx_word' id='word_1_343' title='bbox 1214 2382 1344 2415; x_wconf 19' lang='lat' dir='ltr'>ratio-A</span> 
     </span>
     <span class='ocr_line' id='line_1_46' title="bbox 225 2425 1337 2473; baseline 0.006 -11"><span class='ocrx_word' id='word_1_344' title='bbox 225 2453 250 2473; x_wconf 90' lang='lat'><strong>„</strong></span> <span class='ocrx_word' id='word_1_345' title='bbox 279 2429 363 2473; x_wconf 79' lang='lat' dir='ltr'>nis,</span> <span class='ocrx_word' id='word_1_346' title='bbox 393 2430 494 2464; x_wconf 68' lang='lat' dir='ltr'>inest</span> <span class='ocrx_word' id='word_1_347' title='bbox 523 2425 672 2464; x_wconf 73' lang='lat' dir='ltr'>homini</span> <span class='ocrx_word' id='word_1_348' title='bbox 701 2437 842 2466; x_wconf 75' lang='lat' dir='ltr'>contra</span> <span class='ocrx_word' id='word_1_349' title='bbox 862 2439 1086 2467; x_wconf 77' lang='lat' dir='ltr'>naturam:</span> <span class='ocrx_word' id='word_1_350' title='bbox 1116 2430 1156 2466; x_wconf 69' lang='lat'>80</span> <span class='ocrx_word' id='word_1_351' title='bbox 1180 2430 1263 2469; x_wconf 86' lang='lat' dir='ltr'>talis</span> <span class='ocrx_word' id='word_1_352' title='bbox 1284 2441 1337 2469; x_wconf 88' lang='lat' dir='ltr'>est</span> 
     </span>
     <span class='ocr_line' id='line_1_47' title="bbox 225 2481 1336 2534; baseline 0.005 -17"><span class='ocrx_word' id='word_1_353' title='bbox 225 2508 251 2527; x_wconf 85' lang='lat'><strong>„</strong></span> <span class='ocrx_word' id='word_1_354' title='bbox 281 2481 588 2532; x_wconf 81' lang='lat' dir='ltr'>concupiscentia</span> <span class='ocrx_word' id='word_1_355' title='bbox 615 2481 814 2532; x_wconf 42' lang='lat' dir='ltr'>originalis&lt;</span> <span class='ocrx_word' id='word_1_356' title='bbox 830 2484 974 2534; x_wconf 87' lang='lat' dir='ltr'>peccati</span> <span class='ocrx_word' id='word_1_357' title='bbox 996 2486 1022 2504; x_wconf 71' lang='lat'>‘⁶</span> <span class='ocrx_word' id='word_1_358' title='bbox 1041 2510 1052 2521; x_wconf 85' lang='lat'><strong><em>.</em></strong></span> <span class='ocrx_word' id='word_1_359' title='bbox 1081 2483 1129 2521; x_wconf 91' lang='lat' dir='ltr'>Et</span> <span class='ocrx_word' id='word_1_360' title='bbox 1144 2483 1218 2522; x_wconf 86' lang='lat' dir='ltr'>sibi</span> <span class='ocrx_word' id='word_1_361' title='bbox 1238 2498 1336 2522; x_wconf 68' lang='lat' dir='ltr'>seni-²</span> 
     </span>
     <span class='ocr_line' id='line_1_48' title="bbox 223 2533 1337 2588; baseline 0.007 -19"><span class='ocrx_word' id='word_1_362' title='bbox 223 2545 298 2584; x_wconf 82' lang='lat' dir='ltr'>per</span> <span class='ocrx_word' id='word_1_363' title='bbox 327 2533 498 2571; x_wconf 76' lang='lat' dir='ltr'>constans</span> <span class='ocrx_word' id='word_1_364' title='bbox 527 2533 733 2585; x_wconf 80' lang='lat' dir='ltr'>Angelicus</span> <span class='ocrx_word' id='word_1_365' title='bbox 763 2535 858 2574; x_wconf 85' lang='lat' dir='ltr'>ibid.</span> <span class='ocrx_word' id='word_1_366' title='bbox 887 2551 927 2588; x_wconf 82' lang='lat' dir='ltr'>q.</span> <span class='ocrx_word' id='word_1_367' title='bbox 958 2536 1023 2574; x_wconf 82' lang='lat'>85.</span> <span class='ocrx_word' id='word_1_368' title='bbox 1052 2545 1123 2574; x_wconf 82' lang='lat' dir='ltr'>art.</span> <span class='ocrx_word' id='word_1_369' title='bbox 1156 2537 1193 2576; x_wconf 83' lang='lat'>5.</span> <span class='ocrx_word' id='word_1_370' title='bbox 1222 2538 1270 2575; x_wconf 84' lang='lat' dir='ltr'>ad</span> <span class='ocrx_word' id='word_1_371' title='bbox 1300 2539 1337 2577; x_wconf 79' lang='lat'>5.</span> 
     </span>
     <span class='ocr_line' id='line_1_49' title="bbox 225 2586 1340 2639; baseline 0.006 -17"><span class='ocrx_word' id='word_1_372' title='bbox 225 2614 250 2633; x_wconf 93' lang='lat'><strong>„</strong></span> <span class='ocrx_word' id='word_1_373' title='bbox 280 2586 627 2638; x_wconf 78' lang='lat' dir='ltr'>Concupiscentia,</span> <span class='ocrx_word' id='word_1_374' title='bbox 657 2592 809 2639; x_wconf 75' lang='lat' dir='ltr'>inquit,</span> <span class='ocrx_word' id='word_1_375' title='bbox 856 2590 1045 2627; x_wconf 83' lang='lat' dir='ltr'>intantum</span> <span class='ocrx_word' id='word_1_376' title='bbox 1075 2599 1127 2628; x_wconf 86' lang='lat' dir='ltr'>est</span> <span class='ocrx_word' id='word_1_377' title='bbox 1155 2591 1340 2630; x_wconf 85' lang='lat' dir='ltr'>naturalis</span> 
     </span>
     <span class='ocr_line' id='line_1_50' title="bbox 225 2639 1341 2696; baseline 0.006 -20"><span class='ocrx_word' id='word_1_378' title='bbox 225 2669 251 2687; x_wconf 89' lang='lat'>„</span> <span class='ocrx_word' id='word_1_379' title='bbox 283 2639 430 2677; x_wconf 85' lang='lat' dir='ltr'>homini</span> <span class='ocrx_word' id='word_1_380' title='bbox 448 2670 458 2689; x_wconf 87' lang='lat'>,</span> <span class='ocrx_word' id='word_1_381' title='bbox 490 2641 717 2692; x_wconf 81' lang='lat' dir='ltr'>inquantum</span> <span class='ocrx_word' id='word_1_382' title='bbox 747 2639 920 2680; x_wconf 75' lang='lat' dir='ltr'>subditur</span> <span class='ocrx_word' id='word_1_383' title='bbox 949 2645 1111 2690; x_wconf 82' lang='lat' dir='ltr'>rationi3</span> <span class='ocrx_word' id='word_1_384' title='bbox 1145 2646 1245 2696; x_wconf 82' lang='lat' dir='ltr'>quod</span> <span class='ocrx_word' id='word_1_385' title='bbox 1275 2659 1341 2683; x_wconf 87' lang='lat' dir='ltr'>au-</span> 
     </span>
     <span class='ocr_line' id='line_1_51' title="bbox 227 2693 1341 2744; baseline 0.005 -14"><span class='ocrx_word' id='word_1_386' title='bbox 227 2722 252 2741; x_wconf 85' lang='lat'>„</span> <span class='ocrx_word' id='word_1_387' title='bbox 282 2702 357 2731; x_wconf 86' lang='lat' dir='ltr'>tem</span> <span class='ocrx_word' id='word_1_388' title='bbox 387 2693 695 2732; x_wconf 82' lang='lat' dir='ltr'>excedatlimites</span> <span class='ocrx_word' id='word_1_389' title='bbox 715 2697 894 2744; x_wconf 85' lang='lat' dir='ltr'>rationis,</span> <span class='ocrx_word' id='word_1_390' title='bbox 925 2696 996 2735; x_wconf 91' lang='lat' dir='ltr'>hoc</span> <span class='ocrx_word' id='word_1_391' title='bbox 1017 2706 1068 2735; x_wconf 88' lang='lat' dir='ltr'>est</span> <span class='ocrx_word' id='word_1_392' title='bbox 1083 2696 1231 2736; x_wconf 87' lang='lat' dir='ltr'>homini</span> <span class='ocrx_word' id='word_1_393' title='bbox 1251 2711 1341 2736; x_wconf 89' lang='lat' dir='ltr'>con-</span> 
     </span>
     <span class='ocr_line' id='line_1_52' title="bbox 229 2751 1293 2793; baseline 0.006 -11"><span class='ocrx_word' id='word_1_394' title='bbox 229 2774 254 2793; x_wconf 92' lang='lat'>„</span> <span class='ocrx_word' id='word_1_395' title='bbox 283 2756 340 2784; x_wconf 87' lang='lat' dir='ltr'>tra</span> <span class='ocrx_word' id='word_1_396' title='bbox 368 2757 544 2785; x_wconf 86' lang='lat' dir='ltr'>naturam</span> <span class='ocrx_word' id='word_1_397' title='bbox 574 2751 599 2769; x_wconf 70' lang='lat'>‘⁶</span> <span class='ocrx_word' id='word_1_398' title='bbox 618 2774 637 2787; x_wconf 68' lang='grc'>.,</span> <span class='ocrx_word' id='word_1_399' title='bbox 1286 2776 1293 2784; x_wconf 89' lang='grc'><strong>-</strong></span> 
     </span>
    </p>

    <p class='ocr_par' dir='ltr' id='par_1_7' title="bbox 281 2799 1341 2855">
     <span class='ocr_line' id='line_1_53' title="bbox 281 2799 1341 2855; baseline 0.004 -18"><span class='ocrx_word' id='word_1_400' title='bbox 281 2799 383 2845; x_wconf 56' lang='lat'>584„</span> <span class='ocrx_word' id='word_1_401' title='bbox 405 2801 463 2839; x_wconf 76' lang='lat' dir='ltr'>Ex</span> <span class='ocrx_word' id='word_1_402' title='bbox 493 2801 635 2853; x_wconf 86' lang='lat' dir='ltr'>quibus</span> <span class='ocrx_word' id='word_1_403' title='bbox 662 2802 839 2840; x_wconf 86' lang='lat' dir='ltr'>omnibus</span> <span class='ocrx_word' id='word_1_404' title='bbox 854 2812 1047 2854; x_wconf 70' lang='lat' dir='ltr'>apparet,r</span> <span class='ocrx_word' id='word_1_405' title='bbox 1068 2802 1264 2855; x_wconf 87' lang='lat' dir='ltr'>duplicem</span> <span class='ocrx_word' id='word_1_406' title='bbox 1285 2817 1341 2841; x_wconf 87' lang='lat' dir='ltr'>es-</span> 
     </span>
    </p>
   </div>
   <div class='ocr_carea' id='block_1_5' title="bbox 227 2855 1346 2908">
    <p class='ocr_par' dir='ltr' id='par_1_8' title="bbox 227 2855 1346 2908">
     <span class='ocr_line' id='line_1_54' title="bbox 227 2855 1346 2908; baseline 0.004 -18"><span class='ocrx_word' id='word_1_407' title='bbox 227 2863 266 2887; x_wconf 76' lang='lat' dir='ltr'>se</span> <span class='ocrx_word' id='word_1_408' title='bbox 292 2855 644 2906; x_wconf 60' lang='lat' dir='ltr'>concupiscentiam,</span> <span class='ocrx_word' id='word_1_409' title='bbox 668 2855 996 2907; x_wconf 80' lang='lat' dir='ltr'>distinguendam3</span> <span class='ocrx_word' id='word_1_410' title='bbox 1033 2855 1192 2894; x_wconf 87' lang='lat' dir='ltr'>alteram</span> <span class='ocrx_word' id='word_1_411' title='bbox 1211 2886 1222 2904; x_wconf 86' lang='lat'>,</span> <span class='ocrx_word' id='word_1_412' title='bbox 1251 2871 1346 2908; x_wconf 82' lang='lat' dir='ltr'>quae-</span> 
     </span>
    </p>
   </div>
   <div class='ocr_carea' id='block_1_6' title="bbox 229 2903 1342 3337">
    <p class='ocr_par' dir='ltr' id='par_1_9' title="bbox 229 2903 1342 3337">
     <span class='ocr_line' id='line_1_55' title="bbox 229 2903 1338 2961; baseline 0.01 -23"><span class='ocrx_word' id='word_1_413' title='bbox 229 2903 385 2955; x_wconf 80' lang='lat' dir='ltr'>insurgit</span> <span class='ocrx_word' id='word_1_414' title='bbox 413 2909 595 2960; x_wconf 82' lang='lat' dir='ltr'>quidem,</span> <span class='ocrx_word' id='word_1_415' title='bbox 641 2909 706 2947; x_wconf 88' lang='lat' dir='ltr'>sed</span> <span class='ocrx_word' id='word_1_416' title='bbox 735 2924 760 2948; x_wconf 31' lang='lat' dir='ltr'>a*</span> <span class='ocrx_word' id='word_1_417' title='bbox 784 2910 928 2947; x_wconf 83' lang='lat' dir='ltr'>ratione</span> <span class='ocrx_word' id='word_1_418' title='bbox 957 2909 1157 2952; x_wconf 70' lang='lat' dir='ltr'>refiraenari</span> <span class='ocrx_word' id='word_1_419' title='bbox 1199 2918 1338 2961; x_wconf 80' lang='lat' dir='ltr'>potest3</span> 
     </span>
     <span class='ocr_line' id='line_1_56' title="bbox 231 2955 1337 3016; baseline 0.008 -24"><span class='ocrx_word' id='word_1_420' title='bbox 231 2955 267 2991; x_wconf 72' lang='lat'>8&lt;</span> <span class='ocrx_word' id='word_1_421' title='bbox 295 2955 379 2996; x_wconf 84' lang='lat' dir='ltr'>haee</span> <span class='ocrx_word' id='word_1_422' title='bbox 408 2962 534 3000; x_wconf 81' lang='lat' dir='ltr'>suisset</span> <span class='ocrx_word' id='word_1_423' title='bbox 576 2964 616 3000; x_wconf 90' lang='lat' dir='ltr'>in</span> <span class='ocrx_word' id='word_1_424' title='bbox 646 2972 740 3001; x_wconf 84' lang='lat' dir='ltr'>statu</span> <span class='ocrx_word' id='word_1_425' title='bbox 781 2972 931 3001; x_wconf 85' lang='lat' dir='ltr'>naturae</span> <span class='ocrx_word' id='word_1_426' title='bbox 969 2977 1103 3016; x_wconf 82' lang='lat' dir='ltr'>purae3</span> <span class='ocrx_word' id='word_1_427' title='bbox 1150 2963 1337 3012; x_wconf 86' lang='lat' dir='ltr'>alteram,</span> 
     </span>
     <span class='ocr_line' id='line_1_57' title="bbox 231 3014 1339 3063; baseline 0.011 -19"><span class='ocrx_word' id='word_1_428' title='bbox 231 3022 321 3060; x_wconf 80' lang='lat' dir='ltr'>quae</span> <span class='ocrx_word' id='word_1_429' title='bbox 352 3014 504 3052; x_wconf 83' lang='lat' dir='ltr'>rationis</span> <span class='ocrx_word' id='word_1_430' title='bbox 532 3016 709 3057; x_wconf 69' lang='lat' dir='ltr'>fraenum,</span> <span class='ocrx_word' id='word_1_431' title='bbox 732 3030 806 3055; x_wconf 90' lang='lat' dir='ltr'>non</span> <span class='ocrx_word' id='word_1_432' title='bbox 837 3017 996 3063; x_wconf 79' lang='lat' dir='ltr'>tolerat3</span> <span class='ocrx_word' id='word_1_433' title='bbox 1026 3016 1060 3053; x_wconf 75' lang='grc'>8(</span> <span class='ocrx_word' id='word_1_434' title='bbox 1079 3031 1171 3056; x_wconf 84' lang='lat' dir='ltr'>cum</span> <span class='ocrx_word' id='word_1_435' title='bbox 1188 3016 1273 3056; x_wconf 82' lang='lat' dir='ltr'>haec</span> <span class='ocrx_word' id='word_1_436' title='bbox 1293 3019 1339 3056; x_wconf 87' lang='lat' dir='ltr'>sit</span> 
     </span>
     <span class='ocr_line' id='line_1_58' title="bbox 233 3069 1339 3120; baseline 0.012 -23"><span class='ocrx_word' id='word_1_437' title='bbox 233 3072 363 3099; x_wconf 81' lang='lat' dir='ltr'>contra</span> <span class='ocrx_word' id='word_1_438' title='bbox 392 3075 560 3106; x_wconf 83' lang='lat' dir='ltr'>naturam</span> <span class='ocrx_word' id='word_1_439' title='bbox 589 3069 756 3109; x_wconf 80' lang='lat' dir='ltr'>hominis</span> <span class='ocrx_word' id='word_1_440' title='bbox 785 3079 825 3108; x_wconf 85' lang='lat' dir='ltr'>ut</span> <span class='ocrx_word' id='word_1_441' title='bbox 854 3070 1056 3109; x_wconf 81' lang='lat' dir='ltr'>rationalis</span> <span class='ocrx_word' id='word_1_442' title='bbox 1079 3081 1158 3120; x_wconf 91' lang='lat' dir='ltr'>est,</span> <span class='ocrx_word' id='word_1_443' title='bbox 1195 3085 1271 3110; x_wconf 88' lang='lat' dir='ltr'>non</span> <span class='ocrx_word' id='word_1_444' title='bbox 1299 3085 1339 3110; x_wconf 90' lang='lat' dir='ltr'>o-</span> 
     </span>
     <span class='ocr_line' id='line_1_59' title="bbox 235 3117 1341 3178; baseline 0.012 -27"><span class='ocrx_word' id='word_1_445' title='bbox 235 3117 332 3153; x_wconf 71' lang='lat' dir='ltr'>ritur</span> <span class='ocrx_word' id='word_1_446' title='bbox 361 3130 408 3155; x_wconf 70' lang='lat' dir='ltr'>ex</span> <span class='ocrx_word' id='word_1_447' title='bbox 435 3121 672 3160; x_wconf 82' lang='lat' dir='ltr'>naturalibus</span> <span class='ocrx_word' id='word_1_448' title='bbox 702 3124 784 3176; x_wconf 78' lang='lat' dir='ltr'>ejus</span> <span class='ocrx_word' id='word_1_449' title='bbox 811 3126 1040 3177; x_wconf 77' lang='lat' dir='ltr'>principiis,</span> <span class='ocrx_word' id='word_1_450' title='bbox 1088 3125 1152 3163; x_wconf 88' lang='lat' dir='ltr'>sed</span> <span class='ocrx_word' id='word_1_451' title='bbox 1180 3138 1229 3166; x_wconf 73' lang='lat' dir='ltr'>ex,</span> <span class='ocrx_word' id='word_1_452' title='bbox 1254 3139 1341 3178; x_wconf 86' lang='lat' dir='ltr'>pec-</span> 
     </span>
     <span class='ocr_line' id='line_1_60' title="bbox 235 3170 1342 3230; baseline 0.009 -23"><span class='ocrx_word' id='word_1_453' title='bbox 235 3178 345 3207; x_wconf 82' lang='lat' dir='ltr'>cato.</span> <span class='ocrx_word' id='word_1_454' title='bbox 381 3170 463 3207; x_wconf 68' lang='lat' dir='ltr'>Iino</span> <span class='ocrx_word' id='word_1_455' title='bbox 492 3171 684 3213; x_wconf 79' lang='lat' dir='ltr'>Lemosius</span> <span class='ocrx_word' id='word_1_456' title='bbox 713 3191 782 3228; x_wconf 86' lang='lat' dir='ltr'>pro</span> <span class='ocrx_word' id='word_1_457' title='bbox 810 3180 988 3216; x_wconf 82' lang='lat' dir='ltr'>acumine</span> <span class='ocrx_word' id='word_1_458' title='bbox 1018 3180 1079 3218; x_wconf 84' lang='lat' dir='ltr'>sui</span> <span class='ocrx_word' id='word_1_459' title='bbox 1105 3181 1251 3230; x_wconf 34' lang='lat' dir='ltr'>ingenii:</span> <span class='ocrx_word' id='word_1_460' title='bbox 1276 3180 1342 3217; x_wconf 90' lang='lat' dir='ltr'>tri-</span> 
     </span>
     <span class='ocr_line' id='line_1_61' title="bbox 236 3222 1342 3280; baseline 0.009 -21"><span class='ocrx_word' id='word_1_461' title='bbox 236 3222 380 3274; x_wconf 79' lang='lat' dir='ltr'>plicem</span> <span class='ocrx_word' id='word_1_462' title='bbox 408 3223 635 3275; x_wconf 82' lang='lat' dir='ltr'>distinguens</span> <span class='ocrx_word' id='word_1_463' title='bbox 665 3228 829 3268; x_wconf 76' lang='lat' dir='ltr'>hominis</span> <span class='ocrx_word' id='word_1_464' title='bbox 857 3241 1024 3280; x_wconf 64' lang='lat' dir='ltr'>statum,</span> <span class='ocrx_word' id='word_1_465' title='bbox 1060 3231 1205 3271; x_wconf 84' lang='lat' dir='ltr'>scilicet</span> <span class='ocrx_word' id='word_1_466' title='bbox 1233 3241 1342 3271; x_wconf 83' lang='lat' dir='ltr'>natu-</span> 
     </span>
     <span class='ocr_line' id='line_1_62' title="bbox 235 3283 1342 3337; baseline 0.012 -23"><span class='ocrx_word' id='word_1_467' title='bbox 235 3288 290 3317; x_wconf 72' lang='lat' dir='ltr'>:ae</span> <span class='ocrx_word' id='word_1_468' title='bbox 319 3290 429 3333; x_wconf 61' lang='lat' dir='ltr'>gurae</span> <span class='ocrx_word' id='word_1_469' title='bbox 447 3306 467 3327; x_wconf 13' lang='lat' dir='ltr'>‚t</span> <span class='ocrx_word' id='word_1_470' title='bbox 502 3286 648 3319; x_wconf 72' lang='lat' dir='ltr'>natura:</span> <span class='ocrx_word' id='word_1_471' title='bbox 677 3283 831 3337; x_wconf 72' lang='lat' dir='ltr'>integrae</span> <span class='ocrx_word' id='word_1_472' title='bbox 848 3314 861 3333; x_wconf 86' lang='lat'>,</span> <span class='ocrx_word' id='word_1_473' title='bbox 907 3286 971 3324; x_wconf 83' lang='lat' dir='ltr'>sed</span> <span class='ocrx_word' id='word_1_474' title='bbox 998 3288 1079 3325; x_wconf 81' lang='lat' dir='ltr'>sine</span> <span class='ocrx_word' id='word_1_475' title='bbox 1113 3286 1233 3337; x_wconf 75' lang='lat' dir='ltr'>gratia</span> <span class='ocrx_word' id='word_1_476' title='bbox 1259 3299 1342 3327; x_wconf 78' lang='lat' dir='ltr'>san.-</span> 
     </span>
    </p>
   </div>
   <div class='ocr_carea' id='block_1_7' title="bbox 1345 61 1943 108">
    <p class='ocr_par' dir='ltr' id='par_1_10' title="bbox 1345 61 1943 108">
     <span class='ocr_line' id='line_1_63' title="bbox 1345 61 1943 108; baseline 0.005 -5"><span class='ocrx_word' id='word_1_477' title='bbox 1345 61 1512 104; x_wconf 69' lang='lat' dir='ltr'><strong>SECT.</strong></span> <span class='ocrx_word' id='word_1_478' title='bbox 1545 63 1624 104; x_wconf 84' lang='lat'>111.</span> <span class='ocrx_word' id='word_1_479' title='bbox 1659 64 1786 106; x_wconf 85' lang='lat' dir='ltr'><strong>CAP.</strong></span> <span class='ocrx_word' id='word_1_480' title='bbox 1824 65 1943 108; x_wconf 83' lang='lat' dir='ltr'>V111.</span> 
     </span>
    </p>
   </div>
   <div class='ocr_carea' id='block_1_8' title="bbox 1405 139 2535 3376">
    <p class='ocr_par' dir='ltr' id='par_1_11' title="bbox 1407 139 2525 1031">
     <span class='ocr_line' id='line_1_64' title="bbox 1409 139 2519 196; baseline 0.008 -18"><span class='ocrx_word' id='word_1_481' title='bbox 1409 139 1596 178; x_wconf 80' lang='lat' dir='ltr'>ctificante</span> <span class='ocrx_word' id='word_1_482' title='bbox 1641 142 1901 192; x_wconf 61' lang='lat' dir='ltr'>(cuiusmodi</span> <span class='ocrx_word' id='word_1_483' title='bbox 1941 159 1964 182; x_wconf 80' lang='lat' dir='ltr'>a</span> <span class='ocrx_word' id='word_1_484' title='bbox 1993 144 2176 196; x_wconf 81' lang='lat' dir='ltr'>Magistro</span> <span class='ocrx_word' id='word_1_485' title='bbox 2217 146 2519 196; x_wconf 81' lang='lat' dir='ltr'>sententiarum„</span> 
     </span>
     <span class='ocr_line' id='line_1_65' title="bbox 1412 192 2518 247; baseline 0.009 -19"><span class='ocrx_word' id='word_1_486' title='bbox 1412 192 1445 228; x_wconf 74' lang='grc' dir='ltr'>δι</span> <span class='ocrx_word' id='word_1_487' title='bbox 1475 192 1563 230; x_wconf 85' lang='lat' dir='ltr'>aliis</span> <span class='ocrx_word' id='word_1_488' title='bbox 1588 193 1821 244; x_wconf 83' lang='lat' dir='ltr'>quibusdam</span> <span class='ocrx_word' id='word_1_489' title='bbox 1848 198 2030 236; x_wconf 85' lang='lat' dir='ltr'>admissus</span> <span class='ocrx_word' id='word_1_490' title='bbox 2059 200 2131 236; x_wconf 85' lang='lat' dir='ltr'>fuit</span> <span class='ocrx_word' id='word_1_491' title='bbox 2154 200 2196 247; x_wconf 88' lang='lat'>)‚</span> <span class='ocrx_word' id='word_1_492' title='bbox 2226 199 2258 235; x_wconf 71' lang='lat'>8&lt;</span> <span class='ocrx_word' id='word_1_493' title='bbox 2289 207 2435 236; x_wconf 84' lang='lat' dir='ltr'>naturae</span> <span class='ocrx_word' id='word_1_494' title='bbox 2462 201 2518 238; x_wconf 87' lang='lat' dir='ltr'>la-</span> 
     </span>
     <span class='ocr_line' id='line_1_66' title="bbox 1409 247 2518 298; baseline 0.007 -15"><span class='ocrx_word' id='word_1_495' title='bbox 1409 259 1513 298; x_wconf 83' lang='lat' dir='ltr'>psae,</span> <span class='ocrx_word' id='word_1_496' title='bbox 1543 247 1583 283; x_wconf 90' lang='lat' dir='ltr'>iu</span> <span class='ocrx_word' id='word_1_497' title='bbox 1604 259 1679 298; x_wconf 88' lang='lat' dir='ltr'>quo</span> <span class='ocrx_word' id='word_1_498' title='bbox 1692 259 1935 297; x_wconf 85' lang='lat' dir='ltr'>nossumus,</span> <span class='ocrx_word' id='word_1_499' title='bbox 1965 250 2036 289; x_wconf 84' lang='lat' dir='ltr'>hoc</span> <span class='ocrx_word' id='word_1_500' title='bbox 2067 254 2160 290; x_wconf 87' lang='lat' dir='ltr'>inter</span> <span class='ocrx_word' id='word_1_501' title='bbox 2187 265 2318 290; x_wconf 89' lang='lat' dir='ltr'>omnes</span> <span class='ocrx_word' id='word_1_502' title='bbox 2347 261 2419 291; x_wconf 86' lang='lat' dir='ltr'>tres</span> <span class='ocrx_word' id='word_1_503' title='bbox 2448 262 2518 291; x_wconf 82' lang='lat' dir='ltr'>sta-</span> 
     </span>
     <span class='ocr_line' id='line_1_67' title="bbox 1413 299 2523 354; baseline 0.006 -18"><span class='ocrx_word' id='word_1_504' title='bbox 1413 309 1475 336; x_wconf 83' lang='lat' dir='ltr'>tus.</span> <span class='ocrx_word' id='word_1_505' title='bbox 1498 299 1703 337; x_wconf 84' lang='lat' dir='ltr'>discrimen</span> <span class='ocrx_word' id='word_1_506' title='bbox 1734 303 1865 351; x_wconf 89' lang='lat' dir='ltr'>ponit,</span> <span class='ocrx_word' id='word_1_507' title='bbox 1911 305 2012 354; x_wconf 87' lang='lat' dir='ltr'>quod</span> <span class='ocrx_word' id='word_1_508' title='bbox 2041 305 2154 343; x_wconf 84' lang='lat' dir='ltr'>homo</span> <span class='ocrx_word' id='word_1_509' title='bbox 2182 307 2220 343; x_wconf 91' lang='lat' dir='ltr'>in</span> <span class='ocrx_word' id='word_1_510' title='bbox 2248 315 2343 344; x_wconf 87' lang='lat' dir='ltr'>statu</span> <span class='ocrx_word' id='word_1_511' title='bbox 2373 314 2523 344; x_wconf 58' lang='lat' dir='ltr'>naturae</span> 
     </span>
     <span class='ocr_line' id='line_1_68' title="bbox 1411 351 2520 411; baseline 0.006 -21"><span class='ocrx_word' id='word_1_512' title='bbox 1411 354 1564 403; x_wconf 75' lang='lat' dir='ltr'>integrae</span> <span class='ocrx_word' id='word_1_513' title='bbox 1594 351 1712 391; x_wconf 84' lang='lat' dir='ltr'>talem</span> <span class='ocrx_word' id='word_1_514' title='bbox 1739 353 1894 391; x_wconf 86' lang='lat' dir='ltr'>haberet</span> <span class='ocrx_word' id='word_1_515' title='bbox 1921 357 2088 407; x_wconf 86' lang='lat' dir='ltr'>vigorem</span> <span class='ocrx_word' id='word_1_516' title='bbox 2119 371 2187 410; x_wconf 85' lang='lat' dir='ltr'>per</span> <span class='ocrx_word' id='word_1_517' title='bbox 2206 359 2428 411; x_wconf 79' lang='lat' dir='ltr'>originalem</span> <span class='ocrx_word' id='word_1_518' title='bbox 2460 359 2520 410; x_wconf 88' lang='lat' dir='ltr'>ju-</span> 
     </span>
     <span class='ocr_line' id='line_1_69' title="bbox 1410 407 2518 464; baseline 0.006 -20"><span class='ocrx_word' id='word_1_519' title='bbox 1410 407 1548 444; x_wconf 83' lang='lat' dir='ltr'>stitiam</span> <span class='ocrx_word' id='word_1_520' title='bbox 1566 435 1576 453; x_wconf 86' lang='lat'>,</span> <span class='ocrx_word' id='word_1_521' title='bbox 1608 415 1647 442; x_wconf 91' lang='lat' dir='ltr'>ut</span> <span class='ocrx_word' id='word_1_522' title='bbox 1677 420 1744 443; x_wconf 85' lang='lat' dir='ltr'>nec</span> <span class='ocrx_word' id='word_1_523' title='bbox 1774 408 2025 457; x_wconf 78' lang='lat' dir='ltr'>ignorantiam</span> <span class='ocrx_word' id='word_1_524' title='bbox 2053 412 2456 464; x_wconf 74' lang='lat' dir='ltr'>pravae-dispositioiiis</span> <span class='ocrx_word' id='word_1_525' title='bbox 2478 414 2518 450; x_wconf 84' lang='lat' dir='ltr'>in</span> 
     </span>
     <span class='ocr_line' id='line_1_70' title="bbox 1410 458 2518 518; baseline 0.005 -20"><span class='ocrx_word' id='word_1_526' title='bbox 1410 458 1632 507; x_wconf 84' lang='lat' dir='ltr'>intellectu,</span> <span class='ocrx_word' id='word_1_527' title='bbox 1663 473 1735 497; x_wconf 82' lang='lat' dir='ltr'>nec</span> <span class='ocrx_word' id='word_1_528' title='bbox 1763 459 1947 498; x_wconf 85' lang='lat' dir='ltr'>malitiam</span> <span class='ocrx_word' id='word_1_529' title='bbox 1979 463 2017 498; x_wconf 85' lang='lat' dir='ltr'>in</span> <span class='ocrx_word' id='word_1_530' title='bbox 2038 462 2225 500; x_wconf 83' lang='lat' dir='ltr'>voluntate</span> <span class='ocrx_word' id='word_1_531' title='bbox 2243 493 2258 511; x_wconf 77' lang='grc'>,,</span> <span class='ocrx_word' id='word_1_532' title='bbox 2282 480 2355 503; x_wconf 85' lang='lat' dir='ltr'>nec·</span> <span class='ocrx_word' id='word_1_533' title='bbox 2370 466 2518 518; x_wconf 81' lang='lat' dir='ltr'>aliquid</span> 
     </span>
     <span class='ocr_line' id='line_1_71' title="bbox 1411 513 2519 567; baseline 0.004 -17"><span class='ocrx_word' id='word_1_534' title='bbox 1411 515 1448 551; x_wconf 87' lang='lat' dir='ltr'>in</span> <span class='ocrx_word' id='word_1_535' title='bbox 1478 514 1649 565; x_wconf 86' lang='lat' dir='ltr'>appetitu</span> <span class='ocrx_word' id='word_1_536' title='bbox 1679 513 1850 551; x_wconf 86' lang='lat' dir='ltr'>inferiori</span> <span class='ocrx_word' id='word_1_537' title='bbox 1880 515 2054 561; x_wconf 83' lang='lat' dir='ltr'>sentiret,</span> <span class='ocrx_word' id='word_1_538' title='bbox 2084 516 2187 567; x_wconf 81' lang='lat' dir='ltr'>quod</span> <span class='ocrx_word' id='word_1_539' title='bbox 2201 515 2260 553; x_wconf 87' lang='lat' dir='ltr'>vel</span> <span class='ocrx_word' id='word_1_540' title='bbox 2278 527 2427 567; x_wconf 75' lang='lat' dir='ltr'>contra,</span> <span class='ocrx_word' id='word_1_541' title='bbox 2458 517 2519 557; x_wconf 84' lang='lat' dir='ltr'>vel</span> 
     </span>
     <span class='ocr_line' id='line_1_72' title="bbox 1410 567 2523 622; baseline 0.005 -19"><span class='ocrx_word' id='word_1_542' title='bbox 1410 576 1548 619; x_wconf 82' lang='lat' dir='ltr'>praeter</span> <span class='ocrx_word' id='word_1_543' title='bbox 1577 567 1759 604; x_wconf 84' lang='lat' dir='ltr'>rationem</span> <span class='ocrx_word' id='word_1_544' title='bbox 1789 575 1905 604; x_wconf 79' lang='lat' dir='ltr'>esset:</span> <span class='ocrx_word' id='word_1_545' title='bbox 1951 569 1989 605; x_wconf 83' lang='lat' dir='ltr'>in</span> <span class='ocrx_word' id='word_1_546' title='bbox 2018 576 2114 606; x_wconf 83' lang='lat' dir='ltr'>statu</span> <span class='ocrx_word' id='word_1_547' title='bbox 2144 576 2290 606; x_wconf 79' lang='lat' dir='ltr'>naturae</span> <span class='ocrx_word' id='word_1_548' title='bbox 2330 581 2523 622; x_wconf 58' lang='lat' dir='ltr'>corruptas</span> 
     </span>
     <span class='ocr_line' id='line_1_73' title="bbox 1409 620 2525 673; baseline 0.004 -16"><span class='ocrx_word' id='word_1_549' title='bbox 1409 620 1497 659; x_wconf 79' lang='lat' dir='ltr'>haec·</span> <span class='ocrx_word' id='word_1_550' title='bbox 1521 621 1653 660; x_wconf 84' lang='lat' dir='ltr'>omnia</span> <span class='ocrx_word' id='word_1_551' title='bbox 1681 622 1900 673; x_wconf 79' lang='lat' dir='ltr'>experimur</span> <span class='ocrx_word' id='word_1_552' title='bbox 1917 650 1927 668; x_wconf 91' lang='lat'>,</span> <span class='ocrx_word' id='word_1_553' title='bbox 1959 629 1997 657; x_wconf 91' lang='lat' dir='ltr'>ut</span> <span class='ocrx_word' id='word_1_554' title='bbox 2025 620 2186 660; x_wconf 89' lang='lat' dir='ltr'>vulnera</span> <span class='ocrx_word' id='word_1_555' title='bbox 2214 635 2258 658; x_wconf 88' lang='lat' dir='ltr'>ex</span> <span class='ocrx_word' id='word_1_556' title='bbox 2281 631 2439 673; x_wconf 56' lang='lat' dir='ltr'>peccato&gt;</span> <span class='ocrx_word' id='word_1_557' title='bbox 2462 624 2525 662; x_wconf 67' lang='grc' dir='ltr'><strong>ἰπὶ--</strong></span> 
     </span>
     <span class='ocr_line' id='line_1_74' title="bbox 1408 673 2525 726; baseline 0.003 -16"><span class='ocrx_word' id='word_1_558' title='bbox 1408 673 1536 712; x_wconf 84' lang='lat' dir='ltr'>flicta:</span> <span class='ocrx_word' id='word_1_559' title='bbox 1570 682 1683 711; x_wconf 83' lang='lat' dir='ltr'>status</span> <span class='ocrx_word' id='word_1_560' title='bbox 1712 682 1838 711; x_wconf 76' lang='lat' dir='ltr'>autem</span> <span class='ocrx_word' id='word_1_561' title='bbox 1868 682 2017 712; x_wconf 82' lang='lat' dir='ltr'>naturae·</span> <span class='ocrx_word' id='word_1_562' title='bbox 2045 687 2154 725; x_wconf 86' lang='lat' dir='ltr'>purae</span> <span class='ocrx_word' id='word_1_563' title='bbox 2183 684 2273 712; x_wconf 88' lang='lat' dir='ltr'>esset</span> <span class='ocrx_word' id='word_1_564' title='bbox 2302 676 2408 726; x_wconf 80' lang='lat' dir='ltr'>quasi</span> <span class='ocrx_word' id='word_1_565' title='bbox 2438 689 2525 713; x_wconf 75' lang='lat' dir='ltr'>nie--</span> 
     </span>
     <span class='ocr_line' id='line_1_75' title="bbox 1407 727 2518 781; baseline 0.004 -18"><span class='ocrx_word' id='word_1_566' title='bbox 1407 728 1494 764; x_wconf 86' lang='lat' dir='ltr'>dius</span> <span class='ocrx_word' id='word_1_567' title='bbox 1523 727 1618 764; x_wconf 88' lang='lat' dir='ltr'>inter</span> <span class='ocrx_word' id='word_1_568' title='bbox 1650 737 1877 779; x_wconf 84' lang='lat' dir='ltr'>utrumque3</span> <span class='ocrx_word' id='word_1_569' title='bbox 1921 737 1960 764; x_wconf 88' lang='lat' dir='ltr'>ut</span> <span class='ocrx_word' id='word_1_570' title='bbox 1990 737 2111 765; x_wconf 84' lang='lat' dir='ltr'>motus</span> <span class='ocrx_word' id='word_1_571' title='bbox 2149 728 2309 780; x_wconf 83' lang='lat' dir='ltr'>quidem</span> <span class='ocrx_word' id='word_1_572' title='bbox 2336 730 2518 781; x_wconf 86' lang='lat' dir='ltr'>concupi-</span> 
     </span>
     <span class='ocr_line' id='line_1_76' title="bbox 1407 781 2524 832; baseline 0.003 -15"><span class='ocrx_word' id='word_1_573' title='bbox 1407 781 1561 818; x_wconf 81' lang='lat' dir='ltr'>scentiae</span> <span class='ocrx_word' id='word_1_574' title='bbox 1593 781 1825 832; x_wconf 77' lang='lat' dir='ltr'>insurgerent</span> <span class='ocrx_word' id='word_1_575' title='bbox 1854 790 1995 832; x_wconf 70' lang='lat' dir='ltr'>praeter</span> <span class='ocrx_word' id='word_1_576' title='bbox 2022 785 2250 829; x_wconf 81' lang='lat' dir='ltr'>rationem,</span> <span class='ocrx_word' id='word_1_577' title='bbox 2279 795 2343 818; x_wconf 88' lang='lat' dir='ltr'>seu</span> <span class='ocrx_word' id='word_1_578' title='bbox 2374 783 2524 820; x_wconf 60' lang='lat' dir='ltr'>ratione&gt;</span> 
     </span>
     <span class='ocr_line' id='line_1_77' title="bbox 1408 834 2517 880; baseline 0.002 -10"><span class='ocrx_word' id='word_1_579' title='bbox 1408 834 1567 871; x_wconf 83' lang='lat' dir='ltr'>minime</span> <span class='ocrx_word' id='word_1_580' title='bbox 1596 834 1836 879; x_wconf 82' lang='lat' dir='ltr'>advertente3</span> <span class='ocrx_word' id='word_1_581' title='bbox 1879 844 1944 872; x_wconf 86' lang='lat' dir='ltr'>aut</span> <span class='ocrx_word' id='word_1_582' title='bbox 1972 836 2088 873; x_wconf 82' lang='lat' dir='ltr'>etiam</span> <span class='ocrx_word' id='word_1_583' title='bbox 2116 843 2258 872; x_wconf 77' lang='lat' dir='ltr'>contra.</span> <span class='ocrx_word' id='word_1_584' title='bbox 2287 838 2517 880; x_wconf 68' lang='lat' dir='ltr'>rationem5</span> 
     </span>
     <span class='ocr_line' id='line_1_78' title="bbox 1409 887 2518 940; baseline 0.003 -17"><span class='ocrx_word' id='word_1_585' title='bbox 1409 887 1459 923; x_wconf 87' lang='lat' dir='ltr'>ita</span> <span class='ocrx_word' id='word_1_586' title='bbox 1489 896 1639 934; x_wconf 77' lang='lat' dir='ltr'>tamen,</span> <span class='ocrx_word' id='word_1_587' title='bbox 1684 897 1723 925; x_wconf 92' lang='lat' dir='ltr'>ut</span> <span class='ocrx_word' id='word_1_588' title='bbox 1754 889 1848 926; x_wconf 89' lang='lat' dir='ltr'>ratio</span> <span class='ocrx_word' id='word_1_589' title='bbox 1877 889 1958 940; x_wconf 84' lang='lat' dir='ltr'>ipsa</span> <span class='ocrx_word' id='word_1_590' title='bbox 1987 897 2107 939; x_wconf 87' lang='lat' dir='ltr'>posset</span> <span class='ocrx_word' id='word_1_591' title='bbox 2135 887 2221 926; x_wconf 84' lang='lat' dir='ltr'>illos</span> <span class='ocrx_word' id='word_1_592' title='bbox 2251 901 2518 939; x_wconf 81' lang='lat' dir='ltr'>compescere.</span> 
     </span>
     <span class='ocr_line' id='line_1_79' title="bbox 1409 938 2519 990; baseline 0.005 -15"><span class='ocrx_word' id='word_1_593' title='bbox 1409 938 1464 975; x_wconf 85' lang='lat' dir='ltr'>Et</span> <span class='ocrx_word' id='word_1_594' title='bbox 1495 943 1572 977; x_wconf 60' lang='lat' dir='ltr'>istit</span> <span class='ocrx_word' id='word_1_595' title='bbox 1592 948 1649 976; x_wconf 77' lang='lat' dir='ltr'>est</span> <span class='ocrx_word' id='word_1_596' title='bbox 1666 970 1676 988; x_wconf 91' lang='lat'>,</span> <span class='ocrx_word' id='word_1_597' title='bbox 1706 941 1896 980; x_wconf 82' lang='lat' dir='ltr'>concludit</span> <span class='ocrx_word' id='word_1_598' title='bbox 1915 941 2112 980; x_wconf 85' lang='lat' dir='ltr'>Lemosius</span> <span class='ocrx_word' id='word_1_599' title='bbox 2128 971 2138 990; x_wconf 92' lang='lat'>,</span> <span class='ocrx_word' id='word_1_600' title='bbox 2168 945 2252 979; x_wconf 81' lang='lat' dir='ltr'>sine</span> <span class='ocrx_word' id='word_1_601' title='bbox 2272 940 2383 979; x_wconf 70' lang='lat' dir='ltr'>dubio</span> <span class='ocrx_word' id='word_1_602' title='bbox 2403 955 2519 980; x_wconf 79' lang='lat' dir='ltr'>mens</span> 
     </span>
     <span class='ocr_line' id='line_1_80' title="bbox 1410 991 1675 1031; baseline 0.008 -2"><span class='ocrx_word' id='word_1_603' title='bbox 1410 992 1453 1029; x_wconf 84' lang='lat' dir='ltr'>S.</span> <span class='ocrx_word' id='word_1_604' title='bbox 1487 991 1675 1031; x_wconf 76' lang='lat' dir='ltr'>leomoe.</span> 
     </span>
    </p>

    <p class='ocr_par' dir='ltr' id='par_1_12' title="bbox 1409 1044 2535 1629">
     <span class='ocr_line' id='line_1_81' title="bbox 1464 1044 2523 1101; baseline 0.003 -19"><span class='ocrx_word' id='word_1_605' title='bbox 1464 1044 1557 1082; x_wconf 61' lang='lat'><strong>5555.</strong></span> <span class='ocrx_word' id='word_1_606' title='bbox 1589 1045 1787 1098; x_wconf 77' lang='lat' dir='ltr'>Repugnat</span> <span class='ocrx_word' id='word_1_607' title='bbox 1822 1046 1912 1086; x_wconf 80' lang='lat' dir='ltr'>huic</span> <span class='ocrx_word' id='word_1_608' title='bbox 1953 1048 2136 1086; x_wconf 77' lang='lat' dir='ltr'>doctrinae</span> <span class='ocrx_word' id='word_1_609' title='bbox 2174 1047 2217 1086; x_wconf 91' lang='lat' dir='ltr'>P.</span> <span class='ocrx_word' id='word_1_610' title='bbox 2249 1048 2374 1100; x_wconf 88' lang='lat' dir='ltr'>Hyac.</span> <span class='ocrx_word' id='word_1_611' title='bbox 2403 1048 2523 1101; x_wconf 82' lang='lat' dir='ltr'>Serry</span> 
     </span>
     <span class='ocr_line' id='line_1_82' title="bbox 1409 1097 2522 1141; baseline 0.005 -6"><span class='ocrx_word' id='word_1_612' title='bbox 1409 1098 1449 1135; x_wconf 82' lang='lat' dir='ltr'>in</span> <span class='ocrx_word' id='word_1_613' title='bbox 1478 1097 1608 1135; x_wconf 83' lang='lat' dir='ltr'>Tract.</span> <span class='ocrx_word' id='word_1_614' title='bbox 1638 1098 1686 1135; x_wconf 78' lang='lat' dir='ltr'>(le</span> <span class='ocrx_word' id='word_1_615' title='bbox 1716 1103 1833 1136; x_wconf 62' lang='lat' dir='ltr'>variis</span> <span class='ocrx_word' id='word_1_616' title='bbox 1862 1099 2051 1140; x_wconf 77' lang='lat' dir='ltr'>lzumanae</span> <span class='ocrx_word' id='word_1_617' title='bbox 2081 1111 2240 1139; x_wconf 80' lang='lat' dir='ltr'>naturoe</span> <span class='ocrx_word' id='word_1_618' title='bbox 2269 1101 2433 1140; x_wconf 77' lang='lat' dir='ltr'>statibus</span> <span class='ocrx_word' id='word_1_619' title='bbox 2452 1103 2522 1141; x_wconf 81' lang='lat' dir='ltr'>Di-</span> 
     </span>
     <span class='ocr_line' id='line_1_83' title="bbox 1409 1150 2528 1207; baseline 0.005 -20"><span class='ocrx_word' id='word_1_620' title='bbox 1409 1159 1508 1202; x_wconf 88' lang='lat' dir='ltr'>sput.</span> <span class='ocrx_word' id='word_1_621' title='bbox 1540 1151 1568 1188; x_wconf 87' lang='lat' dir='ltr'>l.</span> <span class='ocrx_word' id='word_1_622' title='bbox 1598 1150 1770 1189; x_wconf 85' lang='lat' dir='ltr'>Praelect.</span> <span class='ocrx_word' id='word_1_623' title='bbox 1800 1152 1838 1197; x_wconf 75' lang='grc'>4.</span> <span class='ocrx_word' id='word_1_624' title='bbox 1881 1157 2130 1203; x_wconf 81' lang='lat' dir='ltr'>contendens,</span> <span class='ocrx_word' id='word_1_625' title='bbox 2177 1167 2333 1193; x_wconf 84' lang='lat' dir='ltr'>omnem</span> <span class='ocrx_word' id='word_1_626' title='bbox 2371 1168 2528 1207; x_wconf 75' lang='lat' dir='ltr'>prorsus</span> 
     </span>
     <span class='ocr_line' id='line_1_84' title="bbox 1411 1204 2522 1261; baseline 0.005 -20"><span class='ocrx_word' id='word_1_627' title='bbox 1411 1204 1760 1256; x_wconf 76' lang='lat' dir='ltr'>concupiscentiam</span> <span class='ocrx_word' id='word_1_628' title='bbox 1790 1219 1866 1246; x_wconf 81' lang='lat' dir='ltr'>esse</span> <span class='ocrx_word' id='word_1_629' title='bbox 1895 1220 1917 1242; x_wconf 84' lang='lat' dir='ltr'>a</span> <span class='ocrx_word' id='word_1_630' title='bbox 1946 1215 2039 1244; x_wconf 82' lang='lat' dir='ltr'>statu</span> <span class='ocrx_word' id='word_1_631' title='bbox 2083 1217 2225 1245; x_wconf 87' lang='lat' dir='ltr'>naturae</span> <span class='ocrx_word' id='word_1_632' title='bbox 2255 1221 2366 1261; x_wconf 81' lang='lat' dir='ltr'>purae</span> <span class='ocrx_word' id='word_1_633' title='bbox 2396 1209 2522 1247; x_wconf 81' lang='lat' dir='ltr'>elimi-</span> 
     </span>
     <span class='ocr_line' id='line_1_85' title="bbox 1411 1257 2523 1314; baseline 0.004 -19"><span class='ocrx_word' id='word_1_634' title='bbox 1411 1257 1605 1304; x_wconf 82' lang='lat' dir='ltr'>nandam3</span> <span class='ocrx_word' id='word_1_635' title='bbox 1652 1259 1745 1310; x_wconf 86' lang='lat' dir='ltr'>quia</span> <span class='ocrx_word' id='word_1_636' title='bbox 1772 1259 2081 1309; x_wconf 80' lang='lat' dir='ltr'>concupiscentia</span> <span class='ocrx_word' id='word_1_637' title='bbox 2124 1262 2237 1298; x_wconf 87' lang='lat' dir='ltr'>etiam</span> <span class='ocrx_word' id='word_1_638' title='bbox 2272 1262 2385 1310; x_wconf 86' lang='lat' dir='ltr'>talis,</span> <span class='ocrx_word' id='word_1_639' title='bbox 2432 1275 2523 1314; x_wconf 78' lang='lat' dir='ltr'>quae</span> 
     </span>
     <span class='ocr_line' id='line_1_86' title="bbox 1411 1311 2526 1364; baseline 0.004 -16"><span class='ocrx_word' id='word_1_640' title='bbox 1411 1312 1526 1363; x_wconf 87' lang='lat' dir='ltr'>possit</span> <span class='ocrx_word' id='word_1_641' title='bbox 1556 1326 1578 1349; x_wconf 84' lang='lat' dir='ltr'>a</span> <span class='ocrx_word' id='word_1_642' title='bbox 1607 1314 1750 1350; x_wconf 86' lang='lat' dir='ltr'>ratione</span> <span class='ocrx_word' id='word_1_643' title='bbox 1779 1312 1955 1359; x_wconf 87' lang='lat' dir='ltr'>domari,</span> <span class='ocrx_word' id='word_1_644' title='bbox 1986 1321 2036 1349; x_wconf 90' lang='lat' dir='ltr'>est</span> <span class='ocrx_word' id='word_1_645' title='bbox 2066 1326 2215 1364; x_wconf 81' lang='lat' dir='ltr'>semper</span> <span class='ocrx_word' id='word_1_646' title='bbox 2244 1311 2371 1359; x_wconf 78' lang='lat' dir='ltr'>inala3</span> <span class='ocrx_word' id='word_1_647' title='bbox 2413 1316 2526 1353; x_wconf 79' lang='lat' dir='ltr'>sicuti</span> 
     </span>
     <span class='ocr_line' id='line_1_87' title="bbox 1411 1364 2532 1418; baseline 0.003 -16"><span class='ocrx_word' id='word_1_648' title='bbox 1411 1364 1571 1402; x_wconf 88' lang='lat' dir='ltr'>rebellio</span> <span class='ocrx_word' id='word_1_649' title='bbox 1599 1365 1739 1404; x_wconf 86' lang='lat' dir='ltr'>subditi</span> <span class='ocrx_word' id='word_1_650' title='bbox 1769 1375 1899 1403; x_wconf 83' lang='lat' dir='ltr'>contra</span> <span class='ocrx_word' id='word_1_651' title='bbox 1930 1364 2091 1418; x_wconf 78' lang='lat' dir='ltr'>Regem,</span> <span class='ocrx_word' id='word_1_652' title='bbox 2121 1365 2255 1404; x_wconf 81' lang='lat' dir='ltr'>militis</span> <span class='ocrx_word' id='word_1_653' title='bbox 2282 1374 2416 1405; x_wconf 82' lang='lat' dir='ltr'>contra</span> <span class='ocrx_word' id='word_1_654' title='bbox 2440 1367 2532 1405; x_wconf 85' lang='lat' dir='ltr'>Du·-</span> 
     </span>
     <span class='ocr_line' id='line_1_88' title="bbox 1410 1417 2528 1470; baseline 0.002 -14"><span class='ocrx_word' id='word_1_655' title='bbox 1410 1432 1493 1457; x_wconf 86' lang='lat' dir='ltr'>cem</span> <span class='ocrx_word' id='word_1_656' title='bbox 1512 1449 1521 1467; x_wconf 85' lang='lat'>,</span> <span class='ocrx_word' id='word_1_657' title='bbox 1554 1418 1587 1455; x_wconf 84' lang='lat'>&amp;</span> <span class='ocrx_word' id='word_1_658' title='bbox 1618 1419 1756 1457; x_wconf 82' lang='lat' dir='ltr'>famuli</span> <span class='ocrx_word' id='word_1_659' title='bbox 1786 1428 1917 1457; x_wconf 77' lang='lat' dir='ltr'>contra</span> <span class='ocrx_word' id='word_1_660' title='bbox 1937 1419 2150 1457; x_wconf 83' lang='lat' dir='ltr'>Dominum</span> <span class='ocrx_word' id='word_1_661' title='bbox 2180 1432 2328 1470; x_wconf 81' lang='lat' dir='ltr'>semper</span> <span class='ocrx_word' id='word_1_662' title='bbox 2348 1417 2452 1457; x_wconf 85' lang='lat' dir='ltr'>mala</span> <span class='ocrx_word' id='word_1_663' title='bbox 2472 1433 2528 1458; x_wconf 82' lang='lat' dir='ltr'>es-</span> 
     </span>
     <span class='ocr_line' id='line_1_89' title="bbox 1409 1471 2526 1523; baseline 0.002 -13"><span class='ocrx_word' id='word_1_664' title='bbox 1409 1481 1490 1519; x_wconf 83' lang='lat' dir='ltr'>set,</span> <span class='ocrx_word' id='word_1_665' title='bbox 1521 1473 1667 1510; x_wconf 85' lang='lat' dir='ltr'>etiamsi</span> <span class='ocrx_word' id='word_1_666' title='bbox 1696 1474 1735 1510; x_wconf 92' lang='lat' dir='ltr'>in</span> <span class='ocrx_word' id='word_1_667' title='bbox 1768 1471 1868 1523; x_wconf 84' lang='lat' dir='ltr'>Rege</span> <span class='ocrx_word' id='word_1_668' title='bbox 1886 1502 1895 1519; x_wconf 91' lang='lat'>,</span> <span class='ocrx_word' id='word_1_669' title='bbox 1927 1474 1964 1509; x_wconf 88' lang='lat' dir='ltr'>in</span> <span class='ocrx_word' id='word_1_670' title='bbox 1994 1472 2131 1520; x_wconf 89' lang='lat' dir='ltr'>Duce,</span> <span class='ocrx_word' id='word_1_671' title='bbox 2161 1473 2200 1509; x_wconf 90' lang='lat' dir='ltr'>in</span> <span class='ocrx_word' id='word_1_672' title='bbox 2229 1471 2396 1509; x_wconf 90' lang='lat' dir='ltr'>Domino</span> <span class='ocrx_word' id='word_1_673' title='bbox 2425 1481 2526 1511; x_wconf 82' lang='lat' dir='ltr'>tauta</span> 
     </span>
     <span class='ocr_line' id='line_1_90' title="bbox 1413 1523 2535 1576; baseline 0.003 -14"><span class='ocrx_word' id='word_1_674' title='bbox 1413 1535 1505 1563; x_wconf 85' lang='lat' dir='ltr'>esset</span> <span class='ocrx_word' id='word_1_675' title='bbox 1534 1526 1677 1565; x_wconf 83' lang='lat' dir='ltr'>virium</span> <span class='ocrx_word' id='word_1_676' title='bbox 1707 1527 1816 1576; x_wconf 88' lang='lat' dir='ltr'>copia</span> <span class='ocrx_word' id='word_1_677' title='bbox 1833 1555 1843 1572; x_wconf 88' lang='lat'>,</span> <span class='ocrx_word' id='word_1_678' title='bbox 1875 1533 1914 1562; x_wconf 88' lang='lat' dir='ltr'>ut</span> <span class='ocrx_word' id='word_1_679' title='bbox 1944 1524 2056 1563; x_wconf 86' lang='lat' dir='ltr'>facile</span> <span class='ocrx_word' id='word_1_680' title='bbox 2077 1533 2221 1576; x_wconf 88' lang='lat' dir='ltr'>possent</span> <span class='ocrx_word' id='word_1_681' title='bbox 2242 1523 2403 1563; x_wconf 83' lang='lat' dir='ltr'>rebelles</span> <span class='ocrx_word' id='word_1_682' title='bbox 2422 1538 2535 1565; x_wconf 21' lang='lat' dir='ltr'>com-x</span> 
     </span>
     <span class='ocr_line' id='line_1_91' title="bbox 1411 1578 2093 1629; baseline 0.001 -15"><span class='ocrx_word' id='word_1_683' title='bbox 1411 1578 1529 1629; x_wconf 88' lang='lat' dir='ltr'>primi</span> <span class='ocrx_word' id='word_1_684' title='bbox 1548 1604 1558 1614; x_wconf 65' lang='lat'>0</span> <span class='ocrx_word' id='word_1_685' title='bbox 2090 1579 2093 1580; x_wconf 45' lang='lat'><em>⁷</em></span> 
     </span>
    </p>

    <p class='ocr_par' dir='ltr' id='par_1_13' title="bbox 1405 1629 2534 2790">
     <span class='ocr_line' id='line_1_92' title="bbox 1465 1629 2526 1671; baseline 0.003 -3"><span class='ocrx_word' id='word_1_686' title='bbox 1465 1629 1557 1669; x_wconf 76' lang='lat'>586.</span> <span class='ocrx_word' id='word_1_687' title='bbox 1587 1630 1847 1669; x_wconf 80' lang='lat' dir='ltr'>Veruntamen</span> <span class='ocrx_word' id='word_1_688' title='bbox 1885 1630 2118 1671; x_wconf 77' lang='lat' dir='ltr'>clarissimus</span> <span class='ocrx_word' id='word_1_689' title='bbox 2148 1631 2216 1669; x_wconf 80' lang='lat' dir='ltr'>hic</span> <span class='ocrx_word' id='word_1_690' title='bbox 2240 1640 2375 1670; x_wconf 86' lang='lat' dir='ltr'>auctor·</span> <span class='ocrx_word' id='word_1_691' title='bbox 2412 1632 2526 1671; x_wconf 87' lang='lat' dir='ltr'>facile</span> 
     </span>
     <span class='ocr_line' id='line_1_93' title="bbox 1409 1684 2529 1736; baseline 0.004 -16"><span class='ocrx_word' id='word_1_692' title='bbox 1409 1684 1713 1725; x_wconf 84' lang='lat' dir='ltr'>animadvertere</span> <span class='ocrx_word' id='word_1_693' title='bbox 1742 1685 1954 1731; x_wconf 86' lang='lat' dir='ltr'>debuisset,</span> <span class='ocrx_word' id='word_1_694' title='bbox 1985 1685 2365 1735; x_wconf 85' lang='lat' dir='ltr'>concupiscentiam,</span> <span class='ocrx_word' id='word_1_695' title='bbox 2407 1699 2529 1736; x_wconf 84' lang='lat' dir='ltr'>quam</span> 
     </span>
     <span class='ocr_line' id='line_1_94' title="bbox 1409 1738 2532 1790; baseline 0.003 -16"><span class='ocrx_word' id='word_1_696' title='bbox 1409 1738 1652 1774; x_wconf 80' lang='lat' dir='ltr'>admittimus</span> <span class='ocrx_word' id='word_1_697' title='bbox 1678 1738 1718 1774; x_wconf 91' lang='lat' dir='ltr'>in</span> <span class='ocrx_word' id='word_1_698' title='bbox 1761 1747 1857 1775; x_wconf 81' lang='lat' dir='ltr'>statu</span> <span class='ocrx_word' id='word_1_699' title='bbox 1900 1746 2046 1774; x_wconf 85' lang='lat' dir='ltr'>naturae</span> <span class='ocrx_word' id='word_1_700' title='bbox 2078 1750 2212 1788; x_wconf 85' lang='lat' dir='ltr'>purae,</span> <span class='ocrx_word' id='word_1_701' title='bbox 2261 1751 2338 1775; x_wconf 90' lang='lat' dir='ltr'>esse</span> <span class='ocrx_word' id='word_1_702' title='bbox 2367 1738 2532 1790; x_wconf 70' lang='lat' dir='ltr'>quiderm</span> 
     </span>
     <span class='ocr_line' id='line_1_95' title="bbox 1409 1790 2525 1841; baseline 0.003 -15"><span class='ocrx_word' id='word_1_703' title='bbox 1409 1790 1552 1827; x_wconf 80' lang='lat' dir='ltr'>malam</span> <span class='ocrx_word' id='word_1_704' title='bbox 1569 1819 1580 1838; x_wconf 91' lang='lat'>,</span> <span class='ocrx_word' id='word_1_705' title='bbox 1629 1790 1702 1828; x_wconf 87' lang='lat' dir='ltr'>hoc</span> <span class='ocrx_word' id='word_1_706' title='bbox 1731 1799 1784 1827; x_wconf 87' lang='lat' dir='ltr'>est</span> <span class='ocrx_word' id='word_1_707' title='bbox 1812 1792 1977 1838; x_wconf 85' lang='lat' dir='ltr'>vitium,</span> <span class='ocrx_word' id='word_1_708' title='bbox 2025 1798 2089 1827; x_wconf 82' lang='lat' dir='ltr'>aut</span> <span class='ocrx_word' id='word_1_709' title='bbox 2117 1790 2314 1828; x_wconf 78' lang='lat' dir='ltr'>defectum.</span> <span class='ocrx_word' id='word_1_710' title='bbox 2352 1791 2495 1829; x_wconf 56' lang='lat' dir='ltr'>nat&#39;t&#39;irae</span> <span class='ocrx_word' id='word_1_711' title='bbox 2512 1822 2525 1841; x_wconf 91' lang='lat'>,</span> 
     </span>
     <span class='ocr_line' id='line_1_96' title="bbox 1408 1843 2525 1893; baseline 0.003 -14"><span class='ocrx_word' id='word_1_712' title='bbox 1408 1857 1484 1879; x_wconf 87' lang='lat' dir='ltr'>non</span> <span class='ocrx_word' id='word_1_713' title='bbox 1514 1852 1641 1881; x_wconf 81' lang='lat' dir='ltr'>autem</span> <span class='ocrx_word' id='word_1_714' title='bbox 1672 1844 1854 1893; x_wconf 75' lang='lat' dir='ltr'>culpam,</span> <span class='ocrx_word' id='word_1_715' title='bbox 1885 1844 1956 1882; x_wconf 87' lang='lat' dir='ltr'>nisi</span> <span class='ocrx_word' id='word_1_716' title='bbox 1987 1844 2090 1881; x_wconf 63' lang='lat' dir='ltr'>ratio¹</span> <span class='ocrx_word' id='word_1_717' title='bbox 2111 1843 2238 1881; x_wconf 81' lang='lat' dir='ltr'>officio</span> <span class='ocrx_word' id='word_1_718' title='bbox 2267 1856 2340 1882; x_wconf 90' lang='lat' dir='ltr'>suo-</span> <span class='ocrx_word' id='word_1_719' title='bbox 2361 1858 2437 1882; x_wconf 87' lang='lat' dir='ltr'>non</span> <span class='ocrx_word' id='word_1_720' title='bbox 2468 1858 2525 1882; x_wconf 89' lang='lat' dir='ltr'>re-</span> 
     </span>
     <span class='ocr_line' id='line_1_97' title="bbox 1411 1896 2534 1949; baseline 0.001 -16"><span class='ocrx_word' id='word_1_721' title='bbox 1411 1906 1467 1933; x_wconf 88' lang='lat' dir='ltr'>cte</span> <span class='ocrx_word' id='word_1_722' title='bbox 1497 1896 1659 1948; x_wconf 86' lang='lat' dir='ltr'>fungens</span> <span class='ocrx_word' id='word_1_723' title='bbox 1689 1898 1770 1949; x_wconf 87' lang='lat' dir='ltr'>ipsa</span> <span class='ocrx_word' id='word_1_724' title='bbox 1799 1898 2060 1935; x_wconf 80' lang='lat' dir='ltr'>consentiant.</span> <span class='ocrx_word' id='word_1_725' title='bbox 2089 1897 2266 1935; x_wconf 85' lang='lat' dir='ltr'>Ceterum</span> <span class='ocrx_word' id='word_1_726' title='bbox 2295 1897 2534 1937; x_wconf 57' lang='lat' dir='ltr'>&amp;Thomas</span> 
     </span>
     <span class='ocr_line' id='line_1_98' title="bbox 1408 1948 2524 2002; baseline 0.002 -15"><span class='ocrx_word' id='word_1_727' title='bbox 1408 1950 1438 1988; x_wconf 88' lang='grc' dir='ltr'>Ι.</span> <span class='ocrx_word' id='word_1_728' title='bbox 1469 1948 1509 1988; x_wconf 88' lang='lat' dir='ltr'>P.</span> <span class='ocrx_word' id='word_1_729' title='bbox 1539 1964 1606 2002; x_wconf 87' lang='lat' dir='ltr'>qu.</span> <span class='ocrx_word' id='word_1_730' title='bbox 1636 1949 1703 1988; x_wconf 83' lang='lat'>81.</span> <span class='ocrx_word' id='word_1_731' title='bbox 1748 1959 1818 1989; x_wconf 85' lang='lat' dir='ltr'>art.</span> <span class='ocrx_word' id='word_1_732' title='bbox 1852 1951 1889 1989; x_wconf 71' lang='lat'>5,</span> <span class='ocrx_word' id='word_1_733' title='bbox 1919 1951 1965 1989; x_wconf 89' lang='lat' dir='ltr'>ad</span> <span class='ocrx_word' id='word_1_734' title='bbox 1997 1964 2034 1989; x_wconf 81' lang='lat'>2.</span> <span class='ocrx_word' id='word_1_735' title='bbox 2078 1951 2214 1988; x_wconf 89' lang='lat' dir='ltr'>eodem.</span> <span class='ocrx_word' id='word_1_736' title='bbox 2239 1951 2358 1989; x_wconf 88' lang='lat' dir='ltr'>utitur</span> <span class='ocrx_word' id='word_1_737' title='bbox 2395 1965 2524 1990; x_wconf 88' lang='lat' dir='ltr'>exem-</span> 
     </span>
     <span class='ocr_line' id='line_1_99' title="bbox 1407 2002 2523 2056; baseline 0.003 -16"><span class='ocrx_word' id='word_1_738' title='bbox 1407 2002 1472 2055; x_wconf 92' lang='lat' dir='ltr'>plo</span> <span class='ocrx_word' id='word_1_739' title='bbox 1488 2029 1503 2052; x_wconf 87' lang='lat'>,-</span> <span class='ocrx_word' id='word_1_740' title='bbox 1529 2014 1568 2041; x_wconf 88' lang='lat' dir='ltr'>ut</span> <span class='ocrx_word' id='word_1_741' title='bbox 1597 2003 1794 2052; x_wconf 86' lang='lat' dir='ltr'>ostendat,</span> <span class='ocrx_word' id='word_1_742' title='bbox 1824 2003 1992 2042; x_wconf 85' lang='lat' dir='ltr'>absolute</span> <span class='ocrx_word' id='word_1_743' title='bbox 2007 2003 2095 2042; x_wconf 87' lang='lat' dir='ltr'>fieri</span> <span class='ocrx_word' id='word_1_744' title='bbox 2122 2017 2227 2056; x_wconf 83' lang='lat' dir='ltr'>posse</span> <span class='ocrx_word' id='word_1_745' title='bbox 2246 2034 2257 2052; x_wconf 95' lang='lat'>,</span> <span class='ocrx_word' id='word_1_746' title='bbox 2288 2014 2326 2042; x_wconf 91' lang='lat' dir='ltr'>ut</span> <span class='ocrx_word' id='word_1_747' title='bbox 2356 2018 2442 2056; x_wconf 85' lang='lat' dir='ltr'>pars</span> <span class='ocrx_word' id='word_1_748' title='bbox 2463 2006 2523 2043; x_wconf 88' lang='lat' dir='ltr'>in-</span> 
     </span>
     <span class='ocr_line' id='line_1_100' title="bbox 1405 2056 2523 2111; baseline 0.002 -17"><span class='ocrx_word' id='word_1_749' title='bbox 1405 2056 1524 2095; x_wconf 85' lang='lat' dir='ltr'>ferior</span> <span class='ocrx_word' id='word_1_750' title='bbox 1552 2066 1680 2096; x_wconf 76' lang='lat' dir='ltr'>contra</span> <span class='ocrx_word' id='word_1_751' title='bbox 1709 2059 1942 2109; x_wconf 87' lang='lat' dir='ltr'>superiorem</span> <span class='ocrx_word' id='word_1_752' title='bbox 1972 2058 2169 2108; x_wconf 73' lang='lat' dir='ltr'>insurgat,</span> <span class='ocrx_word' id='word_1_753' title='bbox 2207 2071 2433 2111; x_wconf 81' lang='lat' dir='ltr'>quanquam</span> <span class='ocrx_word' id='word_1_754' title='bbox 2461 2057 2523 2097; x_wconf 78' lang='lat' dir='ltr'>illi</span> 
     </span>
     <span class='ocr_line' id='line_1_101' title="bbox 1406 2109 2522 2161; baseline 0 -13"><span class='ocrx_word' id='word_1_755' title='bbox 1406 2109 1578 2161; x_wconf 82' lang='lat' dir='ltr'>subjecta</span> <span class='ocrx_word' id='word_1_756' title='bbox 1606 2124 1683 2148; x_wconf 89' lang='lat' dir='ltr'>esse</span> <span class='ocrx_word' id='word_1_757' title='bbox 1712 2111 1865 2148; x_wconf 85' lang='lat' dir='ltr'>deberet</span> <span class='ocrx_word' id='word_1_758' title='bbox 1884 2141 1894 2159; x_wconf 90' lang='lat'>,</span> <span class='ocrx_word' id='word_1_759' title='bbox 1924 2110 2155 2159; x_wconf 87' lang='lat' dir='ltr'>observans,</span> <span class='ocrx_word' id='word_1_760' title='bbox 2199 2113 2369 2149; x_wconf 81' lang='lat' dir='ltr'>animam</span> <span class='ocrx_word' id='word_1_761' title='bbox 2400 2112 2522 2149; x_wconf 87' lang='lat' dir='ltr'>domi-</span> 
     </span>
     <span class='ocr_line' id='line_1_102' title="bbox 1408 2163 2522 2216; baseline 0 -16"><span class='ocrx_word' id='word_1_762' title='bbox 1408 2165 1494 2201; x_wconf 86' lang='lat' dir='ltr'>nari</span> <span class='ocrx_word' id='word_1_763' title='bbox 1514 2165 1663 2216; x_wconf 87' lang='lat' dir='ltr'>corpori</span> <span class='ocrx_word' id='word_1_764' title='bbox 1685 2163 1879 2215; x_wconf 74' lang='lat' dir='ltr'>despotico</span> <span class='ocrx_word' id='word_1_765' title='bbox 1899 2167 2121 2214; x_wconf 77' lang='lat' dir='ltr'>principatu</span> <span class='ocrx_word' id='word_1_766' title='bbox 2139 2193 2149 2212; x_wconf 84' lang='lat'>‚</span> <span class='ocrx_word' id='word_1_767' title='bbox 2180 2177 2256 2215; x_wconf 91' lang='lat' dir='ltr'>quo</span> <span class='ocrx_word' id='word_1_768' title='bbox 2284 2164 2354 2212; x_wconf 87' lang='lat' dir='ltr'>fit,</span> <span class='ocrx_word' id='word_1_769' title='bbox 2384 2172 2423 2200; x_wconf 90' lang='lat' dir='ltr'>ut</span> <span class='ocrx_word' id='word_1_770' title='bbox 2439 2176 2522 2201; x_wconf 88' lang='lat' dir='ltr'>cor-</span> 
     </span>
     <span class='ocr_line' id='line_1_103' title="bbox 1405 2217 2531 2270; baseline 0 -15"><span class='ocrx_word' id='word_1_771' title='bbox 1405 2219 1509 2270; x_wconf 81' lang='lat' dir='ltr'>poris</span> <span class='ocrx_word' id='word_1_772' title='bbox 1538 2217 1715 2255; x_wconf 78' lang='lat' dir='ltr'>membra</span> <span class='ocrx_word' id='word_1_773' title='bbox 1744 2220 1783 2255; x_wconf 88' lang='lat' dir='ltr'>iu</span> <span class='ocrx_word' id='word_1_774' title='bbox 1828 2217 1941 2255; x_wconf 61' lang='lat' dir='ltr'>nullo&gt;</span> <span class='ocrx_word' id='word_1_775' title='bbox 1964 2220 2132 2255; x_wconf 83' lang='lat' dir='ltr'>resistere</span> <span class='ocrx_word' id='word_1_776' title='bbox 2175 2218 2315 2269; x_wconf 81' lang='lat' dir='ltr'>possint</span> <span class='ocrx_word' id='word_1_777' title='bbox 2359 2218 2531 2269; x_wconf 61' lang='lat' dir='ltr'>imperio:</span> 
     </span>
     <span class='ocr_line' id='line_1_104' title="bbox 1405 2269 2520 2318; baseline 0.001 -10"><span class='ocrx_word' id='word_1_778' title='bbox 1405 2272 1569 2316; x_wconf 84' lang='lat' dir='ltr'>animae3</span> <span class='ocrx_word' id='word_1_779' title='bbox 1601 2269 1836 2309; x_wconf 85' lang='lat' dir='ltr'>intellectum</span> <span class='ocrx_word' id='word_1_780' title='bbox 1866 2280 2016 2318; x_wconf 88' lang='lat' dir='ltr'>autem,</span> <span class='ocrx_word' id='word_1_781' title='bbox 2045 2284 2110 2308; x_wconf 81' lang='lat' dir='ltr'>seu</span> <span class='ocrx_word' id='word_1_782' title='bbox 2132 2272 2316 2307; x_wconf 85' lang='lat' dir='ltr'>rationem</span> <span class='ocrx_word' id='word_1_783' title='bbox 2345 2270 2520 2309; x_wconf 80' lang='lat' dir='ltr'>domina-</span> 
     </span>
     <span class='ocr_line' id='line_1_105' title="bbox 1405 2323 2520 2378; baseline 0 -16"><span class='ocrx_word' id='word_1_784' title='bbox 1405 2326 1440 2362; x_wconf 90' lang='lat' dir='ltr'>ri</span> <span class='ocrx_word' id='word_1_785' title='bbox 1468 2325 1654 2378; x_wconf 83' lang='lat' dir='ltr'>appetitui</span> <span class='ocrx_word' id='word_1_786' title='bbox 1683 2324 1853 2362; x_wconf 84' lang='lat' dir='ltr'>sensibili</span> <span class='ocrx_word' id='word_1_787' title='bbox 1884 2328 2105 2374; x_wconf 69' lang='lat' dir='ltr'>principatu</span> <span class='ocrx_word' id='word_1_788' title='bbox 2123 2323 2307 2373; x_wconf 65' lang='lat' dir='ltr'>politc&#39;005</span> <span class='ocrx_word' id='word_1_789' title='bbox 2338 2325 2389 2361; x_wconf 85' lang='lat' dir='ltr'>ita</span> <span class='ocrx_word' id='word_1_790' title='bbox 2410 2339 2520 2362; x_wconf 76' lang='lat' dir='ltr'>nem-</span> 
     </span>
     <span class='ocr_line' id='line_1_106' title="bbox 1405 2378 2518 2430; baseline 0.001 -16"><span class='ocrx_word' id='word_1_791' title='bbox 1405 2392 1452 2430; x_wconf 87' lang='lat' dir='ltr'>pe</span> <span class='ocrx_word' id='word_1_792' title='bbox 1469 2409 1479 2426; x_wconf 84' lang='lat'>,</span> <span class='ocrx_word' id='word_1_793' title='bbox 1511 2388 1550 2416; x_wconf 88' lang='lat' dir='ltr'>ut</span> <span class='ocrx_word' id='word_1_794' title='bbox 1577 2379 1765 2430; x_wconf 79' lang='lat' dir='ltr'>appetitus</span> <span class='ocrx_word' id='word_1_795' title='bbox 1786 2379 1897 2416; x_wconf 83' lang='lat' dir='ltr'>reniti</span> <span class='ocrx_word' id='word_1_796' title='bbox 1919 2379 2031 2430; x_wconf 83' lang='lat' dir='ltr'>possit</span> <span class='ocrx_word' id='word_1_797' title='bbox 2052 2379 2215 2429; x_wconf 85' lang='lat' dir='ltr'>imperio</span> <span class='ocrx_word' id='word_1_798' title='bbox 2231 2378 2414 2415; x_wconf 84' lang='lat' dir='ltr'>rationis..</span> <span class='ocrx_word' id='word_1_799' title='bbox 2439 2378 2518 2430; x_wconf 82' lang='lat' dir='ltr'>Ap-</span> 
     </span>
     <span class='ocr_line' id='line_1_107' title="bbox 1415 2432 2521 2478; baseline -0.001 -8"><span class='ocrx_word' id='word_1_800' title='bbox 1415 2434 1542 2470; x_wconf 74' lang='lat' dir='ltr'>)etitus</span> <span class='ocrx_word' id='word_1_801' title='bbox 1572 2433 1673 2470; x_wconf 78' lang='lat' dir='ltr'>enini</span> <span class='ocrx_word' id='word_1_802' title='bbox 1704 2432 1905 2469; x_wconf 72' lang='lat' dir='ltr'>sensitivus</span> <span class='ocrx_word' id='word_1_803' title='bbox 1925 2439 2121 2478; x_wconf 80' lang='lat' dir='ltr'>movetur,</span> <span class='ocrx_word' id='word_1_804' title='bbox 2151 2443 2227 2467; x_wconf 86' lang='lat' dir='ltr'>non</span> <span class='ocrx_word' id='word_1_805' title='bbox 2258 2444 2279 2467; x_wconf 86' lang='lat' dir='ltr'>a</span> <span class='ocrx_word' id='word_1_806' title='bbox 2300 2432 2444 2468; x_wconf 81' lang='lat' dir='ltr'>ratione</span> <span class='ocrx_word' id='word_1_807' title='bbox 2464 2444 2521 2469; x_wconf 83' lang='lat' dir='ltr'>so-</span> 
     </span>
     <span class='ocr_line' id='line_1_108' title="bbox 1405 2446 2523 2536; baseline 0.003 -16"><span class='ocrx_word' id='word_1_808' title='bbox 1405 2446 1486 2523; x_wconf 84' lang='lat' dir='ltr'>lum</span> <span class='ocrx_word' id='word_1_809' title='bbox 1505 2515 1515 2533; x_wconf 90' lang='lat'>,</span> <span class='ocrx_word' id='word_1_810' title='bbox 1545 2486 1609 2523; x_wconf 80' lang='lat' dir='ltr'>sed</span> <span class='ocrx_word' id='word_1_811' title='bbox 1638 2486 1750 2522; x_wconf 77' lang='lat' dir='ltr'>etiam</span> <span class='ocrx_word' id='word_1_812' title='bbox 1780 2484 1830 2522; x_wconf 88' lang='lat' dir='ltr'>ab</span> <span class='ocrx_word' id='word_1_813' title='bbox 1861 2486 2163 2536; x_wconf 81' lang='lat' dir='ltr'>imaginatione,</span> <span class='ocrx_word' id='word_1_814' title='bbox 2194 2483 2227 2519; x_wconf 86' lang='lat'>&amp;</span> <span class='ocrx_word' id='word_1_815' title='bbox 2255 2496 2385 2521; x_wconf 78' lang='lat' dir='ltr'>sensu:</span> <span class='ocrx_word' id='word_1_816' title='bbox 2421 2485 2523 2523; x_wconf 86' lang='lat' dir='ltr'>unde</span> 
     </span>
     <span class='ocr_line' id='line_1_109' title="bbox 1405 2537 2525 2590; baseline 0.002 -15"><span class='ocrx_word' id='word_1_817' title='bbox 1405 2540 1435 2576; x_wconf 91' lang='lat' dir='ltr'>si</span> <span class='ocrx_word' id='word_1_818' title='bbox 1466 2540 1724 2590; x_wconf 86' lang='lat' dir='ltr'>imaginemur</span> <span class='ocrx_word' id='word_1_819' title='bbox 1751 2537 1911 2590; x_wconf 76' lang='lat' dir='ltr'>aliquod</span> <span class='ocrx_word' id='word_1_820' title='bbox 1936 2537 2165 2577; x_wconf 87' lang='lat' dir='ltr'>delectabile</span> <span class='ocrx_word' id='word_1_821' title='bbox 2182 2568 2193 2585; x_wconf 89' lang='lat'>,</span> <span class='ocrx_word' id='word_1_822' title='bbox 2222 2538 2324 2589; x_wconf 89' lang='lat' dir='ltr'>quod</span> <span class='ocrx_word' id='word_1_823' title='bbox 2345 2539 2441 2575; x_wconf 90' lang='lat' dir='ltr'>ratio</span> <span class='ocrx_word' id='word_1_824' title='bbox 2461 2552 2525 2577; x_wconf 85' lang='lat' dir='ltr'>ve-</span> 
     </span>
     <span class='ocr_line' id='line_1_110' title="bbox 1409 2592 2522 2643; baseline -0.002 -14"><span class='ocrx_word' id='word_1_825' title='bbox 1409 2600 1486 2640; x_wconf 84' lang='lat' dir='ltr'>tat,</span> <span class='ocrx_word' id='word_1_826' title='bbox 1517 2592 1577 2631; x_wconf 91' lang='lat' dir='ltr'>vel</span> <span class='ocrx_word' id='word_1_827' title='bbox 1607 2595 1734 2639; x_wconf 84' lang='lat' dir='ltr'>triste,</span> <span class='ocrx_word' id='word_1_828' title='bbox 1763 2592 1866 2643; x_wconf 82' lang='lat' dir='ltr'>quod</span> <span class='ocrx_word' id='word_1_829' title='bbox 1896 2593 1990 2629; x_wconf 88' lang='lat' dir='ltr'>ratio</span> <span class='ocrx_word' id='word_1_830' title='bbox 2019 2592 2223 2642; x_wconf 86' lang='lat' dir='ltr'>praecipit,</span> <span class='ocrx_word' id='word_1_831' title='bbox 2253 2592 2443 2642; x_wconf 84' lang='lat' dir='ltr'>appetitus</span> <span class='ocrx_word' id='word_1_832' title='bbox 2465 2605 2522 2628; x_wconf 84' lang='lat' dir='ltr'>re-</span> 
     </span>
     <span class='ocr_line' id='line_1_111' title="bbox 1410 2643 2523 2693; baseline -0.003 -10"><span class='ocrx_word' id='word_1_833' title='bbox 1410 2647 1505 2683; x_wconf 86' lang='lat' dir='ltr'>sistit</span> <span class='ocrx_word' id='word_1_834' title='bbox 1534 2646 1697 2689; x_wconf 72' lang='lat' dir='ltr'>rationi3</span> <span class='ocrx_word' id='word_1_835' title='bbox 1727 2644 1796 2682; x_wconf 85' lang='lat' dir='ltr'>illa</span> <span class='ocrx_word' id='word_1_836' title='bbox 1825 2653 1948 2681; x_wconf 87' lang='lat' dir='ltr'>tamen</span> <span class='ocrx_word' id='word_1_837' title='bbox 1978 2643 2183 2680; x_wconf 86' lang='lat' dir='ltr'>resistentia</span> <span class='ocrx_word' id='word_1_838' title='bbox 2213 2657 2284 2680; x_wconf 87' lang='lat' dir='ltr'>non</span> <span class='ocrx_word' id='word_1_839' title='bbox 2314 2644 2523 2693; x_wconf 85' lang='lat' dir='ltr'>imputatur</span> 
     </span>
     <span class='ocr_line' id='line_1_112' title="bbox 1410 2695 2523 2752; baseline 0 -18"><span class='ocrx_word' id='word_1_840' title='bbox 1410 2698 1461 2735; x_wconf 86' lang='lat' dir='ltr'>ad·</span> <span class='ocrx_word' id='word_1_841' title='bbox 1486 2697 1640 2749; x_wconf 87' lang='lat' dir='ltr'>culpam</span> <span class='ocrx_word' id='word_1_842' title='bbox 1657 2726 1668 2745; x_wconf 90' lang='lat'>‚</span> <span class='ocrx_word' id='word_1_843' title='bbox 1697 2697 1771 2735; x_wconf 87' lang='lat' dir='ltr'>nisi</span> <span class='ocrx_word' id='word_1_844' title='bbox 1800 2697 1952 2752; x_wconf 77' lang='lat' dir='ltr'>quando</span> <span class='ocrx_word' id='word_1_845' title='bbox 1980 2697 2075 2733; x_wconf 89' lang='lat' dir='ltr'>ratio</span> <span class='ocrx_word' id='word_1_846' title='bbox 2096 2696 2129 2732; x_wconf 90' lang='lat' dir='ltr'>ei</span> <span class='ocrx_word' id='word_1_847' title='bbox 2149 2695 2249 2733; x_wconf 89' lang='lat' dir='ltr'>cedit</span> <span class='ocrx_word' id='word_1_848' title='bbox 2265 2724 2280 2745; x_wconf 37' lang='grc' dir='ltr'>,Ι</span> <span class='ocrx_word' id='word_1_849' title='bbox 2305 2704 2417 2746; x_wconf 86' lang='lat' dir='ltr'>atque</span> <span class='ocrx_word' id='word_1_850' title='bbox 2433 2709 2523 2735; x_wconf 79' lang='lat' dir='ltr'>con-</span> 
     </span>
     <span class='ocr_line' id='line_1_113' title="bbox 1411 2752 2130 2790; baseline -0.006 -3"><span class='ocrx_word' id='word_1_851' title='bbox 1411 2752 1521 2789; x_wconf 75' lang='lat' dir='ltr'>sentit</span> <span class='ocrx_word' id='word_1_852' title='bbox 1537 2776 1552 2790; x_wconf 73' lang='lat' dir='ltr'>.v</span> <span class='ocrx_word' id='word_1_853' title='bbox 1949 2782 1951 2784; x_wconf 90' lang='lat'>.</span> <span class='ocrx_word' id='word_1_854' title='bbox 2126 2758 2130 2763; x_wconf 83' lang='lat'><strong><em>‘</em></strong></span> 
     </span>
    </p>

    <p class='ocr_par' dir='ltr' id='par_1_14' title="bbox 1405 2800 2524 3070">
     <span class='ocr_line' id='line_1_114' title="bbox 1465 2800 2524 2854; baseline -0.001 -13"><span class='ocrx_word' id='word_1_855' title='bbox 1465 2803 1557 2854; x_wconf 79' lang='grc'><strong>587.</strong></span> <span class='ocrx_word' id='word_1_856' title='bbox 1586 2804 1701 2841; x_wconf 87' lang='lat' dir='ltr'>Corn.</span> <span class='ocrx_word' id='word_1_857' title='bbox 1732 2801 1939 2840; x_wconf 75' lang='lat' dir='ltr'>Janseuius.</span> <span class='ocrx_word' id='word_1_858' title='bbox 1961 2803 2117 2854; x_wconf 90' lang='lat' dir='ltr'>opponit</span> <span class='ocrx_word' id='word_1_859' title='bbox 2148 2801 2325 2839; x_wconf 73' lang='lat' dir='ltr'>Lib..111.</span> <span class='ocrx_word' id='word_1_860' title='bbox 2355 2800 2420 2839; x_wconf 83' lang='lat' dir='ltr'>De</span> <span class='ocrx_word' id='word_1_861' title='bbox 2442 2810 2524 2840; x_wconf 79' lang='lat' dir='ltr'>sta-</span> 
     </span>
     <span class='ocr_line' id='line_1_115' title="bbox 1409 2854 2523 2908; baseline 0.001 -15"><span class='ocrx_word' id='word_1_862' title='bbox 1409 2865 1455 2893; x_wconf 77' lang='lat' dir='ltr'>tu·</span> <span class='ocrx_word' id='word_1_863' title='bbox 1477 2854 1637 2895; x_wconf 69' lang='lat' dir='ltr'>naturae</span> <span class='ocrx_word' id='word_1_864' title='bbox 1665 2868 1781 2908; x_wconf 78' lang='lat' dir='ltr'>puroe</span> <span class='ocrx_word' id='word_1_865' title='bbox 1803 2869 1888 2907; x_wconf 89' lang='lat' dir='ltr'>cap.</span> <span class='ocrx_word' id='word_1_866' title='bbox 1919 2864 2040 2907; x_wconf 58' lang='lat' dir='ltr'>postu,</span> <span class='ocrx_word' id='word_1_867' title='bbox 2073 2856 2103 2893; x_wconf 88' lang='lat' dir='ltr'>si</span> <span class='ocrx_word' id='word_1_868' title='bbox 2133 2855 2438 2906; x_wconf 77' lang='lat' dir='ltr'>concupiscentia</span> <span class='ocrx_word' id='word_1_869' title='bbox 2467 2857 2523 2894; x_wconf 81' lang='lat' dir='ltr'>ef-</span> 
     </span>
     <span class='ocr_line' id='line_1_116' title="bbox 1408 2907 2522 2960; baseline -0.001 -12"><span class='ocrx_word' id='word_1_870' title='bbox 1408 2911 1525 2948; x_wconf 80' lang='lat' dir='ltr'>frenis</span> <span class='ocrx_word' id='word_1_871' title='bbox 1554 2925 1577 2948; x_wconf 91' lang='lat' dir='ltr'>a</span> <span class='ocrx_word' id='word_1_872' title='bbox 1604 2919 1700 2948; x_wconf 84' lang='lat' dir='ltr'>statu</span> <span class='ocrx_word' id='word_1_873' title='bbox 1729 2917 1874 2948; x_wconf 84' lang='lat' dir='ltr'>naturae</span> <span class='ocrx_word' id='word_1_874' title='bbox 1905 2921 2012 2960; x_wconf 84' lang='lat' dir='ltr'>purae</span> <span class='ocrx_word' id='word_1_875' title='bbox 2033 2910 2220 2946; x_wconf 85' lang='lat' dir='ltr'>removeri</span> <span class='ocrx_word' id='word_1_876' title='bbox 2243 2907 2380 2955; x_wconf 81' lang='lat' dir='ltr'>debet,</span> <span class='ocrx_word' id='word_1_877' title='bbox 2408 2909 2522 2948; x_wconf 88' lang='lat' dir='ltr'>debe-</span> 
     </span>
     <span class='ocr_line' id='line_1_117' title="bbox 1405 2961 2521 3016; baseline -0.001 -15"><span class='ocrx_word' id='word_1_878' title='bbox 1405 2977 1454 3002; x_wconf 82' lang='lat' dir='ltr'>re·</span> <span class='ocrx_word' id='word_1_879' title='bbox 1473 2965 1589 3004; x_wconf 78' lang='lat' dir='ltr'>etia-m</span> <span class='ocrx_word' id='word_1_880' title='bbox 1618 2965 1701 3016; x_wconf 85' lang='lat' dir='ltr'>pari</span> <span class='ocrx_word' id='word_1_881' title='bbox 1725 2964 2016 3001; x_wconf 79' lang='lat' dir='ltr'>ratione-omnes</span> <span class='ocrx_word' id='word_1_882' title='bbox 2043 2961 2137 2999; x_wconf 84' lang='lat' dir='ltr'>alias</span> <span class='ocrx_word' id='word_1_883' title='bbox 2165 2976 2305 3014; x_wconf 90' lang='lat' dir='ltr'>poenas.</span> <span class='ocrx_word' id='word_1_884' title='bbox 2326 2965 2521 3014; x_wconf 82' lang='lat' dir='ltr'>corporis,</span> 
     </span>
     <span class='ocr_line' id='line_1_118' title="bbox 1406 3015 2521 3070; baseline 0.001 -16"><span class='ocrx_word' id='word_1_885' title='bbox 1406 3017 1441 3054; x_wconf 79' lang='lat' dir='ltr'>8t</span> <span class='ocrx_word' id='word_1_886' title='bbox 1471 3018 1712 3070; x_wconf 77' lang='lat' dir='ltr'>potissimum</span> <span class='ocrx_word' id='word_1_887' title='bbox 1737 3025 1895 3054; x_wconf 88' lang='lat' dir='ltr'>mortem</span> <span class='ocrx_word' id='word_1_888' title='bbox 1913 3046 1923 3064; x_wconf 90' lang='lat'>,</span> <span class='ocrx_word' id='word_1_889' title='bbox 1953 3015 2008 3053; x_wconf 81' lang='lat' dir='ltr'>ab</span> <span class='ocrx_word' id='word_1_890' title='bbox 2031 3016 2160 3053; x_wconf 86' lang='lat' dir='ltr'>eodem</span> <span class='ocrx_word' id='word_1_891' title='bbox 2191 3025 2288 3053; x_wconf 35' lang='lat' dir='ltr'>statu*</span> <span class='ocrx_word' id='word_1_892' title='bbox 2316 3019 2521 3055; x_wconf 82' lang='lat' dir='ltr'>removeri.</span> 
     </span>
    </p>

    <p class='ocr_par' dir='ltr' id='par_1_15' title="bbox 1408 3068 2521 3343">
     <span class='ocr_line' id='line_1_119' title="bbox 1462 3068 2521 3110; baseline -0.003 0"><span class='ocrx_word' id='word_1_893' title='bbox 1462 3071 1556 3110; x_wconf 78' lang='grc'>588.</span> <span class='ocrx_word' id='word_1_894' title='bbox 1584 3070 1659 3108; x_wconf 89' lang='lat' dir='ltr'>Sed</span> <span class='ocrx_word' id='word_1_895' title='bbox 1691 3071 1729 3107; x_wconf 90' lang='lat' dir='ltr'>in</span> <span class='ocrx_word' id='word_1_896' title='bbox 1758 3078 1882 3107; x_wconf 85' lang='lat' dir='ltr'>nostra</span> <span class='ocrx_word' id='word_1_897' title='bbox 1911 3071 2093 3107; x_wconf 79' lang='lat' dir='ltr'>sententia</span> <span class='ocrx_word' id='word_1_898' title='bbox 2135 3068 2286 3106; x_wconf 86' lang='lat' dir='ltr'>nullum</span> <span class='ocrx_word' id='word_1_899' title='bbox 2323 3068 2436 3107; x_wconf 87' lang='lat' dir='ltr'>habet</span> <span class='ocrx_word' id='word_1_900' title='bbox 2466 3070 2521 3107; x_wconf 86' lang='lat' dir='ltr'>lo-</span> 
     </span>
     <span class='ocr_line' id='line_1_120' title="bbox 1408 3121 2518 3173; baseline -0.004 -9"><span class='ocrx_word' id='word_1_901' title='bbox 1408 3140 1504 3165; x_wconf 86' lang='lat' dir='ltr'>cum·</span> <span class='ocrx_word' id='word_1_902' title='bbox 1529 3123 1613 3161; x_wconf 84' lang='lat' dir='ltr'>haec</span> <span class='ocrx_word' id='word_1_903' title='bbox 1642 3123 1869 3160; x_wconf 78' lang='lat' dir='ltr'>Janseniana</span> <span class='ocrx_word' id='word_1_904' title='bbox 1899 3122 2089 3173; x_wconf 80' lang='lat' dir='ltr'>objecti03</span> <span class='ocrx_word' id='word_1_905' title='bbox 2137 3121 2375 3160; x_wconf 82' lang='lat' dir='ltr'>excludimus</span> <span class='ocrx_word' id='word_1_906' title='bbox 2413 3124 2518 3161; x_wconf 87' lang='lat' dir='ltr'>enim</span> 
     </span>
     <span class='ocr_line' id='line_1_121' title="bbox 1408 3173 2518 3228; baseline -0.006 -10"><span class='ocrx_word' id='word_1_907' title='bbox 1408 3177 1537 3218; x_wconf 84' lang='lat' dir='ltr'>solum</span> <span class='ocrx_word' id='word_1_908' title='bbox 1562 3175 1670 3214; x_wconf 82' lang='lat' dir='ltr'>illam</span> <span class='ocrx_word' id='word_1_909' title='bbox 1700 3173 1882 3213; x_wconf 82' lang='lat' dir='ltr'>effrenem</span> <span class='ocrx_word' id='word_1_910' title='bbox 1904 3177 2276 3228; x_wconf 53' lang='lat' dir='ltr'>concupiscentiam„</span> <span class='ocrx_word' id='word_1_911' title='bbox 2307 3190 2394 3228; x_wconf 85' lang='lat' dir='ltr'>quae</span> <span class='ocrx_word' id='word_1_912' title='bbox 2415 3185 2518 3212; x_wconf 84' lang='lat' dir='ltr'>tran-</span> 
     </span>
     <span class='ocr_line' id='line_1_122' title="bbox 1410 3229 2517 3276; baseline -0.004 -6"><span class='ocrx_word' id='word_1_913' title='bbox 1410 3230 1552 3270; x_wconf 86' lang='lat' dir='ltr'>scendit</span> <span class='ocrx_word' id='word_1_914' title='bbox 1581 3229 1727 3267; x_wconf 82' lang='lat' dir='ltr'>limites</span> <span class='ocrx_word' id='word_1_915' title='bbox 1753 3231 1903 3267; x_wconf 70' lang='lat' dir='ltr'>rationis</span> <span class='ocrx_word' id='word_1_916' title='bbox 1921 3260 1931 3276; x_wconf 87' lang='lat'>,</span> <span class='ocrx_word' id='word_1_917' title='bbox 1974 3244 2047 3268; x_wconf 87' lang='lat' dir='ltr'>non</span> <span class='ocrx_word' id='word_1_918' title='bbox 2076 3240 2204 3268; x_wconf 88' lang='lat' dir='ltr'>autem</span> <span class='ocrx_word' id='word_1_919' title='bbox 2233 3230 2348 3267; x_wconf 84' lang='lat' dir='ltr'>aliam</span> <span class='ocrx_word' id='word_1_920' title='bbox 2378 3241 2517 3266; x_wconf 78' lang='lat' dir='ltr'>conen·-²</span> 
     </span>
     <span class='ocr_line' id='line_1_123' title="bbox 1411 3282 2514 3343; baseline -0.004 -18"><span class='ocrx_word' id='word_1_921' title='bbox 1411 3284 1670 3343; x_wconf 58' lang='lat' dir='ltr'>piscendam,</span> <span class='ocrx_word' id='word_1_922' title='bbox 1709 3296 1802 3335; x_wconf 16' lang='lat' dir='ltr'>quaer</span> <span class='ocrx_word' id='word_1_923' title='bbox 1829 3284 1967 3324; x_wconf 83' lang='lat' dir='ltr'>rationi</span> <span class='ocrx_word' id='word_1_924' title='bbox 2003 3284 2255 3331; x_wconf 84' lang='lat' dir='ltr'>subderetur,</span> <span class='ocrx_word' id='word_1_925' title='bbox 2303 3290 2342 3321; x_wconf 88' lang='lat' dir='ltr'>ut</span> <span class='ocrx_word' id='word_1_926' title='bbox 2369 3282 2514 3321; x_wconf 85' lang='lat' dir='ltr'>dictum</span> 
     </span>
    </p>

    <p class='ocr_par' dir='ltr' id='par_1_16' title="bbox 2417 3345 2469 3376">
     <span class='ocr_line' id='line_1_124' title="bbox 2417 3345 2469 3376; baseline 0.058 -3"><span class='ocrx_word' id='word_1_927' title='bbox 2417 3345 2469 3376; x_wconf 81' lang='lat' dir='ltr'>est</span> 
     </span>
    </p>
   </div>
  </div>
 </body>
</html>
