<?xml version="1.0" encoding="UTF-8"?>
<!DOCTYPE html PUBLIC "-//W3C//DTD XHTML 1.0 Transitional//EN"
    "http://www.w3.org/TR/xhtml1/DTD/xhtml1-transitional.dtd">
<html xmlns="http://www.w3.org/1999/xhtml" xml:lang="en" lang="en">
 <head>
  <title>
</title>
<meta http-equiv="Content-Type" content="text/html;charset=utf-8" />
  <meta name='ocr-system' content='tesseract 3.04.00' />
  <meta name='ocr-capabilities' content='ocr_page ocr_carea ocr_par ocr_line ocrx_word'/>
</head>
<body>
  <div class='ocr_page' id='page_1' title='image "./fratrispetrimari04gazzuoft/fratrispetrimari04gazzuoft_0268.png"; bbox 0 0 2583 3685; ppageno 0'>
   <div class='ocr_carea' id='block_1_1' title="bbox 288 143 343 183">
    <p class='ocr_par' dir='ltr' id='par_1_1' title="bbox 288 143 343 183">
     <span class='ocr_line' id='line_1_1' title="bbox 288 143 343 183; baseline 0.018 -1"><span class='ocrx_word' id='word_1_1' title='bbox 288 143 343 183; x_wconf 70' lang='lat'>³18</span> 
     </span>
    </p>
   </div>
   <div class='ocr_carea' id='block_1_2' title="bbox 200 212 1333 2974">
    <p class='ocr_par' dir='ltr' id='par_1_2' title="bbox 212 212 1333 891">
     <span class='ocr_line' id='line_1_2' title="bbox 226 212 1332 264; baseline -0.005 -6"><span class='ocrx_word' id='word_1_2' title='bbox 226 221 347 258; x_wconf 82' lang='lat' dir='ltr'>tribus</span> <span class='ocrx_word' id='word_1_3' title='bbox 376 217 591 254; x_wconf 77' lang='lat' dir='ltr'>universam</span> <span class='ocrx_word' id='word_1_4' title='bbox 621 212 770 251; x_wconf 74' lang='lat' dir='ltr'>Israelis</span> <span class='ocrx_word' id='word_1_5' title='bbox 812 213 1094 264; x_wconf 77' lang='lat' dir='ltr'>rempublicam</span> <span class='ocrx_word' id='word_1_6' title='bbox 1136 218 1332 253; x_wconf 84' lang='lat' dir='ltr'>constitue-</span> 
     </span>
     <span class='ocr_line' id='line_1_3' title="bbox 227 267 1331 319; baseline -0.002 -11"><span class='ocrx_word' id='word_1_7' title='bbox 227 279 333 317; x_wconf 86' lang='lat' dir='ltr'>rent,</span> <span class='ocrx_word' id='word_1_8' title='bbox 363 267 522 319; x_wconf 62' lang='lat' dir='ltr'>singulae</span> <span class='ocrx_word' id='word_1_9' title='bbox 553 275 679 304; x_wconf 83' lang='lat' dir='ltr'>tamen</span> <span class='ocrx_word' id='word_1_10' title='bbox 708 267 785 303; x_wconf 88' lang='lat' dir='ltr'>suis</span> <span class='ocrx_word' id='word_1_11' title='bbox 813 267 993 304; x_wconf 82' lang='lat' dir='ltr'>distinctis</span> <span class='ocrx_word' id='word_1_12' title='bbox 1022 268 1258 317; x_wconf 73' lang='lat' dir='ltr'>regionibus,</span> <span class='ocrx_word' id='word_1_13' title='bbox 1288 282 1331 306; x_wconf 83' lang='lat' dir='ltr'>ac</span> 
     </span>
     <span class='ocr_line' id='line_1_4' title="bbox 223 319 1333 374; baseline 0 -15"><span class='ocrx_word' id='word_1_14' title='bbox 223 323 371 374; x_wconf 81' lang='lat' dir='ltr'>iegibus</span> <span class='ocrx_word' id='word_1_15' title='bbox 399 319 660 359; x_wconf 79' lang='lat' dir='ltr'>continebatur</span> <span class='ocrx_word' id='word_1_16' title='bbox 678 346 687 356; x_wconf 87' lang='lat'><strong>.</strong></span> <span class='ocrx_word' id='word_1_17' title='bbox 718 319 882 366; x_wconf 80' lang='lat' dir='ltr'><strong>Quando</strong></span> <span class='ocrx_word' id='word_1_18' title='bbox 904 320 1028 371; x_wconf 77' lang='lat' dir='ltr'>itaque</span> <span class='ocrx_word' id='word_1_19' title='bbox 1048 320 1163 358; x_wconf 81' lang='lat' dir='ltr'>Jacob</span> <span class='ocrx_word' id='word_1_20' title='bbox 1178 321 1333 360; x_wconf 79' lang='lat' dir='ltr'>benedi-</span> 
     </span>
     <span class='ocr_line' id='line_1_5' title="bbox 223 373 1328 424; baseline -0.001 -11"><span class='ocrx_word' id='word_1_21' title='bbox 223 389 309 413; x_wconf 84' lang='lat' dir='ltr'>cens</span> <span class='ocrx_word' id='word_1_22' title='bbox 337 374 445 412; x_wconf 79' lang='lat' dir='ltr'>Judae</span> <span class='ocrx_word' id='word_1_23' title='bbox 463 402 473 420; x_wconf 90' lang='lat'>‚</span> <span class='ocrx_word' id='word_1_24' title='bbox 503 374 571 424; x_wconf 87' lang='lat' dir='ltr'>qui</span> <span class='ocrx_word' id='word_1_25' title='bbox 601 380 756 424; x_wconf 83' lang='lat' dir='ltr'>quartus</span> <span class='ocrx_word' id='word_1_26' title='bbox 785 381 863 410; x_wconf 85' lang='lat' dir='ltr'>erat</span> <span class='ocrx_word' id='word_1_27' title='bbox 892 373 1011 423; x_wconf 82' lang='lat' dir='ltr'>ipsius</span> <span class='ocrx_word' id='word_1_28' title='bbox 1040 373 1168 421; x_wconf 88' lang='lat' dir='ltr'>filius,</span> <span class='ocrx_word' id='word_1_29' title='bbox 1211 375 1328 412; x_wconf 80' lang='lat' dir='ltr'>dixit:</span> 
     </span>
     <span class='ocr_line' id='line_1_6' title="bbox 222 425 1330 478; baseline -0.001 -13"><span class='ocrx_word' id='word_1_30' title='bbox 222 427 326 465; x_wconf 64' lang='lat' dir='ltr'>sudu,</span> <span class='ocrx_word' id='word_1_31' title='bbox 343 458 353 475; x_wconf 92' lang='lat'>,</span> <span class='ocrx_word' id='word_1_32' title='bbox 381 437 420 465; x_wconf 83' lang='lat' dir='ltr'>te</span> <span class='ocrx_word' id='word_1_33' title='bbox 448 425 665 463; x_wconf 76' lang='lat' dir='ltr'>laudabunt</span> <span class='ocrx_word' id='word_1_34' title='bbox 680 425 842 477; x_wconf 65' lang='lat' dir='ltr'>fratres</span> <span class='ocrx_word' id='word_1_35' title='bbox 870 430 926 463; x_wconf 70' lang='lat' dir='ltr'>tui·</span> <span class='ocrx_word' id='word_1_36' title='bbox 947 451 986 463; x_wconf 88' lang='lat'>...</span> <span class='ocrx_word' id='word_1_37' title='bbox 1015 439 1096 463; x_wconf 83' lang='lat' dir='ltr'>non</span> <span class='ocrx_word' id='word_1_38' title='bbox 1124 426 1330 478; x_wconf 65' lang='lat' dir='ltr'>auferetur</span> 
     </span>
     <span class='ocr_line' id='line_1_7' title="bbox 221 478 1329 532; baseline -0.003 -14"><span class='ocrx_word' id='word_1_39' title='bbox 221 490 419 531; x_wconf 78' lang='lat' dir='ltr'>sceptrum</span> <span class='ocrx_word' id='word_1_40' title='bbox 450 480 498 518; x_wconf 81' lang='lat' dir='ltr'>de</span> <span class='ocrx_word' id='word_1_41' title='bbox 525 478 629 517; x_wconf 76' lang='lat' dir='ltr'>suda</span> <span class='ocrx_word' id='word_1_42' title='bbox 646 509 656 526; x_wconf 91' lang='lat'>‚</span> <span class='ocrx_word' id='word_1_43' title='bbox 685 481 733 520; x_wconf 55' lang='lat' dir='ltr'>&lt;vy</span> <span class='ocrx_word' id='word_1_44' title='bbox 752 479 847 517; x_wconf 78' lang='lat' dir='ltr'>Dux</span> <span class='ocrx_word' id='word_1_45' title='bbox 867 479 915 517; x_wconf 76' lang='lat' dir='ltr'>cle</span> <span class='ocrx_word' id='word_1_46' title='bbox 931 478 1097 531; x_wconf 81' lang='lat' dir='ltr'>femore</span> <span class='ocrx_word' id='word_1_47' title='bbox 1126 482 1233 532; x_wconf 78' lang='lat' dir='ltr'>ejus,</span> <span class='ocrx_word' id='word_1_48' title='bbox 1263 480 1329 518; x_wconf 79' lang='lat' dir='ltr'>do-</span> 
     </span>
     <span class='ocr_line' id='line_1_8' title="bbox 222 533 1332 584; baseline 0 -12"><span class='ocrx_word' id='word_1_49' title='bbox 222 548 296 572; x_wconf 77' lang='lat' dir='ltr'>?zec</span> <span class='ocrx_word' id='word_1_50' title='bbox 326 538 456 572; x_wconf 64' lang='lat' dir='ltr'>veniat</span> <span class='ocrx_word' id='word_1_51' title='bbox 486 537 551 583; x_wconf 77' lang='lat' dir='ltr'>qui</span> <span class='ocrx_word' id='word_1_52' title='bbox 580 533 791 570; x_wconf 76' lang='lat' dir='ltr'>mittendus</span> <span class='ocrx_word' id='word_1_53' title='bbox 821 540 909 576; x_wconf 81' lang='lat' dir='ltr'>est;</span> <span class='ocrx_word' id='word_1_54' title='bbox 953 545 1027 569; x_wconf 84' lang='lat' dir='ltr'>non</span> <span class='ocrx_word' id='word_1_55' title='bbox 1058 533 1131 584; x_wconf 81' lang='lat' dir='ltr'>ipsi</span> <span class='ocrx_word' id='word_1_56' title='bbox 1161 535 1332 584; x_wconf 80' lang='lat' dir='ltr'><strong>promisit</strong></span> 
     </span>
     <span class='ocr_line' id='line_1_9' title="bbox 220 585 1331 638; baseline -0.002 -12"><span class='ocrx_word' id='word_1_57' title='bbox 220 590 368 638; x_wconf 78' lang='lat' dir='ltr'>regium</span> <span class='ocrx_word' id='word_1_58' title='bbox 398 595 617 638; x_wconf 80' lang='lat' dir='ltr'>sceptrum,</span> <span class='ocrx_word' id='word_1_59' title='bbox 666 601 730 624; x_wconf 81' lang='lat' dir='ltr'>seu</span> <span class='ocrx_word' id='word_1_60' title='bbox 761 599 980 636; x_wconf 72' lang='lat' dir='ltr'><strong>supremam</strong></span> <span class='ocrx_word' id='word_1_61' title='bbox 1017 585 1057 622; x_wconf 87' lang='lat' dir='ltr'>in</span> <span class='ocrx_word' id='word_1_62' title='bbox 1093 595 1166 622; x_wconf 85' lang='lat' dir='ltr'>toto</span> <span class='ocrx_word' id='word_1_63' title='bbox 1194 587 1331 624; x_wconf 78' lang='lat' dir='ltr'>lsraele</span> 
     </span>
     <span class='ocr_line' id='line_1_10' title="bbox 220 639 1333 692; baseline -0.003 -13"><span class='ocrx_word' id='word_1_64' title='bbox 220 641 508 685; x_wconf 82' lang='lat' dir='ltr'>auctoritatem3</span> <span class='ocrx_word' id='word_1_65' title='bbox 557 639 727 692; x_wconf 84' lang='lat' dir='ltr'>alioquin</span> <span class='ocrx_word' id='word_1_66' title='bbox 763 639 951 677; x_wconf 77' lang='lat' dir='ltr'>debuisset</span> <span class='ocrx_word' id='word_1_67' title='bbox 991 639 1115 675; x_wconf 84' lang='lat' dir='ltr'>statim</span> <span class='ocrx_word' id='word_1_68' title='bbox 1159 640 1333 676; x_wconf 83' lang='lat' dir='ltr'>eamdem</span> 
     </span>
     <span class='ocr_line' id='line_1_11' title="bbox 219 691 1333 744; baseline -0.002 -13"><span class='ocrx_word' id='word_1_69' title='bbox 219 695 432 744; x_wconf 89' lang='lat' dir='ltr'>consequi,</span> <span class='ocrx_word' id='word_1_70' title='bbox 481 693 515 729; x_wconf 76' lang='grc' dir='ltr'>ἃ</span> <span class='ocrx_word' id='word_1_71' title='bbox 545 705 716 731; x_wconf 85' lang='lat' dir='ltr'>exercere</span> <span class='ocrx_word' id='word_1_72' title='bbox 758 705 876 743; x_wconf 87' lang='lat' dir='ltr'>usque</span> <span class='ocrx_word' id='word_1_73' title='bbox 903 692 950 729; x_wconf 85' lang='lat' dir='ltr'>ad</span> <span class='ocrx_word' id='word_1_74' title='bbox 993 691 1200 728; x_wconf 82' lang='lat' dir='ltr'>adventum</span> <span class='ocrx_word' id='word_1_75' title='bbox 1230 691 1333 729; x_wconf 84' lang='lat' dir='ltr'>Mes-</span> 
     </span>
     <span class='ocr_line' id='line_1_12' title="bbox 216 744 1333 795; baseline -0.003 -11"><span class='ocrx_word' id='word_1_76' title='bbox 216 749 316 792; x_wconf 76' lang='lat' dir='ltr'>siae3</span> <span class='ocrx_word' id='word_1_77' title='bbox 345 760 432 784; x_wconf 89' lang='lat' dir='ltr'>cum</span> <span class='ocrx_word' id='word_1_78' title='bbox 464 754 592 783; x_wconf 84' lang='lat' dir='ltr'>tamen</span> <span class='ocrx_word' id='word_1_79' title='bbox 621 754 783 791; x_wconf 79' lang='lat' dir='ltr'>constet,</span> <span class='ocrx_word' id='word_1_80' title='bbox 831 744 985 782; x_wconf 88' lang='lat' dir='ltr'>initium</span> <span class='ocrx_word' id='word_1_81' title='bbox 1015 745 1131 795; x_wconf 81' lang='lat' dir='ltr'>regiae</span> <span class='ocrx_word' id='word_1_82' title='bbox 1151 774 1160 791; x_wconf 93' lang='lat'>,</span> <span class='ocrx_word' id='word_1_83' title='bbox 1209 744 1242 781; x_wconf 70' lang='grc' dir='ltr'>δε</span> <span class='ocrx_word' id='word_1_84' title='bbox 1271 759 1333 782; x_wconf 86' lang='lat' dir='ltr'>su-</span> 
     </span>
     <span class='ocr_line' id='line_1_13' title="bbox 218 797 1332 852; baseline -0.001 -15"><span class='ocrx_word' id='word_1_85' title='bbox 218 812 363 852; x_wconf 80' lang='lat' dir='ltr'>premae</span> <span class='ocrx_word' id='word_1_86' title='bbox 395 801 622 838; x_wconf 74' lang='lat' dir='ltr'>auctoritatis</span> <span class='ocrx_word' id='word_1_87' title='bbox 648 801 691 838; x_wconf 87' lang='lat' dir='ltr'>in</span> <span class='ocrx_word' id='word_1_88' title='bbox 719 798 817 836; x_wconf 79' lang='lat' dir='ltr'>Juda</span> <span class='ocrx_word' id='word_1_89' title='bbox 853 797 1003 837; x_wconf 86' lang='lat' dir='ltr'>nonnisi</span> <span class='ocrx_word' id='word_1_90' title='bbox 1044 797 1093 835; x_wconf 83' lang='lat' dir='ltr'>ad</span> <span class='ocrx_word' id='word_1_91' title='bbox 1121 797 1249 835; x_wconf 78' lang='lat' dir='ltr'>David</span> <span class='ocrx_word' id='word_1_92' title='bbox 1277 798 1332 836; x_wconf 79' lang='lat' dir='ltr'>fa-</span> 
     </span>
     <span class='ocr_line' id='line_1_14' title="bbox 212 863 456 891; baseline 0 0"><span class='ocrx_word' id='word_1_93' title='bbox 212 863 322 891; x_wconf 88' lang='lat' dir='ltr'>-ctum</span> <span class='ocrx_word' id='word_1_94' title='bbox 352 867 456 891; x_wconf 83' lang='lat' dir='ltr'>esse.</span> 
     </span>
    </p>

    <p class='ocr_par' dir='ltr' id='par_1_3' title="bbox 207 904 1333 1543">
     <span class='ocr_line' id='line_1_15' title="bbox 278 904 1332 959; baseline -0.002 -15"><span class='ocrx_word' id='word_1_95' title='bbox 278 921 366 945; x_wconf 84' lang='grc'><strong>100.</strong></span> <span class='ocrx_word' id='word_1_96' title='bbox 397 907 486 944; x_wconf 88' lang='lat' dir='ltr'>Duo</span> <span class='ocrx_word' id='word_1_97' title='bbox 515 921 601 959; x_wconf 77' lang='lat' dir='ltr'>ergo</span> <span class='ocrx_word' id='word_1_98' title='bbox 621 906 738 945; x_wconf 84' lang='lat' dir='ltr'>Jacob</span> <span class='ocrx_word' id='word_1_99' title='bbox 769 906 815 943; x_wconf 89' lang='lat' dir='ltr'>iis</span> <span class='ocrx_word' id='word_1_100' title='bbox 844 904 972 943; x_wconf 88' lang='lat' dir='ltr'>verbis</span> <span class='ocrx_word' id='word_1_101' title='bbox 1001 905 1109 943; x_wconf 79' lang='lat' dir='ltr'>Judae</span> <span class='ocrx_word' id='word_1_102' title='bbox 1140 906 1332 957; x_wconf 75' lang='lat' dir='ltr'>promisit:</span> 
     </span>
     <span class='ocr_line' id='line_1_16' title="bbox 216 958 1331 1012; baseline -0.003 -14"><span class='ocrx_word' id='word_1_103' title='bbox 216 962 345 1011; x_wconf 79' lang='lat' dir='ltr'>primo</span> <span class='ocrx_word' id='word_1_104' title='bbox 375 961 679 1012; x_wconf 58' lang='lat' dir='ltr'>praeminentiam</span> <span class='ocrx_word' id='word_1_105' title='bbox 712 959 816 997; x_wconf 87' lang='lat' dir='ltr'>illius</span> <span class='ocrx_word' id='word_1_106' title='bbox 845 958 966 996; x_wconf 88' lang='lat' dir='ltr'>tribus</span> <span class='ocrx_word' id='word_1_107' title='bbox 1010 972 1122 1010; x_wconf 86' lang='lat' dir='ltr'>super</span> <span class='ocrx_word' id='word_1_108' title='bbox 1164 967 1331 1007; x_wconf 82' lang='lat' dir='ltr'>ceteras,</span> 
     </span>
     <span class='ocr_line' id='line_1_17' title="bbox 217 1011 1332 1065; baseline -0.001 -16"><span class='ocrx_word' id='word_1_109' title='bbox 217 1027 334 1065; x_wconf 82' lang='lat' dir='ltr'>quam</span> <span class='ocrx_word' id='word_1_110' title='bbox 364 1015 477 1050; x_wconf 78' lang='lat' dir='ltr'>etiam</span> <span class='ocrx_word' id='word_1_111' title='bbox 508 1016 630 1052; x_wconf 85' lang='lat' dir='ltr'>statim</span> <span class='ocrx_word' id='word_1_112' title='bbox 660 1013 872 1050; x_wconf 85' lang='lat' dir='ltr'>obtinuisse</span> <span class='ocrx_word' id='word_1_113' title='bbox 909 1011 1109 1056; x_wconf 84' lang='lat' dir='ltr'>videmus3</span> <span class='ocrx_word' id='word_1_114' title='bbox 1154 1025 1241 1049; x_wconf 82' lang='lat' dir='ltr'>nam</span> <span class='ocrx_word' id='word_1_115' title='bbox 1271 1011 1332 1062; x_wconf 87' lang='lat' dir='ltr'>ju-</span> 
     </span>
     <span class='ocr_line' id='line_1_18' title="bbox 213 1063 1333 1116; baseline -0.002 -13"><span class='ocrx_word' id='word_1_116' title='bbox 213 1066 330 1103; x_wconf 81' lang='lat' dir='ltr'>bente</span> <span class='ocrx_word' id='word_1_117' title='bbox 359 1066 546 1114; x_wconf 81' lang='lat' dir='ltr'>Domino,</span> <span class='ocrx_word' id='word_1_118' title='bbox 578 1075 618 1104; x_wconf 89' lang='lat' dir='ltr'>ut</span> <span class='ocrx_word' id='word_1_119' title='bbox 647 1064 786 1116; x_wconf 82' lang='lat' dir='ltr'>singuli</span> <span class='ocrx_word' id='word_1_120' title='bbox 816 1065 945 1102; x_wconf 82' lang='lat' dir='ltr'>Duces</span> <span class='ocrx_word' id='word_1_121' title='bbox 976 1077 1042 1115; x_wconf 88' lang='lat' dir='ltr'>per</span> <span class='ocrx_word' id='word_1_122' title='bbox 1070 1063 1233 1115; x_wconf 84' lang='lat' dir='ltr'>singulos</span> <span class='ocrx_word' id='word_1_123' title='bbox 1252 1065 1333 1101; x_wconf 79' lang='lat' dir='ltr'>dies</span> 
     </span>
     <span class='ocr_line' id='line_1_19' title="bbox 215 1117 1333 1169; baseline -0.001 -13"><span class='ocrx_word' id='word_1_124' title='bbox 215 1120 393 1158; x_wconf 84' lang='lat' dir='ltr'>offerrent</span> <span class='ocrx_word' id='word_1_125' title='bbox 424 1133 585 1158; x_wconf 83' lang='lat' dir='ltr'>munera</span> <span class='ocrx_word' id='word_1_126' title='bbox 601 1120 640 1157; x_wconf 89' lang='lat' dir='ltr'>in</span> <span class='ocrx_word' id='word_1_127' title='bbox 660 1118 936 1158; x_wconf 70' lang='lat' dir='ltr'>dedicationem</span> <span class='ocrx_word' id='word_1_128' title='bbox 958 1117 1067 1154; x_wconf 80' lang='lat' dir='ltr'>altari</span> <span class='ocrx_word' id='word_1_129' title='bbox 1085 1147 1095 1165; x_wconf 87' lang='lat'>,</span> <span class='ocrx_word' id='word_1_130' title='bbox 1126 1118 1252 1169; x_wconf 81' lang='lat' dir='ltr'>prin-10</span> <span class='ocrx_word' id='word_1_131' title='bbox 1271 1118 1333 1155; x_wconf 87' lang='lat' dir='ltr'>die</span> 
     </span>
     <span class='ocr_line' id='line_1_20' title="bbox 214 1170 1333 1212; baseline -0.002 -3"><span class='ocrx_word' id='word_1_132' title='bbox 214 1173 352 1211; x_wconf 87' lang='lat' dir='ltr'>obtulit</span> <span class='ocrx_word' id='word_1_133' title='bbox 379 1173 612 1212; x_wconf 82' lang='lat' dir='ltr'>oblationem</span> <span class='ocrx_word' id='word_1_134' title='bbox 649 1186 757 1210; x_wconf 83' lang='lat' dir='ltr'>suam</span> <span class='ocrx_word' id='word_1_135' title='bbox 788 1170 982 1209; x_wconf 67' lang='lat' dir='ltr'>Naba-5501}</span> <span class='ocrx_word' id='word_1_136' title='bbox 1027 1171 1072 1208; x_wconf 87' lang='lat' dir='ltr'>de</span> <span class='ocrx_word' id='word_1_137' title='bbox 1100 1170 1204 1208; x_wconf 88' lang='lat' dir='ltr'>tribu</span> <span class='ocrx_word' id='word_1_138' title='bbox 1233 1171 1333 1208; x_wconf 87' lang='lat' dir='ltr'>Jnda</span> 
     </span>
     <span class='ocr_line' id='line_1_21' title="bbox 214 1223 1330 1278; baseline -0.005 -13"><span class='ocrx_word' id='word_1_139' title='bbox 214 1227 334 1266; x_wconf 78' lang='lat' dir='ltr'>Num.</span> <span class='ocrx_word' id='word_1_140' title='bbox 366 1228 534 1265; x_wconf 79' lang='lat' dir='ltr'>VH.11.</span> <span class='ocrx_word' id='word_1_141' title='bbox 565 1226 599 1262; x_wconf 87' lang='lat'>&amp;</span> <span class='ocrx_word' id='word_1_142' title='bbox 629 1239 736 1278; x_wconf 85' lang='lat' dir='ltr'>sequ.</span> <span class='ocrx_word' id='word_1_143' title='bbox 765 1225 798 1262; x_wconf 69' lang='grc' dir='ltr'>ἃ</span> <span class='ocrx_word' id='word_1_144' title='bbox 827 1226 880 1263; x_wconf 88' lang='lat' dir='ltr'>sic</span> <span class='ocrx_word' id='word_1_145' title='bbox 906 1225 1024 1262; x_wconf 83' lang='lat' dir='ltr'>etiam</span> <span class='ocrx_word' id='word_1_146' title='bbox 1054 1223 1244 1261; x_wconf 84' lang='lat' dir='ltr'>Dominus</span> <span class='ocrx_word' id='word_1_147' title='bbox 1274 1225 1330 1260; x_wconf 80' lang='lat' dir='ltr'>in-</span> 
     </span>
     <span class='ocr_line' id='line_1_22' title="bbox 212 1276 1329 1333; baseline -0.004 -16"><span class='ocrx_word' id='word_1_148' title='bbox 212 1289 445 1333; x_wconf 68' lang='lat' dir='ltr'>terrogatus,</span> <span class='ocrx_word' id='word_1_149' title='bbox 480 1281 565 1332; x_wconf 88' lang='lat' dir='ltr'>quis</span> <span class='ocrx_word' id='word_1_150' title='bbox 595 1280 742 1332; x_wconf 83' lang='lat' dir='ltr'>primus</span> <span class='ocrx_word' id='word_1_151' title='bbox 769 1278 988 1316; x_wconf 73' lang='lat' dir='ltr'>ascenderet</span> <span class='ocrx_word' id='word_1_152' title='bbox 1014 1284 1149 1314; x_wconf 83' lang='lat' dir='ltr'>contra</span> <span class='ocrx_word' id='word_1_153' title='bbox 1175 1276 1329 1314; x_wconf 81' lang='lat' dir='ltr'>Chana-</span> 
     </span>
     <span class='ocr_line' id='line_1_23' title="bbox 211 1329 1328 1384; baseline -0.004 -13"><span class='ocrx_word' id='word_1_154' title='bbox 211 1347 364 1382; x_wconf 80' lang='lat' dir='ltr'>naeum,</span> <span class='ocrx_word' id='word_1_155' title='bbox 396 1333 608 1384; x_wconf 86' lang='lat' dir='ltr'>respondit,</span> <span class='ocrx_word' id='word_1_156' title='bbox 639 1331 764 1368; x_wconf 73' lang='lat' dir='ltr'>sudas</span> <span class='ocrx_word' id='word_1_157' title='bbox 781 1330 994 1377; x_wconf 75' lang='lat' dir='ltr'>ascendet,</span> <span class='ocrx_word' id='word_1_158' title='bbox 1023 1329 1150 1366; x_wconf 88' lang='lat' dir='ltr'>Judic.</span> <span class='ocrx_word' id='word_1_159' title='bbox 1173 1329 1202 1366; x_wconf 88' lang='grc' dir='ltr'>Ι.</span> <span class='ocrx_word' id='word_1_160' title='bbox 1233 1329 1328 1367; x_wconf 84' lang='lat' dir='ltr'>Haec</span> 
     </span>
     <span class='ocr_line' id='line_1_24' title="bbox 212 1382 1329 1438; baseline -0.005 -14"><span class='ocrx_word' id='word_1_161' title='bbox 212 1389 464 1438; x_wconf 72' lang='lat' dir='ltr'>praerogativa</span> <span class='ocrx_word' id='word_1_162' title='bbox 492 1399 566 1423; x_wconf 88' lang='lat' dir='ltr'>non</span> <span class='ocrx_word' id='word_1_163' title='bbox 593 1385 672 1422; x_wconf 85' lang='lat' dir='ltr'>alia</span> <span class='ocrx_word' id='word_1_164' title='bbox 699 1385 746 1421; x_wconf 89' lang='lat' dir='ltr'>de</span> <span class='ocrx_word' id='word_1_165' title='bbox 774 1397 886 1421; x_wconf 83' lang='lat' dir='ltr'>causa</span> <span class='ocrx_word' id='word_1_166' title='bbox 906 1383 1024 1420; x_wconf 82' lang='lat' dir='ltr'>tribui</span> <span class='ocrx_word' id='word_1_167' title='bbox 1046 1382 1145 1419; x_wconf 80' lang='lat' dir='ltr'>Juda</span> <span class='ocrx_word' id='word_1_168' title='bbox 1172 1394 1329 1432; x_wconf 85' lang='lat' dir='ltr'>compe-</span> 
     </span>
     <span class='ocr_line' id='line_1_25' title="bbox 210 1434 1328 1490; baseline -0.003 -14"><span class='ocrx_word' id='word_1_169' title='bbox 210 1447 288 1476; x_wconf 83' lang='lat' dir='ltr'>tere</span> <span class='ocrx_word' id='word_1_170' title='bbox 317 1447 485 1490; x_wconf 87' lang='lat' dir='ltr'>poterat,</span> <span class='ocrx_word' id='word_1_171' title='bbox 514 1452 632 1490; x_wconf 86' lang='lat' dir='ltr'>quam</span> <span class='ocrx_word' id='word_1_172' title='bbox 663 1451 708 1475; x_wconf 75' lang='lat' dir='ltr'>ex</span> <span class='ocrx_word' id='word_1_173' title='bbox 736 1437 1002 1476; x_wconf 80' lang='lat' dir='ltr'>benedictione</span> <span class='ocrx_word' id='word_1_174' title='bbox 1030 1434 1172 1474; x_wconf 74' lang='lat' dir='ltr'>Jacob:</span> <span class='ocrx_word' id='word_1_175' title='bbox 1201 1434 1328 1484; x_wconf 76' lang='lat' dir='ltr'>suda,</span> 
     </span>
     <span class='ocr_line' id='line_1_26' title="bbox 207 1490 785 1543; baseline -0.005 -12"><span class='ocrx_word' id='word_1_176' title='bbox 207 1501 246 1531; x_wconf 68' lang='lat' dir='ltr'>te</span> <span class='ocrx_word' id='word_1_177' title='bbox 275 1491 494 1530; x_wconf 63' lang='lat' dir='ltr'>laudabunt</span> <span class='ocrx_word' id='word_1_178' title='bbox 511 1490 674 1543; x_wconf 78' lang='lat' dir='ltr'>fratres</span> <span class='ocrx_word' id='word_1_179' title='bbox 704 1494 785 1528; x_wconf 71' lang='lat' dir='ltr'>tui.</span> 
     </span>
    </p>

    <p class='ocr_par' dir='ltr' id='par_1_4' title="bbox 200 1542 1326 2762">
     <span class='ocr_line' id='line_1_27' title="bbox 266 1542 1326 1597; baseline -0.003 -14"><span class='ocrx_word' id='word_1_180' title='bbox 266 1558 355 1584; x_wconf 77' lang='lat'>101.</span> <span class='ocrx_word' id='word_1_181' title='bbox 385 1546 515 1584; x_wconf 86' lang='lat' dir='ltr'>Altera</span> <span class='ocrx_word' id='word_1_182' title='bbox 538 1545 801 1597; x_wconf 83' lang='lat' dir='ltr'>promissionis</span> <span class='ocrx_word' id='word_1_183' title='bbox 832 1557 917 1595; x_wconf 88' lang='lat' dir='ltr'>pars</span> <span class='ocrx_word' id='word_1_184' title='bbox 947 1544 987 1581; x_wconf 91' lang='lat' dir='ltr'>in</span> <span class='ocrx_word' id='word_1_185' title='bbox 1017 1542 1227 1590; x_wconf 70' lang='grc' dir='ltr'>αὐτονομῖα</span> <span class='ocrx_word' id='word_1_186' title='bbox 1256 1543 1326 1581; x_wconf 79' lang='lat' dir='ltr'>sita</span> 
     </span>
     <span class='ocr_line' id='line_1_28' title="bbox 210 1598 1325 1651; baseline -0.005 -15"><span class='ocrx_word' id='word_1_187' title='bbox 210 1608 313 1647; x_wconf 84' lang='lat' dir='ltr'>erat,</span> <span class='ocrx_word' id='word_1_188' title='bbox 342 1613 419 1651; x_wconf 83' lang='lat' dir='ltr'>qua</span> <span class='ocrx_word' id='word_1_189' title='bbox 447 1599 571 1638; x_wconf 90' lang='lat' dir='ltr'>tribus</span> <span class='ocrx_word' id='word_1_190' title='bbox 599 1598 700 1636; x_wconf 72' lang='lat' dir='ltr'>Juda</span> <span class='ocrx_word' id='word_1_191' title='bbox 728 1605 965 1644; x_wconf 84' lang='lat' dir='ltr'>constanter,</span> <span class='ocrx_word' id='word_1_192' title='bbox 995 1610 1039 1633; x_wconf 84' lang='lat' dir='ltr'>ac</span> <span class='ocrx_word' id='word_1_193' title='bbox 1068 1604 1252 1644; x_wconf 85' lang='lat' dir='ltr'>perpetuo</span> <span class='ocrx_word' id='word_1_194' title='bbox 1280 1607 1325 1631; x_wconf 90' lang='lat' dir='ltr'>u-</span> 
     </span>
     <span class='ocr_line' id='line_1_29' title="bbox 204 1647 1326 1704; baseline -0.005 -15"><span class='ocrx_word' id='word_1_195' title='bbox 204 1666 301 1704; x_wconf 79' lang='lat' dir='ltr'>sque</span> <span class='ocrx_word' id='word_1_196' title='bbox 329 1653 376 1689; x_wconf 81' lang='lat' dir='ltr'>ad</span> <span class='ocrx_word' id='word_1_197' title='bbox 405 1651 611 1691; x_wconf 76' lang='lat' dir='ltr'>adventum</span> <span class='ocrx_word' id='word_1_198' title='bbox 628 1651 781 1689; x_wconf 79' lang='lat' dir='ltr'>Messiae</span> <span class='ocrx_word' id='word_1_199' title='bbox 804 1664 870 1688; x_wconf 85' lang='lat' dir='ltr'>sua</span> <span class='ocrx_word' id='word_1_200' title='bbox 899 1649 987 1699; x_wconf 69' lang='lat' dir='ltr'>jura</span> <span class='ocrx_word' id='word_1_201' title='bbox 1006 1649 1210 1699; x_wconf 64' lang='lat' dir='ltr'>retineret,</span> <span class='ocrx_word' id='word_1_202' title='bbox 1240 1647 1326 1696; x_wconf 87' lang='lat' dir='ltr'>qui-</span> 
     </span>
     <span class='ocr_line' id='line_1_30' title="bbox 207 1701 1325 1758; baseline -0.009 -12"><span class='ocrx_word' id='word_1_203' title='bbox 207 1709 279 1747; x_wconf 89' lang='lat' dir='ltr'>bus</span> <span class='ocrx_word' id='word_1_204' title='bbox 309 1708 453 1746; x_wconf 81' lang='lat' dir='ltr'>scilicet</span> <span class='ocrx_word' id='word_1_205' title='bbox 482 1722 519 1744; x_wconf 86' lang='lat' dir='ltr'>se</span> <span class='ocrx_word' id='word_1_206' title='bbox 549 1708 672 1758; x_wconf 80' lang='lat' dir='ltr'>ipsam</span> <span class='ocrx_word' id='word_1_207' title='bbox 690 1704 852 1755; x_wconf 82' lang='lat' dir='ltr'>propriis</span> <span class='ocrx_word' id='word_1_208' title='bbox 870 1701 1014 1751; x_wconf 79' lang='lat' dir='ltr'>legibus</span> <span class='ocrx_word' id='word_1_209' title='bbox 1032 1708 1194 1750; x_wconf 81' lang='lat' dir='ltr'>regeret,</span> <span class='ocrx_word' id='word_1_210' title='bbox 1223 1711 1325 1736; x_wconf 82' lang='lat' dir='ltr'>suos-</span> 
     </span>
     <span class='ocr_line' id='line_1_31' title="bbox 203 1752 1322 1816; baseline -0.01 -17"><span class='ocrx_word' id='word_1_211' title='bbox 203 1777 283 1816; x_wconf 85' lang='lat' dir='ltr'>que</span> <span class='ocrx_word' id='word_1_212' title='bbox 312 1761 509 1811; x_wconf 80' lang='lat' dir='ltr'>Principes</span> <span class='ocrx_word' id='word_1_213' title='bbox 527 1790 536 1807; x_wconf 90' lang='lat'>,</span> <span class='ocrx_word' id='word_1_214' title='bbox 567 1773 609 1795; x_wconf 82' lang='lat' dir='ltr'>ac</span> <span class='ocrx_word' id='word_1_215' title='bbox 640 1756 883 1808; x_wconf 81' lang='lat' dir='ltr'>Magistratus</span> <span class='ocrx_word' id='word_1_216' title='bbox 912 1754 1067 1791; x_wconf 80' lang='lat' dir='ltr'>haberet</span> <span class='ocrx_word' id='word_1_217' title='bbox 1085 1778 1094 1789; x_wconf 89' lang='lat'><strong>.</strong></span> <span class='ocrx_word' id='word_1_218' title='bbox 1131 1752 1227 1789; x_wconf 75' lang='lat' dir='ltr'>Haec</span> <span class='ocrx_word' id='word_1_219' title='bbox 1257 1765 1322 1788; x_wconf 83' lang='lat' dir='ltr'>au-</span> 
     </span>
     <span class='ocr_line' id='line_1_32' title="bbox 206 1806 1322 1866; baseline -0.009 -13"><span class='ocrx_word' id='word_1_220' title='bbox 206 1825 283 1854; x_wconf 80' lang='lat' dir='ltr'>tem</span> <span class='ocrx_word' id='word_1_221' title='bbox 315 1814 515 1866; x_wconf 84' lang='lat' dir='ltr'>promissio</span> <span class='ocrx_word' id='word_1_222' title='bbox 543 1813 667 1862; x_wconf 79' lang='lat' dir='ltr'>reipsa</span> <span class='ocrx_word' id='word_1_223' title='bbox 695 1807 903 1860; x_wconf 80' lang='lat' dir='ltr'>adimpleta</span> <span class='ocrx_word' id='word_1_224' title='bbox 924 1807 1018 1851; x_wconf 79' lang='lat' dir='ltr'>fuit3</span> <span class='ocrx_word' id='word_1_225' title='bbox 1049 1806 1188 1842; x_wconf 86' lang='lat' dir='ltr'>scimus</span> <span class='ocrx_word' id='word_1_226' title='bbox 1218 1806 1322 1843; x_wconf 82' lang='lat' dir='ltr'>enim</span> 
     </span>
     <span class='ocr_line' id='line_1_33' title="bbox 205 1860 1320 1914; baseline -0.012 -7"><span class='ocrx_word' id='word_1_227' title='bbox 205 1870 340 1907; x_wconf 89' lang='lat' dir='ltr'>decem</span> <span class='ocrx_word' id='word_1_228' title='bbox 370 1867 491 1905; x_wconf 88' lang='lat' dir='ltr'>tribus</span> <span class='ocrx_word' id='word_1_229' title='bbox 519 1863 633 1903; x_wconf 85' lang='lat' dir='ltr'>lsrael</span> <span class='ocrx_word' id='word_1_230' title='bbox 652 1893 662 1911; x_wconf 85' lang='lat'>‚</span> <span class='ocrx_word' id='word_1_231' title='bbox 710 1875 797 1914; x_wconf 81' lang='lat' dir='ltr'>quae</span> <span class='ocrx_word' id='word_1_232' title='bbox 827 1875 864 1898; x_wconf 87' lang='lat' dir='ltr'>se</span> <span class='ocrx_word' id='word_1_233' title='bbox 893 1875 915 1897; x_wconf 78' lang='lat' dir='ltr'>a</span> <span class='ocrx_word' id='word_1_234' title='bbox 943 1860 1039 1898; x_wconf 65' lang='lat' dir='ltr'>§Iuda</span> <span class='ocrx_word' id='word_1_235' title='bbox 1069 1867 1320 1909; x_wconf 74' lang='lat' dir='ltr'>separarunt,</span> 
     </span>
     <span class='ocr_line' id='line_1_34' title="bbox 207 1911 1321 1968; baseline -0.01 -9"><span class='ocrx_word' id='word_1_236' title='bbox 207 1923 323 1960; x_wconf 78' lang='lat' dir='ltr'>fuisse</span> <span class='ocrx_word' id='word_1_237' title='bbox 353 1919 502 1957; x_wconf 85' lang='lat' dir='ltr'>tandem</span> <span class='ocrx_word' id='word_1_238' title='bbox 532 1931 554 1955; x_wconf 79' lang='lat' dir='ltr'>a</span> <span class='ocrx_word' id='word_1_239' title='bbox 570 1916 733 1968; x_wconf 80' lang='lat' dir='ltr'>Regibus</span> <span class='ocrx_word' id='word_1_240' title='bbox 754 1915 880 1966; x_wconf 72' lang='lat' dir='ltr'>Syriae</span> <span class='ocrx_word' id='word_1_241' title='bbox 903 1915 942 1951; x_wconf 91' lang='lat' dir='ltr'>in</span> <span class='ocrx_word' id='word_1_242' title='bbox 973 1912 1230 1963; x_wconf 80' lang='lat' dir='ltr'>captivitatem</span> <span class='ocrx_word' id='word_1_243' title='bbox 1253 1911 1321 1949; x_wconf 84' lang='lat' dir='ltr'>ab·</span> 
     </span>
     <span class='ocr_line' id='line_1_35' title="bbox 205 1966 1319 2021; baseline -0.01 -9"><span class='ocrx_word' id='word_1_244' title='bbox 205 1975 362 2021; x_wconf 85' lang='lat' dir='ltr'>ductas,</span> <span class='ocrx_word' id='word_1_245' title='bbox 393 1971 427 2007; x_wconf 74' lang='lat'>8&lt;</span> <span class='ocrx_word' id='word_1_246' title='bbox 456 1972 552 2008; x_wconf 84' lang='lat' dir='ltr'>inter</span> <span class='ocrx_word' id='word_1_247' title='bbox 580 1977 707 2021; x_wconf 78' lang='lat' dir='ltr'>gentes</span> <span class='ocrx_word' id='word_1_248' title='bbox 736 1968 949 2020; x_wconf 82' lang='lat' dir='ltr'>dispersas,</span> <span class='ocrx_word' id='word_1_249' title='bbox 980 1978 1136 2017; x_wconf 80' lang='lat' dir='ltr'>eosque,</span> <span class='ocrx_word' id='word_1_250' title='bbox 1165 1966 1233 2017; x_wconf 89' lang='lat' dir='ltr'>qui</span> <span class='ocrx_word' id='word_1_251' title='bbox 1255 1979 1319 2004; x_wconf 83' lang='lat' dir='ltr'>va-</span> 
     </span>
     <span class='ocr_line' id='line_1_36' title="bbox 204 2018 1321 2075; baseline -0.007 -10"><span class='ocrx_word' id='word_1_252' title='bbox 204 2027 272 2065; x_wconf 75' lang='lat' dir='ltr'>riis</span> <span class='ocrx_word' id='word_1_253' title='bbox 301 2026 423 2064; x_wconf 79' lang='lat' dir='ltr'>modis</span> <span class='ocrx_word' id='word_1_254' title='bbox 451 2038 488 2063; x_wconf 86' lang='lat' dir='ltr'>se</span> <span class='ocrx_word' id='word_1_255' title='bbox 508 2022 763 2075; x_wconf 77' lang='lat' dir='ltr'>acaptivitate</span> <span class='ocrx_word' id='word_1_256' title='bbox 777 2020 1072 2065; x_wconf 76' lang='lat' dir='ltr'>subtraxerunt,</span> <span class='ocrx_word' id='word_1_257' title='bbox 1103 2018 1216 2056; x_wconf 79' lang='lat' dir='ltr'>fuisse</span> <span class='ocrx_word' id='word_1_258' title='bbox 1230 2031 1321 2057; x_wconf 89' lang='lat' dir='ltr'>cum</span> 
     </span>
     <span class='ocr_line' id='line_1_37' title="bbox 202 2073 1320 2132; baseline -0.009 -14"><span class='ocrx_word' id='word_1_259' title='bbox 202 2081 306 2118; x_wconf 86' lang='lat' dir='ltr'>tribu</span> <span class='ocrx_word' id='word_1_260' title='bbox 335 2079 434 2118; x_wconf 84' lang='lat' dir='ltr'>Juda</span> <span class='ocrx_word' id='word_1_261' title='bbox 452 2087 470 2127; x_wconf 78' lang='grc'>,“</span> <span class='ocrx_word' id='word_1_262' title='bbox 492 2090 609 2130; x_wconf 81' lang='lat' dir='ltr'>quam</span> <span class='ocrx_word' id='word_1_263' title='bbox 638 2087 788 2126; x_wconf 75' lang='lat' dir='ltr'>semper</span> <span class='ocrx_word' id='word_1_264' title='bbox 816 2074 1030 2132; x_wconf 69' lang='lat' dir='ltr'>invenimps</span> <span class='ocrx_word' id='word_1_265' title='bbox 1057 2073 1232 2108; x_wconf 87' lang='lat' dir='ltr'>omnium</span> <span class='ocrx_word' id='word_1_266' title='bbox 1254 2084 1320 2124; x_wconf 86' lang='lat' dir='ltr'>po-</span> 
     </span>
     <span class='ocr_line' id='line_1_38' title="bbox 202 2124 1319 2186; baseline -0.009 -15"><span class='ocrx_word' id='word_1_267' title='bbox 202 2133 514 2186; x_wconf 79' lang='lat' dir='ltr'>pulosissimam,</span> <span class='ocrx_word' id='word_1_268' title='bbox 557 2130 806 2168; x_wconf 77' lang='lat' dir='ltr'>commixtos:</span> <span class='ocrx_word' id='word_1_269' title='bbox 854 2125 997 2164; x_wconf 75' lang='lat' dir='ltr'>tribum</span> <span class='ocrx_word' id='word_1_270' title='bbox 1040 2125 1153 2161; x_wconf 81' lang='lat' dir='ltr'>etiam</span> <span class='ocrx_word' id='word_1_271' title='bbox 1186 2124 1319 2162; x_wconf 85' lang='lat' dir='ltr'>Benia-</span> 
     </span>
     <span class='ocr_line' id='line_1_39' title="bbox 203 2177 1317 2238; baseline -0.009 -13"><span class='ocrx_word' id='word_1_272' title='bbox 203 2189 314 2235; x_wconf 86' lang='lat' dir='ltr'>min,</span> <span class='ocrx_word' id='word_1_273' title='bbox 343 2194 491 2238; x_wconf 85' lang='lat' dir='ltr'>partem</span> <span class='ocrx_word' id='word_1_274' title='bbox 521 2185 610 2221; x_wconf 87' lang='lat' dir='ltr'>item</span> <span class='ocrx_word' id='word_1_275' title='bbox 640 2182 761 2220; x_wconf 86' lang='lat' dir='ltr'>tribus</span> <span class='ocrx_word' id='word_1_276' title='bbox 790 2180 973 2226; x_wconf 76' lang='lat' dir='ltr'>Simeon,</span> <span class='ocrx_word' id='word_1_277' title='bbox 1011 2177 1216 2230; x_wconf 70' lang='lat' dir='ltr'>pluresque</span> <span class='ocrx_word' id='word_1_278' title='bbox 1246 2178 1317 2215; x_wconf 84' lang='lat' dir='ltr'>Le-</span> 
     </span>
     <span class='ocr_line' id='line_1_40' title="bbox 202 2231 1317 2282; baseline -0.009 -6"><span class='ocrx_word' id='word_1_279' title='bbox 202 2242 368 2279; x_wconf 79' lang='lat' dir='ltr'>vitarum</span> <span class='ocrx_word' id='word_1_280' title='bbox 399 2236 565 2276; x_wconf 77' lang='lat' dir='ltr'>familias</span> <span class='ocrx_word' id='word_1_281' title='bbox 593 2238 645 2274; x_wconf 82' lang='lat' dir='ltr'>ita</span> <span class='ocrx_word' id='word_1_282' title='bbox 675 2236 789 2273; x_wconf 80' lang='lat' dir='ltr'>fuisse</span> <span class='ocrx_word' id='word_1_283' title='bbox 833 2233 951 2271; x_wconf 86' lang='lat' dir='ltr'>tribui</span> <span class='ocrx_word' id='word_1_284' title='bbox 981 2231 1079 2269; x_wconf 75' lang='lat' dir='ltr'>Juda</span> <span class='ocrx_word' id='word_1_285' title='bbox 1120 2232 1228 2282; x_wconf 78' lang='lat' dir='ltr'>quasi</span> <span class='ocrx_word' id='word_1_286' title='bbox 1258 2233 1317 2269; x_wconf 89' lang='lat' dir='ltr'>in-</span> 
     </span>
     <span class='ocr_line' id='line_1_41' title="bbox 203 2282 1316 2341; baseline -0.01 -10"><span class='ocrx_word' id='word_1_287' title='bbox 203 2302 345 2341; x_wconf 82' lang='lat' dir='ltr'>sertas,</span> <span class='ocrx_word' id='word_1_288' title='bbox 394 2300 432 2329; x_wconf 90' lang='lat' dir='ltr'>ut</span> <span class='ocrx_word' id='word_1_289' title='bbox 461 2300 541 2340; x_wconf 84' lang='lat' dir='ltr'>post</span> <span class='ocrx_word' id='word_1_290' title='bbox 570 2288 734 2327; x_wconf 71' lang='lat' dir='ltr'>schisma.</span> <span class='ocrx_word' id='word_1_291' title='bbox 771 2288 902 2325; x_wconf 80' lang='lat' dir='ltr'>decem</span> <span class='ocrx_word' id='word_1_292' title='bbox 932 2285 1105 2322; x_wconf 84' lang='lat' dir='ltr'>tribuum</span> <span class='ocrx_word' id='word_1_293' title='bbox 1149 2282 1209 2321; x_wconf 89' lang='lat' dir='ltr'>illi</span> <span class='ocrx_word' id='word_1_294' title='bbox 1238 2284 1316 2322; x_wconf 87' lang='lat' dir='ltr'>He-</span> 
     </span>
     <span class='ocr_line' id='line_1_42' title="bbox 202 2337 1316 2397; baseline -0.009 -12"><span class='ocrx_word' id='word_1_295' title='bbox 202 2347 328 2394; x_wconf 81' lang='lat' dir='ltr'>braei‚</span> <span class='ocrx_word' id='word_1_296' title='bbox 366 2345 434 2397; x_wconf 86' lang='lat' dir='ltr'>qui</span> <span class='ocrx_word' id='word_1_297' title='bbox 465 2343 633 2382; x_wconf 75' lang='lat' dir='ltr'>Roboam</span> <span class='ocrx_word' id='word_1_298' title='bbox 662 2341 796 2380; x_wconf 79' lang='lat' dir='ltr'>fideles</span> <span class='ocrx_word' id='word_1_299' title='bbox 824 2339 1095 2385; x_wconf 70' lang='lat' dir='ltr'>adhaeserunt,</span> <span class='ocrx_word' id='word_1_300' title='bbox 1139 2350 1211 2375; x_wconf 85' lang='lat' dir='ltr'>non</span> <span class='ocrx_word' id='word_1_301' title='bbox 1237 2337 1316 2376; x_wconf 82' lang='lat' dir='ltr'>alio</span> 
     </span>
     <span class='ocr_line' id='line_1_43' title="bbox 202 2391 1317 2453; baseline -0.007 -16"><span class='ocrx_word' id='word_1_302' title='bbox 202 2413 322 2453; x_wconf 82' lang='lat' dir='ltr'>quam</span> <span class='ocrx_word' id='word_1_303' title='bbox 351 2396 581 2435; x_wconf 73' lang='lat' dir='ltr'>Judaeornm</span> <span class='ocrx_word' id='word_1_304' title='bbox 609 2396 763 2433; x_wconf 83' lang='lat' dir='ltr'>nomine</span> <span class='ocrx_word' id='word_1_305' title='bbox 791 2392 1074 2445; x_wconf 85' lang='lat' dir='ltr'>appellarentur</span> <span class='ocrx_word' id='word_1_306' title='bbox 1093 2417 1101 2428; x_wconf 90' lang='lat'><em>.</em></span> <span class='ocrx_word' id='word_1_307' title='bbox 1134 2391 1235 2428; x_wconf 88' lang='lat' dir='ltr'>Hinc</span> <span class='ocrx_word' id='word_1_308' title='bbox 1265 2399 1317 2429; x_wconf 87' lang='lat' dir='ltr'>est</span> 
     </span>
     <span class='ocr_line' id='line_1_44' title="bbox 201 2443 1317 2504; baseline -0.008 -14"><span class='ocrx_word' id='word_1_309' title='bbox 201 2453 308 2504; x_wconf 86' lang='lat' dir='ltr'>quod</span> <span class='ocrx_word' id='word_1_310' title='bbox 336 2452 477 2489; x_wconf 86' lang='lat' dir='ltr'>dicitur</span> <span class='ocrx_word' id='word_1_311' title='bbox 506 2451 620 2488; x_wconf 85' lang='lat' dir='ltr'>etiam</span> <span class='ocrx_word' id='word_1_312' title='bbox 642 2447 730 2487; x_wconf 83' lang='lat' dir='ltr'>Lib.</span> <span class='ocrx_word' id='word_1_313' title='bbox 747 2447 817 2485; x_wconf 87' lang='grc' dir='ltr'><strong>ΙΙΙ.</strong></span> <span class='ocrx_word' id='word_1_314' title='bbox 848 2444 1000 2497; x_wconf 78' lang='lat' dir='ltr'>Regum</span> <span class='ocrx_word' id='word_1_315' title='bbox 1017 2443 1110 2482; x_wconf 73' lang='lat' dir='ltr'>XH.</span> <span class='ocrx_word' id='word_1_316' title='bbox 1134 2458 1198 2482; x_wconf 77' lang='lat'>20.</span> <span class='ocrx_word' id='word_1_317' title='bbox 1229 2443 1317 2482; x_wconf 76' lang='lat' dir='ltr'>Nec</span> 
     </span>
     <span class='ocr_line' id='line_1_45' title="bbox 202 2496 1318 2554; baseline -0.009 -10"><span class='ocrx_word' id='word_1_318' title='bbox 202 2515 357 2544; x_wconf 76' lang='lat' dir='ltr'>secutus</span> <span class='ocrx_word' id='word_1_319' title='bbox 386 2512 444 2541; x_wconf 73' lang='lat' dir='ltr'>est</span> <span class='ocrx_word' id='word_1_320' title='bbox 473 2507 683 2554; x_wconf 74' lang='lat' dir='ltr'>quisquam</span> <span class='ocrx_word' id='word_1_321' title='bbox 713 2499 875 2538; x_wconf 79' lang='lat' dir='ltr'>domum</span> <span class='ocrx_word' id='word_1_322' title='bbox 896 2498 1027 2537; x_wconf 45' lang='lat' dir='ltr'>Dari-*l</span> <span class='ocrx_word' id='word_1_323' title='bbox 1049 2501 1063 2549; x_wconf 93' lang='lat'>(</span> <span class='ocrx_word' id='word_1_324' title='bbox 1084 2496 1230 2535; x_wconf 83' lang='lat' dir='ltr'>scilicet</span> <span class='ocrx_word' id='word_1_325' title='bbox 1245 2497 1318 2534; x_wconf 85' lang='lat' dir='ltr'>Ro-</span> 
     </span>
     <span class='ocr_line' id='line_1_46' title="bbox 200 2550 1318 2608; baseline -0.009 -11"><span class='ocrx_word' id='word_1_326' title='bbox 200 2558 317 2598; x_wconf 75' lang='lat' dir='ltr'>boam</span> <span class='ocrx_word' id='word_1_327' title='bbox 348 2556 489 2608; x_wconf 80' lang='lat' dir='ltr'>Regem</span> <span class='ocrx_word' id='word_1_328' title='bbox 519 2557 535 2605; x_wconf 89' lang='lat'>)</span> <span class='ocrx_word' id='word_1_329' title='bbox 576 2563 722 2607; x_wconf 66' lang='lat' dir='ltr'>praeter·</span> <span class='ocrx_word' id='word_1_330' title='bbox 759 2552 902 2590; x_wconf 66' lang='lat' dir='ltr'>tribum</span> <span class='ocrx_word' id='word_1_331' title='bbox 930 2550 1034 2589; x_wconf 48' lang='lat' dir='ltr'>suita</span> <span class='ocrx_word' id='word_1_332' title='bbox 1076 2551 1234 2588; x_wconf 75' lang='lat' dir='ltr'>solam:</span> <span class='ocrx_word' id='word_1_333' title='bbox 1282 2551 1318 2587; x_wconf 71' lang='grc' dir='ltr'>δι</span> 
     </span>
     <span class='ocr_line' id='line_1_47' title="bbox 202 2603 1317 2662; baseline -0.007 -12"><span class='ocrx_word' id='word_1_334' title='bbox 202 2612 322 2650; x_wconf 75' lang='lat' dir='ltr'>Libro</span> <span class='ocrx_word' id='word_1_335' title='bbox 350 2618 485 2662; x_wconf 81' lang='lat' dir='ltr'>quarto</span> <span class='ocrx_word' id='word_1_336' title='bbox 512 2623 598 2661; x_wconf 76' lang='lat' dir='ltr'>cap.</span> <span class='ocrx_word' id='word_1_337' title='bbox 627 2606 756 2645; x_wconf 85' lang='lat' dir='ltr'>XVII.</span> <span class='ocrx_word' id='word_1_338' title='bbox 793 2605 854 2644; x_wconf 82' lang='grc'><strong>18.</strong></span> <span class='ocrx_word' id='word_1_339' title='bbox 883 2603 978 2643; x_wconf 78' lang='lat' dir='ltr'>Non</span> <span class='ocrx_word' id='word_1_340' title='bbox 1008 2609 1227 2653; x_wconf 76' lang='lat' dir='ltr'>remansit,</span> <span class='ocrx_word' id='word_1_341' title='bbox 1257 2608 1317 2642; x_wconf 78' lang='grc' dir='ltr'>ηἰ-</span> 
     </span>
     <span class='ocr_line' id='line_1_48' title="bbox 201 2658 1317 2702; baseline -0.005 -1"><span class='ocrx_word' id='word_1_342' title='bbox 201 2668 235 2702; x_wconf 76' lang='lat' dir='ltr'>si</span> <span class='ocrx_word' id='word_1_343' title='bbox 264 2663 384 2701; x_wconf 74' lang='lat' dir='ltr'>tribus</span> <span class='ocrx_word' id='word_1_344' title='bbox 411 2662 517 2701; x_wconf 67' lang='lat' dir='ltr'>Iuda,</span> <span class='ocrx_word' id='word_1_345' title='bbox 558 2659 864 2698; x_wconf 72' lang='lat' dir='ltr'>tantummodo.</span> <span class='ocrx_word' id='word_1_346' title='bbox 913 2659 1012 2697; x_wconf 86' lang='lat' dir='ltr'>Hinc</span> <span class='ocrx_word' id='word_1_347' title='bbox 1041 2658 1199 2696; x_wconf 82' lang='lat' dir='ltr'>demum</span> <span class='ocrx_word' id='word_1_348' title='bbox 1241 2667 1317 2696; x_wconf 81' lang='lat' dir='ltr'>tota</span> 
     </span>
     <span class='ocr_line' id='line_1_49' title="bbox 203 2713 862 2762; baseline -0.011 -7"><span class='ocrx_word' id='word_1_349' title='bbox 203 2717 270 2756; x_wconf 79' lang='lat' dir='ltr'>illa</span> <span class='ocrx_word' id='word_1_350' title='bbox 299 2726 399 2755; x_wconf 79' lang='lat' dir='ltr'>terra</span> <span class='ocrx_word' id='word_1_351' title='bbox 426 2715 530 2754; x_wconf 69' lang='lat' dir='ltr'>luda</span> <span class='ocrx_word' id='word_1_352' title='bbox 558 2715 661 2752; x_wconf 76' lang='lat' dir='ltr'>dicta</span> <span class='ocrx_word' id='word_1_353' title='bbox 688 2722 740 2750; x_wconf 87' lang='lat' dir='ltr'>est</span> <span class='ocrx_word' id='word_1_354' title='bbox 769 2713 833 2762; x_wconf 81' lang='lat' dir='ltr'>(a)</span> <span class='ocrx_word' id='word_1_355' title='bbox 851 2738 862 2749; x_wconf 88' lang='lat'><strong>.</strong></span> 
     </span>
    </p>

    <p class='ocr_par' dir='ltr' id='par_1_5' title="bbox 204 2764 1319 2974">
     <span class='ocr_line' id='line_1_50' title="bbox 263 2764 1318 2820; baseline -0.007 -12"><span class='ocrx_word' id='word_1_356' title='bbox 263 2784 350 2809; x_wconf 73' lang='lat'><strong>102·</strong></span> <span class='ocrx_word' id='word_1_357' title='bbox 378 2771 434 2808; x_wconf 84' lang='lat' dir='ltr'>Ita</span> <span class='ocrx_word' id='word_1_358' title='bbox 464 2769 630 2820; x_wconf 82' lang='lat' dir='ltr'>exposito</span> <span class='ocrx_word' id='word_1_359' title='bbox 659 2766 934 2805; x_wconf 79' lang='lat' dir='ltr'>benedictionis</span> <span class='ocrx_word' id='word_1_360' title='bbox 962 2764 1154 2802; x_wconf 79' lang='lat' dir='ltr'>Jaeohaeae</span> <span class='ocrx_word' id='word_1_361' title='bbox 1184 2777 1318 2812; x_wconf 86' lang='lat' dir='ltr'>sensu,</span> 
     </span>
     <span class='ocr_line' id='line_1_51' title="bbox 204 2816 1319 2874; baseline -0.004 -16"><span class='ocrx_word' id='word_1_362' title='bbox 204 2821 313 2874; x_wconf 75' lang='lat' dir='ltr'>longe</span> <span class='ocrx_word' id='word_1_363' title='bbox 341 2822 668 2862; x_wconf 83' lang='lat' dir='ltr'>evidentissimum</span> <span class='ocrx_word' id='word_1_364' title='bbox 698 2828 777 2868; x_wconf 85' lang='lat' dir='ltr'>est,</span> <span class='ocrx_word' id='word_1_365' title='bbox 807 2827 996 2869; x_wconf 83' lang='lat' dir='ltr'>sceptrum</span> <span class='ocrx_word' id='word_1_366' title='bbox 1027 2819 1066 2855; x_wconf 90' lang='lat' dir='ltr'>in</span> <span class='ocrx_word' id='word_1_367' title='bbox 1095 2816 1200 2854; x_wconf 85' lang='lat' dir='ltr'>trihu</span> <span class='ocrx_word' id='word_1_368' title='bbox 1219 2817 1319 2854; x_wconf 82' lang='lat' dir='ltr'>Juda</span> 
     </span>
     <span class='ocr_line' id='line_1_52' title="bbox 206 2869 1318 2927; baseline -0.003 -18"><span class='ocrx_word' id='word_1_369' title='bbox 206 2888 459 2923; x_wconf 82' lang='lat' dir='ltr'>perseverasse</span> <span class='ocrx_word' id='word_1_370' title='bbox 489 2888 609 2927; x_wconf 90' lang='lat' dir='ltr'>usque</span> <span class='ocrx_word' id='word_1_371' title='bbox 637 2874 684 2911; x_wconf 81' lang='lat' dir='ltr'>ad</span> <span class='ocrx_word' id='word_1_372' title='bbox 701 2873 909 2911; x_wconf 87' lang='lat' dir='ltr'>adventum</span> <span class='ocrx_word' id='word_1_373' title='bbox 924 2870 1105 2917; x_wconf 75' lang='lat' dir='ltr'>Messiae,</span> <span class='ocrx_word' id='word_1_374' title='bbox 1136 2883 1200 2907; x_wconf 84' lang='lat' dir='ltr'>seu</span> <span class='ocrx_word' id='word_1_375' title='bbox 1229 2869 1318 2907; x_wconf 87' lang='lat' dir='ltr'>Jesu</span> 
     </span>
     <span class='ocr_line' id='line_1_53' title="bbox 207 2921 1317 2974; baseline -0.003 -10"><span class='ocrx_word' id='word_1_376' title='bbox 207 2925 429 2974; x_wconf 66' lang='lat' dir='ltr'>Nazarae1213</span> <span class='ocrx_word' id='word_1_377' title='bbox 457 2944 546 2969; x_wconf 85' lang='lat' dir='ltr'>nam</span> <span class='ocrx_word' id='word_1_378' title='bbox 575 2937 664 2968; x_wconf 86' lang='lat' dir='ltr'>tunc</span> <span class='ocrx_word' id='word_1_379' title='bbox 680 2926 804 2966; x_wconf 81' lang='lat' dir='ltr'>solum</span> <span class='ocrx_word' id='word_1_380' title='bbox 818 2925 953 2965; x_wconf 80' lang='lat' dir='ltr'>Judaea</span> <span class='ocrx_word' id='word_1_381' title='bbox 982 2921 1200 2962; x_wconf 80' lang='lat' dir='ltr'>aRomanis</span> <span class='ocrx_word' id='word_1_382' title='bbox 1228 2922 1317 2961; x_wconf 89' lang='lat' dir='ltr'>sub-</span> 
     </span>
    </p>
   </div>
   <div class='ocr_carea' id='block_1_3' title="bbox 175 3074 1316 3393">
    <p class='ocr_par' dir='ltr' id='par_1_6' title="bbox 175 3074 1316 3393">
     <span class='ocr_line' id='line_1_54' title="bbox 259 3074 1315 3118; baseline 0 -12"><span class='ocrx_word' id='word_1_383' title='bbox 259 3078 307 3111; x_wconf 58' lang='grc' dir='ltr'>(αδ</span> <span class='ocrx_word' id='word_1_384' title='bbox 337 3074 380 3106; x_wconf 81' lang='lat' dir='ltr'>R.</span> <span class='ocrx_word' id='word_1_385' title='bbox 405 3075 576 3111; x_wconf 70' lang='lat' dir='ltr'>Jonathan</span> <span class='ocrx_word' id='word_1_386' title='bbox 601 3078 793 3111; x_wconf 67' lang='lat' dir='ltr'>ben-Ubiel</span> <span class='ocrx_word' id='word_1_387' title='bbox 819 3077 853 3110; x_wconf 85' lang='lat' dir='ltr'>in</span> <span class='ocrx_word' id='word_1_388' title='bbox 890 3088 952 3109; x_wconf 85' lang='lat' dir='ltr'>suo</span> <span class='ocrx_word' id='word_1_389' title='bbox 979 3075 1135 3118; x_wconf 80' lang='lat' dir='ltr'>Targum</span> <span class='ocrx_word' id='word_1_390' title='bbox 1173 3074 1220 3107; x_wconf 84' lang='lat' dir='ltr'>ita</span> <span class='ocrx_word' id='word_1_391' title='bbox 1253 3085 1315 3107; x_wconf 78' lang='lat' dir='ltr'>ex-</span> 
     </span>
     <span class='ocr_line' id='line_1_55' title="bbox 207 3119 1316 3164; baseline 0.002 -13"><span class='ocrx_word' id='word_1_392' title='bbox 207 3119 314 3163; x_wconf 76' lang='lat' dir='ltr'>plicat</span> <span class='ocrx_word' id='word_1_393' title='bbox 340 3120 445 3152; x_wconf 70' lang='lat' dir='ltr'>verba</span> <span class='ocrx_word' id='word_1_394' title='bbox 469 3122 718 3158; x_wconf 73' lang='lat' dir='ltr'>benedictionis</span> <span class='ocrx_word' id='word_1_395' title='bbox 744 3124 939 3157; x_wconf 74' lang='lat' dir='ltr'>Jacobaeae:</span> <span class='ocrx_word' id='word_1_396' title='bbox 966 3121 1011 3153; x_wconf 82' lang='lat' dir='ltr'>Te</span> <span class='ocrx_word' id='word_1_397' title='bbox 1034 3120 1217 3154; x_wconf 70' lang='lat' dir='ltr'>laudabunt</span> <span class='ocrx_word' id='word_1_398' title='bbox 1232 3120 1316 3164; x_wconf 79' lang='lat' dir='ltr'>fra-</span> 
     </span>
     <span class='ocr_line' id='line_1_56' title="bbox 205 3168 1316 3207; baseline 0 -8"><span class='ocrx_word' id='word_1_399' title='bbox 205 3174 279 3199; x_wconf 74' lang='lat' dir='ltr'>tres</span> <span class='ocrx_word' id='word_1_400' title='bbox 304 3169 375 3207; x_wconf 83' lang='lat' dir='ltr'>tui,</span> <span class='ocrx_word' id='word_1_401' title='bbox 401 3169 441 3197; x_wconf 57' lang='lat' dir='ltr'>&lt;J</span> <span class='ocrx_word' id='word_1_402' title='bbox 467 3169 661 3202; x_wconf 71' lang='lat' dir='ltr'>vocabuntur</span> <span class='ocrx_word' id='word_1_403' title='bbox 686 3170 794 3204; x_wconf 75' lang='lat' dir='ltr'>Judaei</span> <span class='ocrx_word' id='word_1_404' title='bbox 819 3173 862 3203; x_wconf 82' lang='lat' dir='ltr'>de</span> <span class='ocrx_word' id='word_1_405' title='bbox 888 3172 1020 3202; x_wconf 78' lang='lat' dir='ltr'>nomine</span> <span class='ocrx_word' id='word_1_406' title='bbox 1046 3176 1100 3200; x_wconf 78' lang='lat' dir='ltr'>tuo</span> <span class='ocrx_word' id='word_1_407' title='bbox 1116 3189 1125 3198; x_wconf 82' lang='lat'><strong>.</strong></span> <span class='ocrx_word' id='word_1_408' title='bbox 1161 3168 1316 3201; x_wconf 85' lang='lat' dir='ltr'>Consen-</span> 
     </span>
     <span class='ocr_line' id='line_1_57' title="bbox 206 3211 1316 3259; baseline 0.001 -15"><span class='ocrx_word' id='word_1_409' title='bbox 206 3211 252 3244; x_wconf 68' lang='lat' dir='ltr'>tit</span> <span class='ocrx_word' id='word_1_410' title='bbox 278 3211 434 3255; x_wconf 76' lang='lat' dir='ltr'>Targum</span> <span class='ocrx_word' id='word_1_411' title='bbox 458 3212 814 3257; x_wconf 76' lang='lat' dir='ltr'>Jerosolymitanum,</span> <span class='ocrx_word' id='word_1_412' title='bbox 847 3217 1028 3259; x_wconf 79' lang='lat' dir='ltr'>inquiens:</span> <span class='ocrx_word' id='word_1_413' title='bbox 1068 3214 1160 3247; x_wconf 68' lang='grc' dir='ltr'>ιῙιιεία</span> <span class='ocrx_word' id='word_1_414' title='bbox 1182 3222 1216 3247; x_wconf 81' lang='lat' dir='ltr'>te</span> <span class='ocrx_word' id='word_1_415' title='bbox 1243 3216 1316 3247; x_wconf 81' lang='lat' dir='ltr'>lau-</span> 
     </span>
     <span class='ocr_line' id='line_1_58' title="bbox 208 3257 1315 3301; baseline 0.003 -12"><span class='ocrx_word' id='word_1_416' title='bbox 208 3258 334 3291; x_wconf 76' lang='lat' dir='ltr'>dabunt</span> <span class='ocrx_word' id='word_1_417' title='bbox 348 3257 489 3301; x_wconf 79' lang='lat' dir='ltr'>fratres</span> <span class='ocrx_word' id='word_1_418' title='bbox 515 3263 589 3298; x_wconf 74' lang='lat' dir='ltr'>tui,</span> <span class='ocrx_word' id='word_1_419' title='bbox 616 3263 655 3291; x_wconf 71' lang='lat'>(5⁴</span> <span class='ocrx_word' id='word_1_420' title='bbox 680 3264 723 3294; x_wconf 85' lang='lat' dir='ltr'>de</span> <span class='ocrx_word' id='word_1_421' title='bbox 748 3266 881 3295; x_wconf 83' lang='lat' dir='ltr'>nomine</span> <span class='ocrx_word' id='word_1_422' title='bbox 909 3271 964 3294; x_wconf 82' lang='lat' dir='ltr'>tuo</span> <span class='ocrx_word' id='word_1_423' title='bbox 984 3261 1184 3294; x_wconf 72' lang='lat' dir='ltr'>vocabuntur</span> <span class='ocrx_word' id='word_1_424' title='bbox 1201 3273 1315 3294; x_wconf 84' lang='lat' dir='ltr'>omnes</span> 
     </span>
     <span class='ocr_line' id='line_1_59' title="bbox 207 3303 1315 3349; baseline 0.005 -12"><span class='ocrx_word' id='word_1_425' title='bbox 207 3303 332 3335; x_wconf 79' lang='lat' dir='ltr'>Judaei·</span> <span class='ocrx_word' id='word_1_426' title='bbox 362 3304 558 3346; x_wconf 79' lang='lat' dir='ltr'>Utrumque</span> <span class='ocrx_word' id='word_1_427' title='bbox 587 3304 742 3349; x_wconf 69' lang='lat' dir='ltr'>&#39;l&#39;asgum</span> <span class='ocrx_word' id='word_1_428' title='bbox 768 3309 946 3344; x_wconf 82' lang='lat' dir='ltr'>invenitur</span> <span class='ocrx_word' id='word_1_429' title='bbox 971 3307 1008 3341; x_wconf 82' lang='lat' dir='ltr'>in</span> <span class='ocrx_word' id='word_1_430' title='bbox 1035 3307 1147 3341; x_wconf 71' lang='lat' dir='ltr'>Temo</span> <span class='ocrx_word' id='word_1_431' title='bbox 1162 3307 1225 3342; x_wconf 78' lang='lat' dir='ltr'>lv.</span> <span class='ocrx_word' id='word_1_432' title='bbox 1251 3307 1315 3342; x_wconf 80' lang='lat' dir='ltr'>Po-</span> 
     </span>
     <span class='ocr_line' id='line_1_60' title="bbox 175 3348 655 3393; baseline 0.002 -12"><span class='ocrx_word' id='word_1_433' title='bbox 175 3362 179 3367; x_wconf 90' lang='lat'><em>·</em></span> <span class='ocrx_word' id='word_1_434' title='bbox 204 3348 331 3393; x_wconf 53' lang='lat' dir='ltr'>{yglom</span> <span class='ocrx_word' id='word_1_435' title='bbox 357 3348 631 3385; x_wconf 78' lang='lat' dir='ltr'>Londinensium</span> <span class='ocrx_word' id='word_1_436' title='bbox 647 3372 655 3382; x_wconf 80' lang='lat'><em>.</em></span> 
     </span>
    </p>
   </div>
   <div class='ocr_carea' id='block_1_4' title="bbox 821 131 1934 179">
    <p class='ocr_par' dir='ltr' id='par_1_7' title="bbox 821 131 1934 179">
     <span class='ocr_line' id='line_1_61' title="bbox 821 131 1934 179; baseline -0.001 -1"><span class='ocrx_word' id='word_1_437' title='bbox 821 135 902 178; x_wconf 86' lang='lat' dir='ltr'>DE</span> <span class='ocrx_word' id='word_1_438' title='bbox 938 133 1409 178; x_wconf 77' lang='lat' dir='ltr'><strong>JNGARNATIONE</strong></span> <span class='ocrx_word' id='word_1_439' title='bbox 1444 131 1612 175; x_wconf 82' lang='lat' dir='ltr'><strong>SECT.</strong></span> <span class='ocrx_word' id='word_1_440' title='bbox 1635 135 1670 177; x_wconf 77' lang='grc' dir='ltr'>Ι,</span> <span class='ocrx_word' id='word_1_441' title='bbox 1705 135 1832 178; x_wconf 77' lang='lat' dir='ltr'><strong>CAP.</strong></span> <span class='ocrx_word' id='word_1_442' title='bbox 1856 135 1934 179; x_wconf 80' lang='lat' dir='ltr'>IV.</span> 
     </span>
    </p>
   </div>
   <div class='ocr_carea' id='block_1_5' title="bbox 1399 215 2512 376">
    <p class='ocr_par' dir='ltr' id='par_1_8' title="bbox 1399 215 2512 376">
     <span class='ocr_line' id='line_1_62' title="bbox 1400 215 2509 269; baseline 0.008 -19"><span class='ocrx_word' id='word_1_443' title='bbox 1400 221 1507 259; x_wconf 81' lang='lat' dir='ltr'>acta,</span> <span class='ocrx_word' id='word_1_444' title='bbox 1555 222 1666 264; x_wconf 80' lang='lat' dir='ltr'>atque</span> <span class='ocrx_word' id='word_1_445' title='bbox 1696 215 1735 251; x_wconf 89' lang='lat' dir='ltr'>in</span> <span class='ocrx_word' id='word_1_446' title='bbox 1766 216 2004 264; x_wconf 82' lang='lat' dir='ltr'>provinciam</span> <span class='ocrx_word' id='word_1_447' title='bbox 2034 218 2208 264; x_wconf 80' lang='lat' dir='ltr'>redacta,</span> <span class='ocrx_word' id='word_1_448' title='bbox 2257 220 2375 269; x_wconf 80' lang='lat' dir='ltr'>coepit</span> <span class='ocrx_word' id='word_1_449' title='bbox 2415 221 2509 259; x_wconf 74' lang='lat' dir='ltr'>trib.</span> 
     </span>
     <span class='ocr_line' id='line_1_63' title="bbox 1399 266 2512 322; baseline 0.008 -20"><span class='ocrx_word' id='word_1_450' title='bbox 1399 266 1498 306; x_wconf 84' lang='lat' dir='ltr'>Juda</span> <span class='ocrx_word' id='word_1_451' title='bbox 1527 275 1632 317; x_wconf 83' lang='lat' dir='ltr'>parte</span> <span class='ocrx_word' id='word_1_452' title='bbox 1660 279 1815 303; x_wconf 87' lang='lat' dir='ltr'>suorum</span> <span class='ocrx_word' id='word_1_453' title='bbox 1843 267 1988 318; x_wconf 84' lang='lat' dir='ltr'>jurium</span> <span class='ocrx_word' id='word_1_454' title='bbox 2020 272 2231 322; x_wconf 78' lang='lat' dir='ltr'>expoliari,</span> <span class='ocrx_word' id='word_1_455' title='bbox 2262 273 2380 310; x_wconf 81' lang='lat' dir='ltr'>donec</span> <span class='ocrx_word' id='word_1_456' title='bbox 2400 272 2512 310; x_wconf 85' lang='lat' dir='ltr'>Jeru-</span> 
     </span>
     <span class='ocr_line' id='line_1_64' title="bbox 1400 317 2511 376; baseline 0.008 -20"><span class='ocrx_word' id='word_1_457' title='bbox 1400 319 1517 357; x_wconf 81' lang='lat' dir='ltr'>salem</span> <span class='ocrx_word' id='word_1_458' title='bbox 1547 319 1617 356; x_wconf 87' lang='lat' dir='ltr'>sub</span> <span class='ocrx_word' id='word_1_459' title='bbox 1648 317 1736 356; x_wconf 80' lang='lat' dir='ltr'>Tito</span> <span class='ocrx_word' id='word_1_460' title='bbox 1776 318 1988 370; x_wconf 75' lang='lat' dir='ltr'>destructa,</span> <span class='ocrx_word' id='word_1_461' title='bbox 2036 325 2106 362; x_wconf 84' lang='lat' dir='ltr'>fuit</span> <span class='ocrx_word' id='word_1_462' title='bbox 2135 324 2219 361; x_wconf 86' lang='lat' dir='ltr'>haec</span> <span class='ocrx_word' id='word_1_463' title='bbox 2261 326 2343 376; x_wconf 61' lang='lat' dir='ltr'>ipsa</span> <span class='ocrx_word' id='word_1_464' title='bbox 2371 326 2511 365; x_wconf 75' lang='lat' dir='ltr'>infelix</span> 
     </span>
    </p>
   </div>
   <div class='ocr_carea' id='block_1_6' title="bbox 1381 370 2512 429">
    <p class='ocr_par' dir='ltr' id='par_1_9' title="bbox 1381 370 2512 429">
     <span class='ocr_line' id='line_1_65' title="bbox 1381 370 2512 429; baseline 0.006 -20"><span class='ocrx_word' id='word_1_465' title='bbox 1381 371 1522 410; x_wconf 72' lang='lat' dir='ltr'>‘tribus</span> <span class='ocrx_word' id='word_1_466' title='bbox 1551 381 1625 409; x_wconf 82' lang='lat' dir='ltr'>toto</span> <span class='ocrx_word' id='word_1_467' title='bbox 1667 370 1759 409; x_wconf 80' lang='lat' dir='ltr'>orbe</span> <span class='ocrx_word' id='word_1_468' title='bbox 1789 372 1981 423; x_wconf 80' lang='lat' dir='ltr'>dispersa,</span> <span class='ocrx_word' id='word_1_469' title='bbox 2029 376 2062 412; x_wconf 75' lang='grc' dir='ltr'>ἃ</span> <span class='ocrx_word' id='word_1_470' title='bbox 2092 379 2276 429; x_wconf 86' lang='lat' dir='ltr'>quidem,</span> <span class='ocrx_word' id='word_1_471' title='bbox 2320 386 2360 415; x_wconf 91' lang='lat' dir='ltr'>ut</span> <span class='ocrx_word' id='word_1_472' title='bbox 2402 379 2512 416; x_wconf 74' lang='lat' dir='ltr'>nulla</span> 
     </span>
    </p>
   </div>
   <div class='ocr_carea' id='block_1_7' title="bbox 1381 425 2515 2920">
    <p class='ocr_par' dir='ltr' id='par_1_10' title="bbox 1398 425 2511 746">
     <span class='ocr_line' id='line_1_66' title="bbox 1398 425 2511 483; baseline 0.004 -19"><span class='ocrx_word' id='word_1_473' title='bbox 1398 426 1565 477; x_wconf 82' lang='lat' dir='ltr'>amplius</span> <span class='ocrx_word' id='word_1_474' title='bbox 1593 426 1629 462; x_wconf 89' lang='lat' dir='ltr'>ei</span> <span class='ocrx_word' id='word_1_475' title='bbox 1657 425 1819 477; x_wconf 83' lang='lat' dir='ltr'>supersit</span> <span class='ocrx_word' id='word_1_476' title='bbox 1848 428 2015 477; x_wconf 84' lang='lat' dir='ltr'>pristinae</span> <span class='ocrx_word' id='word_1_477' title='bbox 2044 430 2263 480; x_wconf 85' lang='lat' dir='ltr'>dignitatis,</span> <span class='ocrx_word' id='word_1_478' title='bbox 2305 439 2415 483; x_wconf 82' lang='lat' dir='ltr'>atque</span> <span class='ocrx_word' id='word_1_479' title='bbox 2445 447 2511 469; x_wconf 81' lang='lat' dir='ltr'>au-</span> 
     </span>
     <span class='ocr_line' id='line_1_67' title="bbox 1399 480 2507 534; baseline 0.005 -18"><span class='ocrx_word' id='word_1_480' title='bbox 1399 481 1577 517; x_wconf 85' lang='lat' dir='ltr'>ctoritatis</span> <span class='ocrx_word' id='word_1_481' title='bbox 1608 480 1756 526; x_wconf 77' lang='lat' dir='ltr'>forma,</span> <span class='ocrx_word' id='word_1_482' title='bbox 1787 480 1908 516; x_wconf 89' lang='lat' dir='ltr'>immo</span> <span class='ocrx_word' id='word_1_483' title='bbox 1934 494 2004 518; x_wconf 86' lang='lat' dir='ltr'>nec</span> <span class='ocrx_word' id='word_1_484' title='bbox 2034 496 2056 518; x_wconf 83' lang='lat' dir='ltr'>a</span> <span class='ocrx_word' id='word_1_485' title='bbox 2083 485 2216 520; x_wconf 85' lang='lat' dir='ltr'>ceteris</span> <span class='ocrx_word' id='word_1_486' title='bbox 2236 484 2507 534; x_wconf 83' lang='lat' dir='ltr'>distinguatur:</span> 
     </span>
     <span class='ocr_line' id='line_1_68' title="bbox 1399 532 2510 588; baseline 0.005 -18"><span class='ocrx_word' id='word_1_487' title='bbox 1399 533 1451 570; x_wconf 88' lang='lat' dir='ltr'>ita</span> <span class='ocrx_word' id='word_1_488' title='bbox 1481 535 1583 570; x_wconf 89' lang='lat' dir='ltr'>euim</span> <span class='ocrx_word' id='word_1_489' title='bbox 1616 532 1816 570; x_wconf 85' lang='lat' dir='ltr'>fatentibus</span> <span class='ocrx_word' id='word_1_490' title='bbox 1857 534 2036 571; x_wconf 88' lang='lat' dir='ltr'>omnibus</span> <span class='ocrx_word' id='word_1_491' title='bbox 2063 544 2145 571; x_wconf 89' lang='lat' dir='ltr'>sunt</span> <span class='ocrx_word' id='word_1_492' title='bbox 2187 537 2416 585; x_wconf 71' lang='lat' dir='ltr'>perturbatae</span> <span class='ocrx_word' id='word_1_493' title='bbox 2445 552 2510 588; x_wconf 85' lang='lat' dir='ltr'>ge-</span> 
     </span>
     <span class='ocr_line' id='line_1_69' title="bbox 1399 585 2510 639; baseline 0.005 -16"><span class='ocrx_word' id='word_1_494' title='bbox 1399 585 1606 636; x_wconf 79' lang='lat' dir='ltr'>nealogiae,</span> <span class='ocrx_word' id='word_1_495' title='bbox 1651 595 1689 622; x_wconf 90' lang='lat' dir='ltr'>ut</span> <span class='ocrx_word' id='word_1_496' title='bbox 1719 599 1791 623; x_wconf 88' lang='lat' dir='ltr'>non</span> <span class='ocrx_word' id='word_1_497' title='bbox 1820 585 1943 623; x_wconf 87' lang='lat' dir='ltr'>solum</span> <span class='ocrx_word' id='word_1_498' title='bbox 1973 587 2084 623; x_wconf 88' lang='lat' dir='ltr'>modo</span> <span class='ocrx_word' id='word_1_499' title='bbox 2126 589 2296 638; x_wconf 82' lang='lat' dir='ltr'>ignorent</span> <span class='ocrx_word' id='word_1_500' title='bbox 2324 589 2480 630; x_wconf 68' lang='lat' dir='ltr'>Hebraei</span> <span class='ocrx_word' id='word_1_501' title='bbox 2498 622 2510 639; x_wconf 84' lang='lat'>‚</span> 
     </span>
     <span class='ocr_line' id='line_1_70' title="bbox 1400 638 2509 691; baseline 0.001 -15"><span class='ocrx_word' id='word_1_502' title='bbox 1400 639 1445 676; x_wconf 87' lang='lat' dir='ltr'>de</span> <span class='ocrx_word' id='word_1_503' title='bbox 1474 653 1550 691; x_wconf 84' lang='lat' dir='ltr'>qua</span> <span class='ocrx_word' id='word_1_504' title='bbox 1580 638 1757 686; x_wconf 82' lang='lat' dir='ltr'>familia,</span> <span class='ocrx_word' id='word_1_505' title='bbox 1787 639 1850 676; x_wconf 83' lang='lat' dir='ltr'>sed</span> <span class='ocrx_word' id='word_1_506' title='bbox 1880 640 1993 676; x_wconf 85' lang='lat' dir='ltr'>etiam</span> <span class='ocrx_word' id='word_1_507' title='bbox 2022 640 2068 676; x_wconf 85' lang='lat' dir='ltr'>de</span> <span class='ocrx_word' id='word_1_508' title='bbox 2087 654 2164 691; x_wconf 79' lang='lat' dir='ltr'>qua</span> <span class='ocrx_word' id='word_1_509' title='bbox 2192 640 2297 679; x_wconf 86' lang='lat' dir='ltr'>tribu</span> <span class='ocrx_word' id='word_1_510' title='bbox 2325 641 2419 689; x_wconf 81' lang='lat' dir='ltr'>sint,</span> <span class='ocrx_word' id='word_1_511' title='bbox 2447 646 2509 682; x_wconf 80' lang='lat' dir='ltr'>ve&#39;l</span> 
     </span>
     <span class='ocr_line' id='line_1_71' title="bbox 1400 691 2511 746; baseline 0.003 -17"><span class='ocrx_word' id='word_1_512' title='bbox 1400 691 1533 730; x_wconf 81' lang='lat' dir='ltr'>saltem</span> <span class='ocrx_word' id='word_1_513' title='bbox 1564 693 1602 730; x_wconf 89' lang='lat' dir='ltr'>id</span> <span class='ocrx_word' id='word_1_514' title='bbox 1632 693 1742 729; x_wconf 85' lang='lat' dir='ltr'>certis</span> <span class='ocrx_word' id='word_1_515' title='bbox 1760 693 1992 730; x_wconf 80' lang='lat' dir='ltr'>documentis</span> <span class='ocrx_word' id='word_1_516' title='bbox 2013 693 2208 731; x_wconf 85' lang='lat' dir='ltr'>ostendere</span> <span class='ocrx_word' id='word_1_517' title='bbox 2223 703 2410 746; x_wconf 84' lang='lat' dir='ltr'>nequeant</span> <span class='ocrx_word' id='word_1_518' title='bbox 2431 695 2485 745; x_wconf 77' lang='lat' dir='ltr'>(h)</span> <span class='ocrx_word' id='word_1_519' title='bbox 2499 723 2511 736; x_wconf 86' lang='lat'><strong>.</strong></span> 
     </span>
    </p>

    <p class='ocr_par' dir='ltr' id='par_1_11' title="bbox 1398 743 2515 1101">
     <span class='ocr_line' id='line_1_72' title="bbox 1460 743 2511 786; baseline -0.004 -2"><span class='ocrx_word' id='word_1_520' title='bbox 1460 746 1547 784; x_wconf 81' lang='lat'>105.</span> <span class='ocrx_word' id='word_1_521' title='bbox 1578 747 1692 783; x_wconf 83' lang='lat' dir='ltr'>Dices</span> <span class='ocrx_word' id='word_1_522' title='bbox 1721 759 1810 783; x_wconf 90' lang='lat' dir='ltr'>cum</span> <span class='ocrx_word' id='word_1_523' title='bbox 1832 745 1933 784; x_wconf 79' lang='lat' dir='ltr'>Dan.</span> <span class='ocrx_word' id='word_1_524' title='bbox 1955 743 2094 783; x_wconf 88' lang='lat' dir='ltr'>Huetio</span> <span class='ocrx_word' id='word_1_525' title='bbox 2123 747 2163 784; x_wconf 87' lang='lat' dir='ltr'>iu</span> <span class='ocrx_word' id='word_1_526' title='bbox 2191 745 2424 786; x_wconf 76' lang='lat' dir='ltr'>Demonstr.</span> <span class='ocrx_word' id='word_1_527' title='bbox 2454 749 2511 786; x_wconf 83' lang='grc' dir='ltr'>Ε-</span> 
     </span>
     <span class='ocr_line' id='line_1_73' title="bbox 1400 799 2514 850; baseline -0.001 -13"><span class='ocrx_word' id='word_1_528' title='bbox 1400 811 1518 850; x_wconf 74' lang='lat' dir='ltr'>mng.</span> <span class='ocrx_word' id='word_1_529' title='bbox 1550 799 1699 850; x_wconf 86' lang='lat' dir='ltr'>Propos.</span> <span class='ocrx_word' id='word_1_530' title='bbox 1732 799 1801 837; x_wconf 88' lang='lat' dir='ltr'>IX.</span> <span class='ocrx_word' id='word_1_531' title='bbox 1832 813 1865 837; x_wconf 86' lang='lat' dir='ltr'>c.</span> <span class='ocrx_word' id='word_1_532' title='bbox 1897 800 1935 845; x_wconf 84' lang='grc'>4.</span> <span class='ocrx_word' id='word_1_533' title='bbox 1966 813 2070 836; x_wconf 87' lang='lat' dir='ltr'>num.</span> <span class='ocrx_word' id='word_1_534' title='bbox 2104 799 2168 848; x_wconf 87' lang='lat'>5.‚</span> <span class='ocrx_word' id='word_1_535' title='bbox 2215 812 2286 837; x_wconf 86' lang='lat' dir='ltr'>non</span> <span class='ocrx_word' id='word_1_536' title='bbox 2313 811 2418 850; x_wconf 85' lang='lat' dir='ltr'>posse</span> <span class='ocrx_word' id='word_1_537' title='bbox 2447 814 2514 839; x_wconf 81' lang='lat' dir='ltr'>no-</span> 
     </span>
     <span class='ocr_line' id='line_1_74' title="bbox 1400 845 2515 905; baseline 0 -16"><span class='ocrx_word' id='word_1_538' title='bbox 1400 852 1503 891; x_wconf 84' lang='lat' dir='ltr'>mine</span> <span class='ocrx_word' id='word_1_539' title='bbox 1531 857 1673 902; x_wconf 67' lang='lat' dir='ltr'>sceptri</span> <span class='ocrx_word' id='word_1_540' title='bbox 1699 854 1895 891; x_wconf 83' lang='lat' dir='ltr'>commode</span> <span class='ocrx_word' id='word_1_541' title='bbox 1917 852 2077 903; x_wconf 75' lang='lat' dir='ltr'>intelligi</span> <span class='ocrx_word' id='word_1_542' title='bbox 2104 845 2326 904; x_wconf 67' lang='grc' dir='ltr'>αιῖιονομῖαν</span> <span class='ocrx_word' id='word_1_543' title='bbox 2354 866 2419 890; x_wconf 85' lang='lat' dir='ltr'>seu</span> <span class='ocrx_word' id='word_1_544' title='bbox 2447 867 2515 905; x_wconf 87' lang='lat' dir='ltr'>po-</span> 
     </span>
     <span class='ocr_line' id='line_1_75' title="bbox 1400 905 2514 958; baseline 0.004 -17"><span class='ocrx_word' id='word_1_545' title='bbox 1400 913 1565 943; x_wconf 80' lang='lat' dir='ltr'>testatem</span> <span class='ocrx_word' id='word_1_546' title='bbox 1597 905 1745 956; x_wconf 76' lang='lat' dir='ltr'>legibus</span> <span class='ocrx_word' id='word_1_547' title='bbox 1773 908 1849 943; x_wconf 86' lang='lat' dir='ltr'>suis</span> <span class='ocrx_word' id='word_1_548' title='bbox 1880 906 2035 952; x_wconf 83' lang='lat' dir='ltr'>utendi,</span> <span class='ocrx_word' id='word_1_549' title='bbox 2065 919 2155 943; x_wconf 83' lang='lat' dir='ltr'>cum</span> <span class='ocrx_word' id='word_1_550' title='bbox 2177 907 2300 956; x_wconf 78' lang='lat' dir='ltr'>potius</span> <span class='ocrx_word' id='word_1_551' title='bbox 2321 907 2514 958; x_wconf 75' lang='lat' dir='ltr'>principes</span> 
     </span>
     <span class='ocr_line' id='line_1_76' title="bbox 1400 958 2515 1010; baseline 0.003 -16"><span class='ocrx_word' id='word_1_552' title='bbox 1400 958 1548 1009; x_wconf 87' lang='lat' dir='ltr'>aliquos</span> <span class='ocrx_word' id='word_1_553' title='bbox 1577 959 1676 997; x_wconf 77' lang='lat' dir='ltr'>Jnda</span> <span class='ocrx_word' id='word_1_554' title='bbox 1703 960 1879 997; x_wconf 85' lang='lat' dir='ltr'>oriundos</span> <span class='ocrx_word' id='word_1_555' title='bbox 1916 959 2054 996; x_wconf 86' lang='lat' dir='ltr'>debere</span> <span class='ocrx_word' id='word_1_556' title='bbox 2084 958 2273 1009; x_wconf 83' lang='lat' dir='ltr'>intelligi,</span> <span class='ocrx_word' id='word_1_557' title='bbox 2316 961 2515 1010; x_wconf 82' lang='lat' dir='ltr'>sequentia.</span> 
     </span>
     <span class='ocr_line' id='line_1_77' title="bbox 1400 1010 2515 1064; baseline 0.004 -16"><span class='ocrx_word' id='word_1_558' title='bbox 1400 1011 1520 1048; x_wconf 77' lang='lat' dir='ltr'>verba</span> <span class='ocrx_word' id='word_1_559' title='bbox 1549 1024 1675 1063; x_wconf 79' lang='lat' dir='ltr'>neque</span> <span class='ocrx_word' id='word_1_560' title='bbox 1705 1011 1786 1049; x_wconf 57' lang='lat' dir='ltr'>&lt;lux</span> <span class='ocrx_word' id='word_1_561' title='bbox 1816 1011 1862 1049; x_wconf 85' lang='lat' dir='ltr'>de</span> <span class='ocrx_word' id='word_1_562' title='bbox 1879 1012 2045 1064; x_wconf 77' lang='lat' dir='ltr'>femore</span> <span class='ocrx_word' id='word_1_563' title='bbox 2073 1014 2159 1064; x_wconf 80' lang='lat' dir='ltr'>ejus</span> <span class='ocrx_word' id='word_1_564' title='bbox 2179 1010 2328 1063; x_wconf 87' lang='lat' dir='ltr'>liquido</span> <span class='ocrx_word' id='word_1_565' title='bbox 2356 1013 2515 1052; x_wconf 89' lang='lat' dir='ltr'>demon-</span> 
     </span>
     <span class='ocr_line' id='line_1_78' title="bbox 1398 1071 1547 1101; baseline 0.007 -1"><span class='ocrx_word' id='word_1_566' title='bbox 1398 1071 1515 1100; x_wconf 79' lang='lat' dir='ltr'>strent</span> <span class='ocrx_word' id='word_1_567' title='bbox 1537 1090 1547 1101; x_wconf 84' lang='lat'>.</span> 
     </span>
    </p>

    <p class='ocr_par' dir='ltr' id='par_1_12' title="bbox 1394 1115 2514 1539">
     <span class='ocr_line' id='line_1_79' title="bbox 1460 1115 2514 1168; baseline 0.006 -15"><span class='ocrx_word' id='word_1_568' title='bbox 1460 1118 1547 1161; x_wconf 82' lang='grc'><strong>104.</strong></span> <span class='ocrx_word' id='word_1_569' title='bbox 1578 1115 1690 1168; x_wconf 78' lang='lat' dir='ltr'>Resp.</span> <span class='ocrx_word' id='word_1_570' title='bbox 1719 1117 1845 1156; x_wconf 85' lang='lat' dir='ltr'>levem</span> <span class='ocrx_word' id='word_1_571' title='bbox 1864 1118 1961 1156; x_wconf 80' lang='lat' dir='ltr'>lianc</span> <span class='ocrx_word' id='word_1_572' title='bbox 1979 1132 2053 1157; x_wconf 86' lang='lat' dir='ltr'>esse</span> <span class='ocrx_word' id='word_1_573' title='bbox 2067 1119 2394 1166; x_wconf 82' lang='lat' dir='ltr'>observationem3</span> <span class='ocrx_word' id='word_1_574' title='bbox 2424 1120 2514 1159; x_wconf 71' lang='lat' dir='ltr'>nam</span> 
     </span>
     <span class='ocr_line' id='line_1_80' title="bbox 1395 1168 2513 1221; baseline 0.007 -16"><span class='ocrx_word' id='word_1_575' title='bbox 1395 1168 1605 1206; x_wconf 80' lang='lat' dir='ltr'>difficultas</span> <span class='ocrx_word' id='word_1_576' title='bbox 1635 1181 1784 1221; x_wconf 87' lang='lat' dir='ltr'>prorsus</span> <span class='ocrx_word' id='word_1_577' title='bbox 1814 1173 2026 1219; x_wconf 82' lang='lat' dir='ltr'>evanescit,</span> <span class='ocrx_word' id='word_1_578' title='bbox 2073 1175 2103 1210; x_wconf 88' lang='lat' dir='ltr'>si</span> <span class='ocrx_word' id='word_1_579' title='bbox 2132 1173 2412 1211; x_wconf 87' lang='lat' dir='ltr'>consideremus</span> <span class='ocrx_word' id='word_1_580' title='bbox 2430 1203 2440 1221; x_wconf 89' lang='lat'>‚</span> <span class='ocrx_word' id='word_1_581' title='bbox 2470 1174 2513 1213; x_wconf 83' lang='lat' dir='ltr'>iu</span> 
     </span>
     <span class='ocr_line' id='line_1_81' title="bbox 1400 1221 2512 1277; baseline 0.005 -19"><span class='ocrx_word' id='word_1_582' title='bbox 1400 1221 1524 1259; x_wconf 86' lang='lat' dir='ltr'>Tribu</span> <span class='ocrx_word' id='word_1_583' title='bbox 1554 1222 1680 1270; x_wconf 75' lang='lat' dir='ltr'>Juda,</span> <span class='ocrx_word' id='word_1_584' title='bbox 1728 1224 1825 1261; x_wconf 82' lang='lat' dir='ltr'>sicut</span> <span class='ocrx_word' id='word_1_585' title='bbox 1855 1223 1889 1258; x_wconf 75' lang='grc' dir='ltr'>δι</span> <span class='ocrx_word' id='word_1_586' title='bbox 1920 1224 1959 1260; x_wconf 91' lang='lat' dir='ltr'>in</span> <span class='ocrx_word' id='word_1_587' title='bbox 2000 1224 2173 1274; x_wconf 86' lang='lat' dir='ltr'>qualibet</span> <span class='ocrx_word' id='word_1_588' title='bbox 2209 1225 2315 1274; x_wconf 83' lang='lat' dir='ltr'>alia,</span> <span class='ocrx_word' id='word_1_589' title='bbox 2362 1239 2512 1277; x_wconf 80' lang='lat' dir='ltr'>semper</span> 
     </span>
     <span class='ocr_line' id='line_1_82' title="bbox 1397 1275 2512 1328; baseline 0.006 -17"><span class='ocrx_word' id='word_1_590' title='bbox 1397 1275 1512 1314; x_wconf 47' lang='lat' dir='ltr'>&gt;fuisse</span> <span class='ocrx_word' id='word_1_591' title='bbox 1540 1275 1734 1328; x_wconf 84' lang='lat' dir='ltr'>Principes</span> <span class='ocrx_word' id='word_1_592' title='bbox 1751 1306 1762 1324; x_wconf 92' lang='lat'>,</span> <span class='ocrx_word' id='word_1_593' title='bbox 1792 1276 1825 1312; x_wconf 75' lang='lat'>8&lt;</span> <span class='ocrx_word' id='word_1_594' title='bbox 1847 1275 1973 1314; x_wconf 89' lang='lat' dir='ltr'>Duces</span> <span class='ocrx_word' id='word_1_595' title='bbox 2002 1290 2024 1312; x_wconf 85' lang='lat' dir='ltr'>a</span> <span class='ocrx_word' id='word_1_596' title='bbox 2043 1277 2193 1327; x_wconf 84' lang='lat' dir='ltr'>vulgari</span> <span class='ocrx_word' id='word_1_597' title='bbox 2213 1278 2354 1327; x_wconf 86' lang='lat' dir='ltr'>populo</span> <span class='ocrx_word' id='word_1_598' title='bbox 2380 1280 2512 1318; x_wconf 85' lang='lat' dir='ltr'>distin-</span> 
     </span>
     <span class='ocr_line' id='line_1_83' title="bbox 1397 1329 2510 1381; baseline 0.004 -16"><span class='ocrx_word' id='word_1_599' title='bbox 1397 1338 1499 1376; x_wconf 84' lang='lat' dir='ltr'>ctos,</span> <span class='ocrx_word' id='word_1_600' title='bbox 1531 1343 1645 1380; x_wconf 87' lang='lat' dir='ltr'>penes</span> <span class='ocrx_word' id='word_1_601' title='bbox 1674 1342 1768 1381; x_wconf 83' lang='lat' dir='ltr'>quos</span> <span class='ocrx_word' id='word_1_602' title='bbox 1797 1337 1876 1367; x_wconf 86' lang='lat' dir='ltr'>erat</span> <span class='ocrx_word' id='word_1_603' title='bbox 1904 1331 2014 1366; x_wconf 86' lang='lat' dir='ltr'>totius</span> <span class='ocrx_word' id='word_1_604' title='bbox 2041 1329 2162 1367; x_wconf 85' lang='lat' dir='ltr'>tribus</span> <span class='ocrx_word' id='word_1_605' title='bbox 2191 1329 2317 1367; x_wconf 81' lang='lat' dir='ltr'>civilis</span> <span class='ocrx_word' id='word_1_606' title='bbox 2345 1332 2510 1370; x_wconf 85' lang='lat' dir='ltr'>admini-</span> 
     </span>
     <span class='ocr_line' id='line_1_84' title="bbox 1394 1380 2511 1434; baseline 0.003 -17"><span class='ocrx_word' id='word_1_607' title='bbox 1394 1383 1545 1420; x_wconf 83' lang='lat' dir='ltr'>stratio.</span> <span class='ocrx_word' id='word_1_608' title='bbox 1576 1383 1654 1419; x_wconf 90' lang='lat' dir='ltr'>Hos</span> <span class='ocrx_word' id='word_1_609' title='bbox 1683 1382 1897 1434; x_wconf 80' lang='lat' dir='ltr'>Principes,</span> <span class='ocrx_word' id='word_1_610' title='bbox 1927 1382 1960 1418; x_wconf 84' lang='lat'>&amp;</span> <span class='ocrx_word' id='word_1_611' title='bbox 1990 1380 2116 1420; x_wconf 87' lang='lat' dir='ltr'>Duces</span> <span class='ocrx_word' id='word_1_612' title='bbox 2144 1395 2344 1433; x_wconf 80' lang='lat' dir='ltr'>nunquam</span> <span class='ocrx_word' id='word_1_613' title='bbox 2373 1385 2413 1421; x_wconf 91' lang='lat' dir='ltr'>in</span> <span class='ocrx_word' id='word_1_614' title='bbox 2443 1385 2511 1420; x_wconf 84' lang='lat' dir='ltr'>tri-</span> 
     </span>
     <span class='ocr_line' id='line_1_85' title="bbox 1396 1434 2510 1488; baseline 0 -16"><span class='ocrx_word' id='word_1_615' title='bbox 1396 1434 1448 1472; x_wconf 85' lang='lat' dir='ltr'>bu</span> <span class='ocrx_word' id='word_1_616' title='bbox 1478 1434 1575 1473; x_wconf 81' lang='lat' dir='ltr'>Juda</span> <span class='ocrx_word' id='word_1_617' title='bbox 1604 1436 1798 1473; x_wconf 84' lang='lat' dir='ltr'>defuturos</span> <span class='ocrx_word' id='word_1_618' title='bbox 1819 1434 2037 1473; x_wconf 80' lang='lat' dir='ltr'>Patriarcha</span> <span class='ocrx_word' id='word_1_619' title='bbox 2051 1435 2169 1473; x_wconf 81' lang='lat' dir='ltr'>Jacob</span> <span class='ocrx_word' id='word_1_620' title='bbox 2191 1435 2385 1487; x_wconf 79' lang='lat' dir='ltr'>promisit,</span> <span class='ocrx_word' id='word_1_621' title='bbox 2415 1447 2510 1488; x_wconf 86' lang='lat' dir='ltr'>quo-</span> 
     </span>
     <span class='ocr_line' id='line_1_86' title="bbox 1395 1487 2428 1539; baseline 0.002 -16"><span class='ocrx_word' id='word_1_622' title='bbox 1395 1500 1515 1539; x_wconf 76' lang='lat' dir='ltr'>usque</span> <span class='ocrx_word' id='word_1_623' title='bbox 1545 1487 1704 1529; x_wconf 83' lang='lat' dir='ltr'>Messias</span> <span class='ocrx_word' id='word_1_624' title='bbox 1732 1489 1949 1528; x_wconf 80' lang='lat' dir='ltr'>adveniret:</span> <span class='ocrx_word' id='word_1_625' title='bbox 1980 1489 2082 1539; x_wconf 91' lang='lat' dir='ltr'>quod</span> <span class='ocrx_word' id='word_1_626' title='bbox 2111 1487 2145 1524; x_wconf 74' lang='lat' dir='ltr'>Sc</span> <span class='ocrx_word' id='word_1_627' title='bbox 2174 1489 2318 1525; x_wconf 83' lang='lat' dir='ltr'>factum</span> <span class='ocrx_word' id='word_1_628' title='bbox 2349 1497 2428 1525; x_wconf 88' lang='lat' dir='ltr'>est.</span> 
     </span>
    </p>

    <p class='ocr_par' dir='ltr' id='par_1_13' title="bbox 1390 1540 2509 1857">
     <span class='ocr_line' id='line_1_87' title="bbox 1453 1540 2509 1590; baseline -0.001 -12"><span class='ocrx_word' id='word_1_629' title='bbox 1453 1543 1541 1578; x_wconf 85' lang='lat'><strong>105.</strong></span> <span class='ocrx_word' id='word_1_630' title='bbox 1571 1541 1685 1579; x_wconf 89' lang='lat' dir='ltr'>Dices</span> <span class='ocrx_word' id='word_1_631' title='bbox 1715 1542 1853 1579; x_wconf 88' lang='lat' dir='ltr'>iterum</span> <span class='ocrx_word' id='word_1_632' title='bbox 1871 1566 1882 1579; x_wconf 85' lang='grc'><strong>.</strong></span> <span class='ocrx_word' id='word_1_633' title='bbox 1931 1540 2030 1578; x_wconf 76' lang='lat' dir='ltr'>Duae</span> <span class='ocrx_word' id='word_1_634' title='bbox 2061 1540 2183 1579; x_wconf 87' lang='lat' dir='ltr'>tribus</span> <span class='ocrx_word' id='word_1_635' title='bbox 2211 1540 2443 1590; x_wconf 86' lang='lat' dir='ltr'>Benjamin,</span> <span class='ocrx_word' id='word_1_636' title='bbox 2473 1540 2509 1577; x_wconf 72' lang='lat' dir='ltr'>Sc</span> 
     </span>
     <span class='ocr_line' id='line_1_88' title="bbox 1393 1592 2509 1648; baseline 0.001 -18"><span class='ocrx_word' id='word_1_637' title='bbox 1393 1593 1487 1631; x_wconf 87' lang='lat' dir='ltr'>Levi</span> <span class='ocrx_word' id='word_1_638' title='bbox 1517 1606 1590 1631; x_wconf 90' lang='lat' dir='ltr'>non</span> <span class='ocrx_word' id='word_1_639' title='bbox 1620 1595 1748 1631; x_wconf 80' lang='lat' dir='ltr'>minus</span> <span class='ocrx_word' id='word_1_640' title='bbox 1764 1625 1775 1642; x_wconf 86' lang='lat'>,</span> <span class='ocrx_word' id='word_1_641' title='bbox 1804 1608 1921 1648; x_wconf 84' lang='lat' dir='ltr'>quam</span> <span class='ocrx_word' id='word_1_642' title='bbox 1942 1593 2063 1631; x_wconf 88' lang='lat' dir='ltr'>tribus</span> <span class='ocrx_word' id='word_1_643' title='bbox 2083 1593 2180 1632; x_wconf 85' lang='lat' dir='ltr'>Juda</span> <span class='ocrx_word' id='word_1_644' title='bbox 2200 1606 2284 1631; x_wconf 87' lang='lat' dir='ltr'>suas</span> <span class='ocrx_word' id='word_1_645' title='bbox 2313 1592 2413 1644; x_wconf 83' lang='lat' dir='ltr'>leges</span> <span class='ocrx_word' id='word_1_646' title='bbox 2433 1607 2509 1632; x_wconf 82' lang='lat' dir='ltr'>ser-</span> 
     </span>
     <span class='ocr_line' id='line_1_89' title="bbox 1394 1645 2509 1699; baseline 0.001 -16"><span class='ocrx_word' id='word_1_647' title='bbox 1394 1656 1549 1697; x_wconf 75' lang='lat' dir='ltr'>varpnt,</span> <span class='ocrx_word' id='word_1_648' title='bbox 1579 1660 1764 1698; x_wconf 85' lang='lat' dir='ltr'>suamque</span> <span class='ocrx_word' id='word_1_649' title='bbox 1778 1647 1993 1688; x_wconf 50' lang='lat' dir='ltr'>‘nemezion‘</span> <span class='ocrx_word' id='word_1_650' title='bbox 2022 1660 2141 1699; x_wconf 82' lang='lat' dir='ltr'>usque</span> <span class='ocrx_word' id='word_1_651' title='bbox 2170 1647 2218 1684; x_wconf 88' lang='lat' dir='ltr'>ad</span> <span class='ocrx_word' id='word_1_652' title='bbox 2247 1645 2509 1684; x_wconf 85' lang='lat' dir='ltr'>Romanorum</span> 
     </span>
     <span class='ocr_line' id='line_1_90' title="bbox 1392 1700 2507 1753; baseline 0.001 -18"><span class='ocrx_word' id='word_1_653' title='bbox 1392 1708 1587 1751; x_wconf 82' lang='lat' dir='ltr'>tempora:</span> <span class='ocrx_word' id='word_1_654' title='bbox 1618 1700 1716 1739; x_wconf 84' lang='lat' dir='ltr'>nihil</span> <span class='ocrx_word' id='word_1_655' title='bbox 1747 1714 1835 1753; x_wconf 82' lang='lat' dir='ltr'>ergo</span> <span class='ocrx_word' id='word_1_656' title='bbox 1864 1700 2057 1752; x_wconf 77' lang='lat' dir='ltr'>peculiare</span> <span class='ocrx_word' id='word_1_657' title='bbox 2080 1700 2309 1752; x_wconf 84' lang='lat' dir='ltr'>promissum</span> <span class='ocrx_word' id='word_1_658' title='bbox 2339 1700 2412 1736; x_wconf 85' lang='lat' dir='ltr'>fuit</span> <span class='ocrx_word' id='word_1_659' title='bbox 2439 1701 2507 1736; x_wconf 88' lang='lat' dir='ltr'>tri-</span> 
     </span>
     <span class='ocr_line' id='line_1_91' title="bbox 1392 1750 2507 1801; baseline -0.001 -13"><span class='ocrx_word' id='word_1_660' title='bbox 1392 1751 1461 1789; x_wconf 83' lang='lat' dir='ltr'>bui</span> <span class='ocrx_word' id='word_1_661' title='bbox 1490 1752 1612 1801; x_wconf 79' lang='lat' dir='ltr'>Juda,</span> <span class='ocrx_word' id='word_1_662' title='bbox 1642 1755 1672 1791; x_wconf 89' lang='lat' dir='ltr'>si</span> <span class='ocrx_word' id='word_1_663' title='bbox 1702 1754 1902 1792; x_wconf 86' lang='lat' dir='ltr'>oraculum</span> <span class='ocrx_word' id='word_1_664' title='bbox 1932 1752 2157 1791; x_wconf 76' lang='lat' dir='ltr'>Jacobaeum</span> <span class='ocrx_word' id='word_1_665' title='bbox 2186 1765 2229 1790; x_wconf 89' lang='lat' dir='ltr'>eo</span> <span class='ocrx_word' id='word_1_666' title='bbox 2258 1766 2368 1791; x_wconf 86' lang='lat' dir='ltr'>sensu</span> <span class='ocrx_word' id='word_1_667' title='bbox 2396 1750 2507 1790; x_wconf 75' lang='lat' dir='ltr'>iutel-</span> 
     </span>
     <span class='ocr_line' id='line_1_92' title="bbox 1390 1804 2419 1857; baseline 0.002 -16"><span class='ocrx_word' id='word_1_668' title='bbox 1390 1804 1557 1857; x_wconf 83' lang='lat' dir='ltr'>ligatur,</span> <span class='ocrx_word' id='word_1_669' title='bbox 1586 1819 1663 1857; x_wconf 89' lang='lat' dir='ltr'>quo</span> <span class='ocrx_word' id='word_1_670' title='bbox 1692 1820 1759 1845; x_wconf 87' lang='lat' dir='ltr'>nos</span> <span class='ocrx_word' id='word_1_671' title='bbox 1788 1805 2075 1856; x_wconf 79' lang='lat' dir='ltr'>explicuimus.</span> <span class='ocrx_word' id='word_1_672' title='bbox 2414 1805 2419 1809; x_wconf 70' lang='grc'><strong>’</strong></span> 
     </span>
    </p>

    <p class='ocr_par' dir='ltr' id='par_1_14' title="bbox 1381 1857 2507 2498">
     <span class='ocr_line' id='line_1_93' title="bbox 1449 1857 2507 1910; baseline 0 -14"><span class='ocrx_word' id='word_1_673' title='bbox 1449 1858 1538 1897; x_wconf 88' lang='grc'><strong>106.</strong></span> <span class='ocrx_word' id='word_1_674' title='bbox 1569 1858 1709 1910; x_wconf 83' lang='lat' dir='ltr'>Resp.,</span> <span class='ocrx_word' id='word_1_675' title='bbox 1751 1873 1829 1898; x_wconf 87' lang='lat' dir='ltr'>non</span> <span class='ocrx_word' id='word_1_676' title='bbox 1859 1867 1974 1896; x_wconf 85' lang='lat' dir='ltr'>totam</span> <span class='ocrx_word' id='word_1_677' title='bbox 2004 1859 2150 1896; x_wconf 83' lang='lat' dir='ltr'>tribum</span> <span class='ocrx_word' id='word_1_678' title='bbox 2179 1859 2272 1897; x_wconf 85' lang='lat' dir='ltr'>Levi</span> <span class='ocrx_word' id='word_1_679' title='bbox 2317 1859 2358 1897; x_wconf 89' lang='lat' dir='ltr'>in</span> <span class='ocrx_word' id='word_1_680' title='bbox 2386 1857 2507 1896; x_wconf 73' lang='lat' dir='ltr'>Palae-</span> 
     </span>
     <span class='ocr_line' id='line_1_94' title="bbox 1388 1912 2507 1958; baseline 0.001 -10"><span class='ocrx_word' id='word_1_681' title='bbox 1388 1912 1484 1949; x_wconf 83' lang='lat' dir='ltr'>stina</span> <span class='ocrx_word' id='word_1_682' title='bbox 1515 1914 1762 1958; x_wconf 78' lang='lat' dir='ltr'>remansisse3</span> <span class='ocrx_word' id='word_1_683' title='bbox 1790 1927 1880 1951; x_wconf 88' lang='lat' dir='ltr'>cum</span> <span class='ocrx_word' id='word_1_684' title='bbox 1910 1913 2014 1950; x_wconf 86' lang='lat' dir='ltr'>enim</span> <span class='ocrx_word' id='word_1_685' title='bbox 2044 1912 2128 1950; x_wconf 85' lang='lat' dir='ltr'>haec</span> <span class='ocrx_word' id='word_1_686' title='bbox 2149 1921 2241 1950; x_wconf 83' lang='lat' dir='ltr'>esset</span> <span class='ocrx_word' id='word_1_687' title='bbox 2261 1913 2360 1950; x_wconf 88' lang='lat' dir='ltr'>inter</span> <span class='ocrx_word' id='word_1_688' title='bbox 2379 1924 2507 1950; x_wconf 82' lang='lat' dir='ltr'>omnes</span> 
     </span>
     <span class='ocr_line' id='line_1_95' title="bbox 1389 1964 2506 2018; baseline 0 -16"><span class='ocrx_word' id='word_1_689' title='bbox 1389 1964 1482 2002; x_wconf 77' lang='lat' dir='ltr'>alias</span> <span class='ocrx_word' id='word_1_690' title='bbox 1511 1966 1632 2003; x_wconf 86' lang='lat' dir='ltr'>tribus</span> <span class='ocrx_word' id='word_1_691' title='bbox 1662 1966 1856 2018; x_wconf 80' lang='lat' dir='ltr'>dispersa,</span> <span class='ocrx_word' id='word_1_692' title='bbox 1886 1979 2026 2016; x_wconf 80' lang='lat' dir='ltr'>magua</span> <span class='ocrx_word' id='word_1_693' title='bbox 2045 1995 2055 2014; x_wconf 86' lang='lat'>,</span> <span class='ocrx_word' id='word_1_694' title='bbox 2091 1967 2172 2004; x_wconf 88' lang='lat' dir='ltr'>imo</span> <span class='ocrx_word' id='word_1_695' title='bbox 2203 1964 2325 2016; x_wconf 81' lang='lat' dir='ltr'>major</span> <span class='ocrx_word' id='word_1_696' title='bbox 2355 1965 2506 2004; x_wconf 74' lang='lat' dir='ltr'>Levita-</span> 
     </span>
     <span class='ocr_line' id='line_1_96' title="bbox 1389 2017 2507 2070; baseline 0 -15"><span class='ocrx_word' id='word_1_697' title='bbox 1389 2031 1476 2056; x_wconf 87' lang='lat' dir='ltr'>rum</span> <span class='ocrx_word' id='word_1_698' title='bbox 1507 2032 1592 2070; x_wconf 85' lang='lat' dir='ltr'>pars</span> <span class='ocrx_word' id='word_1_699' title='bbox 1622 2020 1694 2056; x_wconf 87' lang='lat' dir='ltr'>fuit</span> <span class='ocrx_word' id='word_1_700' title='bbox 1723 2020 1839 2057; x_wconf 89' lang='lat' dir='ltr'>simul</span> <span class='ocrx_word' id='word_1_701' title='bbox 1870 2032 1959 2056; x_wconf 85' lang='lat' dir='ltr'>cum</span> <span class='ocrx_word' id='word_1_702' title='bbox 1988 2019 2121 2056; x_wconf 81' lang='lat' dir='ltr'>decem</span> <span class='ocrx_word' id='word_1_703' title='bbox 2142 2018 2364 2057; x_wconf 84' lang='lat' dir='ltr'>infelicibus</span> <span class='ocrx_word' id='word_1_704' title='bbox 2384 2017 2507 2056; x_wconf 84' lang='lat' dir='ltr'>tribus</span> 
     </span>
     <span class='ocr_line' id='line_1_97' title="bbox 1387 2070 2506 2124; baseline 0.001 -16"><span class='ocrx_word' id='word_1_705' title='bbox 1387 2071 1429 2108; x_wconf 87' lang='lat' dir='ltr'>in</span> <span class='ocrx_word' id='word_1_706' title='bbox 1459 2073 1717 2123; x_wconf 81' lang='lat' dir='ltr'>captivitatem</span> <span class='ocrx_word' id='word_1_707' title='bbox 1746 2081 1829 2124; x_wconf 90' lang='lat' dir='ltr'>post</span> <span class='ocrx_word' id='word_1_708' title='bbox 1858 2070 2096 2123; x_wconf 84' lang='lat' dir='ltr'>Euphratem</span> <span class='ocrx_word' id='word_1_709' title='bbox 2133 2073 2344 2124; x_wconf 77' lang='lat' dir='ltr'>adsportata</span> <span class='ocrx_word' id='word_1_710' title='bbox 2362 2097 2373 2110; x_wconf 92' lang='lat'><strong><em>.</em></strong></span> <span class='ocrx_word' id='word_1_711' title='bbox 2416 2071 2506 2109; x_wconf 74' lang='lat' dir='ltr'>Tri·</span> 
     </span>
     <span class='ocr_line' id='line_1_98' title="bbox 1385 2124 2505 2177; baseline -0.001 -15"><span class='ocrx_word' id='word_1_712' title='bbox 1385 2124 1460 2162; x_wconf 83' lang='lat' dir='ltr'>bus</span> <span class='ocrx_word' id='word_1_713' title='bbox 1489 2126 1605 2163; x_wconf 86' lang='lat' dir='ltr'>etiam</span> <span class='ocrx_word' id='word_1_714' title='bbox 1634 2124 1839 2176; x_wconf 77' lang='lat' dir='ltr'>Benjamiu</span> <span class='ocrx_word' id='word_1_715' title='bbox 1879 2125 1973 2161; x_wconf 87' lang='lat' dir='ltr'>adeo</span> <span class='ocrx_word' id='word_1_716' title='bbox 2015 2134 2216 2162; x_wconf 83' lang='lat' dir='ltr'>extenuata</span> <span class='ocrx_word' id='word_1_717' title='bbox 2258 2126 2382 2163; x_wconf 77' lang='lat' dir='ltr'>fuerat</span> <span class='ocrx_word' id='word_1_718' title='bbox 2423 2132 2505 2177; x_wconf 87' lang='lat' dir='ltr'>post</span> 
     </span>
     <span class='ocr_line' id='line_1_99' title="bbox 1385 2177 2505 2229; baseline 0 -14"><span class='ocrx_word' id='word_1_719' title='bbox 1385 2177 1541 2216; x_wconf 84' lang='lat' dir='ltr'>fatalem</span> <span class='ocrx_word' id='word_1_720' title='bbox 1572 2178 1682 2216; x_wconf 84' lang='lat' dir='ltr'>illam</span> <span class='ocrx_word' id='word_1_721' title='bbox 1715 2179 1864 2217; x_wconf 84' lang='lat' dir='ltr'>cladem</span> <span class='ocrx_word' id='word_1_722' title='bbox 1893 2177 2077 2216; x_wconf 63' lang='lat' dir='ltr'>Juclecum</span> <span class='ocrx_word' id='word_1_723' title='bbox 2106 2178 2199 2216; x_wconf 83' lang='lat' dir='ltr'>XX.</span> <span class='ocrx_word' id='word_1_724' title='bbox 2241 2179 2474 2229; x_wconf 75' lang='lat' dir='ltr'>descriptam</span> <span class='ocrx_word' id='word_1_725' title='bbox 2493 2208 2505 2226; x_wconf 90' lang='lat'>‚</span> 
     </span>
     <span class='ocr_line' id='line_1_100' title="bbox 1385 2230 2506 2284; baseline 0.002 -17"><span class='ocrx_word' id='word_1_726' title='bbox 1385 2239 1427 2267; x_wconf 90' lang='lat' dir='ltr'>ut</span> <span class='ocrx_word' id='word_1_727' title='bbox 1457 2245 1653 2282; x_wconf 79' lang='lat' dir='ltr'>nunquam</span> <span class='ocrx_word' id='word_1_728' title='bbox 1682 2234 1846 2284; x_wconf 85' lang='lat' dir='ltr'>potuerit</span> <span class='ocrx_word' id='word_1_729' title='bbox 1888 2231 2068 2268; x_wconf 86' lang='lat' dir='ltr'>extollere</span> <span class='ocrx_word' id='word_1_730' title='bbox 2097 2240 2210 2283; x_wconf 85' lang='lat' dir='ltr'>caput</span> <span class='ocrx_word' id='word_1_731' title='bbox 2228 2261 2239 2279; x_wconf 86' lang='lat'>‚</span> <span class='ocrx_word' id='word_1_732' title='bbox 2285 2231 2320 2267; x_wconf 73' lang='lat'>8&lt;</span> <span class='ocrx_word' id='word_1_733' title='bbox 2350 2245 2388 2268; x_wconf 91' lang='lat' dir='ltr'>se</span> <span class='ocrx_word' id='word_1_734' title='bbox 2417 2230 2506 2269; x_wconf 83' lang='lat' dir='ltr'>aliis</span> 
     </span>
     <span class='ocr_line' id='line_1_101' title="bbox 1381 2283 2503 2336; baseline 0.001 -16"><span class='ocrx_word' id='word_1_735' title='bbox 1381 2283 1562 2328; x_wconf 73' lang='lat' dir='ltr'>tribubus</span> <span class='ocrx_word' id='word_1_736' title='bbox 1592 2284 1706 2323; x_wconf 89' lang='lat' dir='ltr'>Israel</span> <span class='ocrx_word' id='word_1_737' title='bbox 1736 2286 2005 2336; x_wconf 72' lang='lat' dir='ltr'>aequiparare3</span> <span class='ocrx_word' id='word_1_738' title='bbox 2049 2285 2177 2331; x_wconf 86' lang='lat' dir='ltr'>unde,</span> <span class='ocrx_word' id='word_1_739' title='bbox 2219 2293 2260 2322; x_wconf 87' lang='lat' dir='ltr'>ut</span> <span class='ocrx_word' id='word_1_740' title='bbox 2289 2297 2404 2335; x_wconf 83' lang='lat' dir='ltr'>supra</span> <span class='ocrx_word' id='word_1_741' title='bbox 2433 2284 2503 2321; x_wconf 91' lang='lat' dir='ltr'>ob-</span> 
     </span>
     <span class='ocr_line' id='line_1_102' title="bbox 1382 2337 2504 2386; baseline 0 -12"><span class='ocrx_word' id='word_1_742' title='bbox 1382 2338 1620 2376; x_wconf 82' lang='lat' dir='ltr'>servavimus</span> <span class='ocrx_word' id='word_1_743' title='bbox 1648 2353 1688 2377; x_wconf 88' lang='lat' dir='ltr'>n.</span> <span class='ocrx_word' id='word_1_744' title='bbox 1723 2351 1812 2376; x_wconf 85' lang='lat'><strong>102.</strong></span> <span class='ocrx_word' id='word_1_745' title='bbox 1830 2368 1841 2386; x_wconf 89' lang='lat'>,</span> <span class='ocrx_word' id='word_1_746' title='bbox 1884 2337 1961 2376; x_wconf 83' lang='lat' dir='ltr'>sola</span> <span class='ocrx_word' id='word_1_747' title='bbox 1990 2338 2112 2375; x_wconf 84' lang='lat' dir='ltr'>tribus</span> <span class='ocrx_word' id='word_1_748' title='bbox 2140 2337 2237 2375; x_wconf 77' lang='lat' dir='ltr'>Juda</span> <span class='ocrx_word' id='word_1_749' title='bbox 2279 2337 2504 2375; x_wconf 84' lang='lat' dir='ltr'>remansisse</span> 
     </span>
     <span class='ocr_line' id='line_1_103' title="bbox 1382 2389 2505 2443; baseline 0 -16"><span class='ocrx_word' id='word_1_750' title='bbox 1382 2390 1545 2439; x_wconf 86' lang='lat' dir='ltr'>dicitur,</span> <span class='ocrx_word' id='word_1_751' title='bbox 1593 2390 1628 2428; x_wconf 72' lang='grc' dir='ltr'>δε</span> <span class='ocrx_word' id='word_1_752' title='bbox 1658 2390 1839 2430; x_wconf 76' lang='lat' dir='ltr'>Israelita:</span> <span class='ocrx_word' id='word_1_753' title='bbox 1869 2404 1945 2431; x_wconf 88' lang='lat' dir='ltr'>non</span> <span class='ocrx_word' id='word_1_754' title='bbox 1975 2390 2080 2440; x_wconf 79' lang='lat' dir='ltr'>alin,</span> <span class='ocrx_word' id='word_1_755' title='bbox 2128 2404 2245 2443; x_wconf 83' lang='lat' dir='ltr'>quam</span> <span class='ocrx_word' id='word_1_756' title='bbox 2273 2389 2505 2428; x_wconf 72' lang='lat' dir='ltr'>Juclaeorum</span> 
     </span>
     <span class='ocr_line' id='line_1_104' title="bbox 1382 2444 1894 2498; baseline 0.006 -18"><span class='ocrx_word' id='word_1_757' title='bbox 1382 2445 1539 2483; x_wconf 81' lang='lat' dir='ltr'>nomine</span> <span class='ocrx_word' id='word_1_758' title='bbox 1568 2444 1866 2498; x_wconf 80' lang='lat' dir='ltr'>appellabantur</span> <span class='ocrx_word' id='word_1_759' title='bbox 1882 2471 1894 2483; x_wconf 86' lang='lat'><strong>.</strong></span> 
     </span>
    </p>

    <p class='ocr_par' dir='ltr' id='par_1_15' title="bbox 1382 2497 2513 2920">
     <span class='ocr_line' id='line_1_105' title="bbox 1444 2497 2502 2549; baseline 0 -14"><span class='ocrx_word' id='word_1_760' title='bbox 1444 2511 1532 2549; x_wconf 87' lang='lat'><strong>¹07·</strong></span> <span class='ocrx_word' id='word_1_761' title='bbox 1562 2498 1649 2536; x_wconf 85' lang='lat' dir='ltr'>Non</span> <span class='ocrx_word' id='word_1_762' title='bbox 1676 2506 1803 2537; x_wconf 73' lang='lat' dir='ltr'>tamen</span> <span class='ocrx_word' id='word_1_763' title='bbox 1830 2498 1902 2537; x_wconf 87' lang='lat' dir='ltr'>hoc</span> <span class='ocrx_word' id='word_1_764' title='bbox 1930 2497 2012 2536; x_wconf 81' lang='lat' dir='ltr'>loco</span> <span class='ocrx_word' id='word_1_765' title='bbox 2040 2499 2213 2537; x_wconf 87' lang='lat' dir='ltr'>omittere</span> <span class='ocrx_word' id='word_1_766' title='bbox 2249 2497 2434 2536; x_wconf 88' lang='lat' dir='ltr'>debemus</span> <span class='ocrx_word' id='word_1_767' title='bbox 2462 2511 2502 2535; x_wconf 69' lang='lat' dir='ltr'>a,</span> 
     </span>
     <span class='ocr_line' id='line_1_106' title="bbox 1385 2549 2513 2605; baseline 0 -17"><span class='ocrx_word' id='word_1_768' title='bbox 1385 2549 1481 2589; x_wconf 84' lang='lat' dir='ltr'>liam</span> <span class='ocrx_word' id='word_1_769' title='bbox 1510 2550 1791 2604; x_wconf 81' lang='lat' dir='ltr'>Theologorum</span> <span class='ocrx_word' id='word_1_770' title='bbox 1819 2553 2103 2605; x_wconf 86' lang='lat' dir='ltr'>responsionem</span> <span class='ocrx_word' id='word_1_771' title='bbox 2132 2551 2349 2590; x_wconf 80' lang='lat' dir='ltr'>difficultati</span> <span class='ocrx_word' id='word_1_772' title='bbox 2377 2566 2413 2589; x_wconf 85' lang='lat' dir='ltr'>n.</span> <span class='ocrx_word' id='word_1_773' title='bbox 2434 2550 2513 2602; x_wconf 79' lang='lat'><strong>98.·</strong></span> 
     </span>
     <span class='ocr_line' id='line_1_107' title="bbox 1382 2603 2512 2656; baseline -0.001 -15"><span class='ocrx_word' id='word_1_774' title='bbox 1382 2604 1547 2656; x_wconf 83' lang='lat' dir='ltr'>objectae</span> <span class='ocrx_word' id='word_1_775' title='bbox 1566 2632 1577 2643; x_wconf 86' lang='lat'><strong>.</strong></span> <span class='ocrx_word' id='word_1_776' title='bbox 1625 2605 1756 2644; x_wconf 85' lang='lat' dir='ltr'>Primo</span> <span class='ocrx_word' id='word_1_777' title='bbox 1783 2615 1910 2644; x_wconf 86' lang='lat' dir='ltr'>autem</span> <span class='ocrx_word' id='word_1_778' title='bbox 1938 2605 2169 2653; x_wconf 85' lang='lat' dir='ltr'>observant,</span> <span class='ocrx_word' id='word_1_779' title='bbox 2198 2606 2301 2656; x_wconf 86' lang='lat' dir='ltr'>quod</span> <span class='ocrx_word' id='word_1_780' title='bbox 2333 2603 2512 2641; x_wconf 38' lang='lat' dir='ltr'>Rabbiniv</span> 
     </span>
     <span class='ocr_line' id='line_1_108' title="bbox 1385 2654 2501 2709; baseline -0.003 -14"><span class='ocrx_word' id='word_1_781' title='bbox 1385 2668 1517 2709; x_wconf 84' lang='lat' dir='ltr'>urgent</span> <span class='ocrx_word' id='word_1_782' title='bbox 1546 2659 1592 2696; x_wconf 87' lang='lat' dir='ltr'>de</span> <span class='ocrx_word' id='word_1_783' title='bbox 1619 2660 1824 2696; x_wconf 85' lang='lat' dir='ltr'>cessatione</span> <span class='ocrx_word' id='word_1_784' title='bbox 1853 2659 1959 2708; x_wconf 80' lang='lat' dir='ltr'>regni</span> <span class='ocrx_word' id='word_1_785' title='bbox 1989 2658 2027 2694; x_wconf 87' lang='lat' dir='ltr'>iu</span> <span class='ocrx_word' id='word_1_786' title='bbox 2055 2658 2273 2707; x_wconf 80' lang='lat' dir='ltr'>captivitate</span> <span class='ocrx_word' id='word_1_787' title='bbox 2293 2654 2501 2706; x_wconf 84' lang='lat' dir='ltr'>Babyloni-</span> 
     </span>
     <span class='ocr_line' id='line_1_109' title="bbox 1386 2708 2499 2760; baseline -0.003 -13"><span class='ocrx_word' id='word_1_788' title='bbox 1386 2724 1433 2748; x_wconf 84' lang='lat' dir='ltr'>ca</span> <span class='ocrx_word' id='word_1_789' title='bbox 1461 2710 1572 2748; x_wconf 81' lang='lat' dir='ltr'>futile</span> <span class='ocrx_word' id='word_1_790' title='bbox 1602 2725 1679 2747; x_wconf 89' lang='lat' dir='ltr'>esse</span> <span class='ocrx_word' id='word_1_791' title='bbox 1698 2739 1708 2758; x_wconf 90' lang='lat'>,</span> <span class='ocrx_word' id='word_1_792' title='bbox 1750 2723 1840 2748; x_wconf 88' lang='lat' dir='ltr'>cum</span> <span class='ocrx_word' id='word_1_793' title='bbox 1870 2709 1954 2746; x_wconf 79' lang='lat' dir='ltr'>liaec</span> <span class='ocrx_word' id='word_1_794' title='bbox 1983 2711 2180 2760; x_wconf 80' lang='lat' dir='ltr'>captivitas</span> <span class='ocrx_word' id='word_1_795' title='bbox 2221 2708 2329 2758; x_wconf 82' lang='lat' dir='ltr'>juxta</span> <span class='ocrx_word' id='word_1_796' title='bbox 2357 2708 2499 2759; x_wconf 84' lang='lat' dir='ltr'>praedi-</span> 
     </span>
     <span class='ocr_line' id='line_1_110' title="bbox 1386 2761 2505 2808; baseline -0.003 -8"><span class='ocrx_word' id='word_1_797' title='bbox 1386 2764 1553 2800; x_wconf 87' lang='lat' dir='ltr'>ctionem</span> <span class='ocrx_word' id='word_1_798' title='bbox 1582 2762 1759 2800; x_wconf 80' lang='lat' dir='ltr'>Jeremiae</span> <span class='ocrx_word' id='word_1_799' title='bbox 1789 2777 1824 2801; x_wconf 85' lang='lat' dir='ltr'>c.</span> <span class='ocrx_word' id='word_1_800' title='bbox 1854 2761 2006 2800; x_wconf 88' lang='lat' dir='ltr'>XXIX.</span> <span class='ocrx_word' id='word_1_801' title='bbox 2035 2762 2146 2800; x_wconf 82' lang='lat' dir='ltr'>brevi</span> <span class='ocrx_word' id='word_1_802' title='bbox 2172 2761 2356 2799; x_wconf 82' lang='lat' dir='ltr'>duratura</span> <span class='ocrx_word' id='word_1_803' title='bbox 2383 2768 2505 2808; x_wconf 84' lang='lat' dir='ltr'>esset,</span> 
     </span>
     <span class='ocr_line' id='line_1_111' title="bbox 1387 2812 2501 2867; baseline 0 -16"><span class='ocrx_word' id='word_1_804' title='bbox 1387 2814 1421 2850; x_wconf 73' lang='grc' dir='ltr'>δε</span> <span class='ocrx_word' id='word_1_805' title='bbox 1451 2816 1574 2866; x_wconf 86' lang='lat' dir='ltr'>potius</span> <span class='ocrx_word' id='word_1_806' title='bbox 1603 2816 1824 2866; x_wconf 82' lang='lat' dir='ltr'>suspensio,</span> <span class='ocrx_word' id='word_1_807' title='bbox 1854 2829 1972 2866; x_wconf 77' lang='lat' dir='ltr'>quam</span> <span class='ocrx_word' id='word_1_808' title='bbox 1999 2814 2142 2853; x_wconf 80' lang='lat' dir='ltr'>ablatio</span> <span class='ocrx_word' id='word_1_809' title='bbox 2171 2815 2309 2867; x_wconf 81' lang='lat' dir='ltr'>sceptri</span> <span class='ocrx_word' id='word_1_810' title='bbox 2337 2812 2501 2851; x_wconf 86' lang='lat' dir='ltr'>dicenda</span> 
     </span>
     <span class='ocr_line' id='line_1_112' title="bbox 1385 2866 2500 2920; baseline -0.002 -14"><span class='ocrx_word' id='word_1_811' title='bbox 1385 2869 1433 2906; x_wconf 88' lang='lat' dir='ltr'>sit</span> <span class='ocrx_word' id='word_1_812' title='bbox 1450 2893 1461 2906; x_wconf 88' lang='grc'><strong>.</strong></span> <span class='ocrx_word' id='word_1_813' title='bbox 1490 2869 1534 2906; x_wconf 90' lang='lat' dir='ltr'>In</span> <span class='ocrx_word' id='word_1_814' title='bbox 1561 2868 1644 2920; x_wconf 84' lang='lat' dir='ltr'>ipsa</span> <span class='ocrx_word' id='word_1_815' title='bbox 1673 2869 1890 2920; x_wconf 85' lang='lat' dir='ltr'>captivitate</span> <span class='ocrx_word' id='word_1_816' title='bbox 1905 2868 2017 2906; x_wconf 81' lang='lat' dir='ltr'>Judae</span> <span class='ocrx_word' id='word_1_817' title='bbox 2037 2869 2115 2906; x_wconf 87' lang='lat' dir='ltr'>suis</span> <span class='ocrx_word' id='word_1_818' title='bbox 2142 2867 2291 2919; x_wconf 85' lang='lat' dir='ltr'>legibus</span> <span class='ocrx_word' id='word_1_819' title='bbox 2319 2866 2500 2917; x_wconf 84' lang='lat' dir='ltr'>regeban-</span> 
     </span>
    </p>
   </div>
   <div class='ocr_carea' id='block_1_8' title="bbox 1384 2921 2533 3011">
    <p class='ocr_par' dir='ltr' id='par_1_16' title="bbox 1384 2921 2533 3011">
     <span class='ocr_line' id='line_1_113' title="bbox 1384 2921 2533 3010; baseline -0.003 -50"><span class='ocrx_word' id='word_1_820' title='bbox 1384 2929 1446 2960; x_wconf 82' lang='lat' dir='ltr'>tur</span> <span class='ocrx_word' id='word_1_821' title='bbox 1465 2951 1477 2970; x_wconf 81' lang='grc'>,</span> <span class='ocrx_word' id='word_1_822' title='bbox 1505 2934 1629 2974; x_wconf 84' lang='lat' dir='ltr'>neque</span> <span class='ocrx_word' id='word_1_823' title='bbox 1659 2929 1698 2960; x_wconf 87' lang='lat' dir='ltr'>ut</span> <span class='ocrx_word' id='word_1_824' title='bbox 1725 2923 1948 2974; x_wconf 80' lang='lat' dir='ltr'>mancipia,</span> <span class='ocrx_word' id='word_1_825' title='bbox 1995 2921 2059 2960; x_wconf 82' lang='lat' dir='ltr'>sed</span> <span class='ocrx_word' id='word_1_826' title='bbox 2089 2923 2211 2974; x_wconf 88' lang='lat' dir='ltr'>potius</span> <span class='ocrx_word' id='word_1_827' title='bbox 2240 2930 2279 2960; x_wconf 91' lang='lat' dir='ltr'>ut</span> <span class='ocrx_word' id='word_1_828' title='bbox 2307 2933 2407 3010; x_wconf 54' lang='lat' dir='ltr'>nova}</span> <span class='ocrx_word' id='word_1_829' title='bbox 2436 2931 2498 2957; x_wconf 77' lang='lat' dir='ltr'>co-</span> <span class='ocrx_word' id='word_1_830' title='bbox 2530 2973 2533 2975; x_wconf 30' lang='grc'>-</span> 
     </span>
     <span class='ocr_line' id='line_1_114' title="bbox 2406 2986 2448 3011; baseline 0 -8"><span class='ocrx_word' id='word_1_831' title='bbox 2406 2986 2448 3011; x_wconf 76' lang='lat'>0-</span> 
     </span>
    </p>
   </div>
   <div class='ocr_carea' id='block_1_9' title="bbox 1381 3064 2497 3394">
    <p class='ocr_par' dir='ltr' id='par_1_17' title="bbox 1381 3064 2497 3394">
     <span class='ocr_line' id='line_1_115' title="bbox 1434 3064 2497 3116; baseline -0.005 -11"><span class='ocrx_word' id='word_1_832' title='bbox 1434 3072 1480 3113; x_wconf 71' lang='lat' dir='ltr'>(b)</span> <span class='ocrx_word' id='word_1_833' title='bbox 1509 3070 1575 3105; x_wconf 89' lang='lat' dir='ltr'>Hic</span> <span class='ocrx_word' id='word_1_834' title='bbox 1599 3069 1722 3105; x_wconf 85' lang='lat' dir='ltr'>modus</span> <span class='ocrx_word' id='word_1_835' title='bbox 1747 3068 1948 3116; x_wconf 79' lang='lat' dir='ltr'>explicandi</span> <span class='ocrx_word' id='word_1_836' title='bbox 1976 3070 2182 3104; x_wconf 74' lang='lat' dir='ltr'>vaticinium</span> <span class='ocrx_word' id='word_1_837' title='bbox 2201 3069 2402 3103; x_wconf 74' lang='lat' dir='ltr'>Jacobaeum</span> <span class='ocrx_word' id='word_1_838' title='bbox 2427 3064 2497 3101; x_wconf 83' lang='lat' dir='ltr'>fuit</span> 
     </span>
     <span class='ocr_line' id='line_1_116' title="bbox 1381 3116 2496 3164; baseline -0.005 -12"><span class='ocrx_word' id='word_1_839' title='bbox 1381 3128 1501 3164; x_wconf 82' lang='lat' dir='ltr'>postea</span> <span class='ocrx_word' id='word_1_840' title='bbox 1526 3131 1545 3152; x_wconf 81' lang='lat' dir='ltr'>a</span> <span class='ocrx_word' id='word_1_841' title='bbox 1572 3117 1640 3151; x_wconf 83' lang='lat' dir='ltr'>Th.</span> <span class='ocrx_word' id='word_1_842' title='bbox 1668 3117 1832 3150; x_wconf 84' lang='lat' dir='ltr'>Sherlock</span> <span class='ocrx_word' id='word_1_843' title='bbox 1861 3119 1895 3150; x_wconf 87' lang='lat' dir='ltr'>in</span> <span class='ocrx_word' id='word_1_844' title='bbox 1921 3118 2013 3150; x_wconf 84' lang='lat' dir='ltr'>Diss.</span> <span class='ocrx_word' id='word_1_845' title='bbox 2041 3119 2082 3150; x_wconf 80' lang='grc' dir='ltr'>ΙΙ.</span> <span class='ocrx_word' id='word_1_846' title='bbox 2120 3129 2254 3150; x_wconf 77' lang='lat' dir='ltr'>annexa</span> <span class='ocrx_word' id='word_1_847' title='bbox 2281 3116 2377 3159; x_wconf 85' lang='lat' dir='ltr'>operi</span> <span class='ocrx_word' id='word_1_848' title='bbox 2403 3117 2445 3148; x_wconf 81' lang='lat' dir='ltr'>de</span> <span class='ocrx_word' id='word_1_849' title='bbox 2470 3116 2496 3146; x_wconf 79' lang='lat' dir='ltr'>l·</span> 
     </span>
     <span class='ocr_line' id='line_1_117' title="bbox 1384 3162 2494 3209; baseline -0.007 -11"><span class='ocrx_word' id='word_1_850' title='bbox 1384 3177 1512 3209; x_wconf 80' lang='lat' dir='ltr'>usage,</span> <span class='ocrx_word' id='word_1_851' title='bbox 1538 3167 1579 3197; x_wconf 70' lang='lat'>&lt;9¹</span> <span class='ocrx_word' id='word_1_852' title='bbox 1605 3166 1649 3198; x_wconf 78' lang='lat' dir='ltr'>du</span> <span class='ocrx_word' id='word_1_853' title='bbox 1665 3164 1725 3206; x_wconf 84' lang='lat' dir='ltr'>fin</span> <span class='ocrx_word' id='word_1_854' title='bbox 1748 3165 1792 3196; x_wconf 84' lang='lat' dir='ltr'>de</span> <span class='ocrx_word' id='word_1_855' title='bbox 1818 3166 1852 3197; x_wconf 82' lang='lat' dir='ltr'>Ia</span> <span class='ocrx_word' id='word_1_856' title='bbox 1875 3164 2052 3207; x_wconf 75' lang='lat' dir='ltr'>prophetie</span> <span class='ocrx_word' id='word_1_857' title='bbox 2071 3162 2257 3197; x_wconf 83' lang='lat' dir='ltr'>admodum</span> <span class='ocrx_word' id='word_1_858' title='bbox 2276 3163 2494 3200; x_wconf 82' lang='lat' dir='ltr'>illustratus,</span> 
     </span>
     <span class='ocr_line' id='line_1_118' title="bbox 1383 3206 2494 3256; baseline -0.006 -13"><span class='ocrx_word' id='word_1_859' title='bbox 1383 3222 1584 3256; x_wconf 81' lang='lat' dir='ltr'>quanquam</span> <span class='ocrx_word' id='word_1_860' title='bbox 1621 3213 1716 3255; x_wconf 82' lang='lat' dir='ltr'>prius</span> <span class='ocrx_word' id='word_1_861' title='bbox 1756 3223 1773 3243; x_wconf 86' lang='lat' dir='ltr'>a</span> <span class='ocrx_word' id='word_1_862' title='bbox 1801 3210 1945 3243; x_wconf 84' lang='lat' dir='ltr'>Daniele</span> <span class='ocrx_word' id='word_1_863' title='bbox 1974 3211 2102 3243; x_wconf 84' lang='lat' dir='ltr'>Huetio</span> <span class='ocrx_word' id='word_1_864' title='bbox 2127 3210 2324 3243; x_wconf 81' lang='lat' dir='ltr'>Demonstr.</span> <span class='ocrx_word' id='word_1_865' title='bbox 2361 3206 2494 3248; x_wconf 71' lang='lat' dir='ltr'>Evang.</span> 
     </span>
     <span class='ocr_line' id='line_1_119' title="bbox 1384 3253 2495 3302; baseline -0.007 -12"><span class='ocrx_word' id='word_1_866' title='bbox 1384 3258 1485 3302; x_wconf 85' lang='lat' dir='ltr'>Prop.</span> <span class='ocrx_word' id='word_1_867' title='bbox 1514 3258 1575 3290; x_wconf 86' lang='grc' dir='ltr'>ΙΧ.</span> <span class='ocrx_word' id='word_1_868' title='bbox 1601 3269 1677 3302; x_wconf 83' lang='lat' dir='ltr'>cap.</span> <span class='ocrx_word' id='word_1_869' title='bbox 1705 3257 1738 3298; x_wconf 93' lang='grc'>4.</span> <span class='ocrx_word' id='word_1_870' title='bbox 1765 3258 1878 3289; x_wconf 82' lang='lat' dir='ltr'>fuerat</span> <span class='ocrx_word' id='word_1_871' title='bbox 1904 3255 2101 3297; x_wconf 80' lang='lat' dir='ltr'>indicatus,</span> <span class='ocrx_word' id='word_1_872' title='bbox 2129 3260 2161 3288; x_wconf 85' lang='lat'><strong>&amp;</strong></span> <span class='ocrx_word' id='word_1_873' title='bbox 2186 3256 2296 3289; x_wconf 83' lang='lat' dir='ltr'>fusius</span> <span class='ocrx_word' id='word_1_874' title='bbox 2321 3253 2427 3288; x_wconf 78' lang='lat' dir='ltr'>etiam</span> <span class='ocrx_word' id='word_1_875' title='bbox 2440 3263 2495 3283; x_wconf 81' lang='lat' dir='ltr'>ex-</span> 
     </span>
     <span class='ocr_line' id='line_1_120' title="bbox 1383 3297 2493 3360; baseline -0.008 -23"><span class='ocrx_word' id='word_1_876' title='bbox 1383 3305 1532 3348; x_wconf 80' lang='lat' dir='ltr'>plicatus</span> <span class='ocrx_word' id='word_1_877' title='bbox 1559 3315 1577 3336; x_wconf 78' lang='lat' dir='ltr'>a</span> <span class='ocrx_word' id='word_1_878' title='bbox 1603 3304 1678 3336; x_wconf 77' lang='lat' dir='ltr'>Jac.</span> <span class='ocrx_word' id='word_1_879' title='bbox 1704 3304 1874 3347; x_wconf 80' lang='lat' dir='ltr'>Basnagio</span> <span class='ocrx_word' id='word_1_880' title='bbox 1897 3303 1997 3339; x_wconf 76' lang='lat' dir='ltr'>Hist.</span> <span class='ocrx_word' id='word_1_881' title='bbox 2023 3304 2088 3338; x_wconf 82' lang='lat' dir='ltr'>des</span> <span class='ocrx_word' id='word_1_882' title='bbox 2113 3302 2212 3360; x_wconf 42' lang='grc' dir='ltr'>,Ταῖς</span> <span class='ocrx_word' id='word_1_883' title='bbox 2237 3300 2315 3335; x_wconf 83' lang='lat' dir='ltr'>Lib.</span> <span class='ocrx_word' id='word_1_884' title='bbox 2340 3298 2385 3334; x_wconf 88' lang='lat' dir='ltr'>V.</span> <span class='ocrx_word' id='word_1_885' title='bbox 2411 3309 2440 3332; x_wconf 87' lang='lat' dir='ltr'>c.</span> <span class='ocrx_word' id='word_1_886' title='bbox 2459 3297 2493 3340; x_wconf 82' lang='grc'>4·</span> 
     </span>
     <span class='ocr_line' id='line_1_121' title="bbox 1383 3349 1812 3394; baseline -0.012 -8"><span class='ocrx_word' id='word_1_887' title='bbox 1383 3349 1545 3386; x_wconf 74' lang='lat' dir='ltr'>editionis</span> <span class='ocrx_word' id='word_1_888' title='bbox 1573 3350 1679 3394; x_wconf 80' lang='lat' dir='ltr'>Hagae</span> <span class='ocrx_word' id='word_1_889' title='bbox 1711 3350 1812 3393; x_wconf 74' lang='lat'>1716.</span> 
     </span>
    </p>
   </div>
  </div>
 </body>
</html>
