2583 3685
844 161 925 205 DE
961 161 1158 206 LAPSU
1188 157 1582 203 ANGELORUM
1601 187 1611 196 .

79 276 109 297 „
137 245 246 294 rioris
274 243 405 297 regula
433 255 507 282 non
521 249 694 283 servatur
715 271 725 290 ‚
757 241 790 277 8t
814 241 886 280 hoc
907 250 958 280 est
988 249 1187 294 peccatum

79 329 108 350 „
134 299 325 350 superbiae
346 329 358 347 ,
395 311 470 336 non
497 297 609 335 subdi
638 296 824 348 superiori
857 297 895 334 iu
925 309 996 343 eu,
1042 296 1082 333 in
1110 306 1188 346 quo

74 380 102 401 ‚,
130 351 267 390 dehet.
299 351 408 390 Unde
431 360 627 403 peccatum
660 351 829 401 primum
853 348 987 402 Angeli
1015 360 1091 386 uon
1116 359 1184 399 po-

73 433 103 454 „
132 413 198 443 test
228 419 305 443 esse
332 404 467 452 aliud,
496 417 615 457 quam
645 404 896 456 superbia“.

128 487 156 507 „
187 457 280 496 218.
309 457 384 496 Sed
412 466 678 511 consequenter
708 457 827 508 potuit
853 456 895 499 ‚in
936 456 989 492 eis
1019 466 1096 492 esse
1132 462 1186 491 et-

73 540 102 560 „
131 512 210 550 iam
240 512 411 550 invidia.
442 511 623 561 Ejusdem
655 511 756 548 enim
787 509 938 547 rationis
966 515 1046 554 est,
1082 507 1186 560 quod

72 593 102 613 „
131 564 288 603 affectus
316 566 441 604 tendat
472 567 510 604 in
540 564 686 616 aliquid
709 561 990 616 appetendum,
1019 561 1053 596 δε
1082 560 1185 612 quod

71 646 100 667 „
128 620 313 657 renitatur
339 620 538 672 opposito.
569 617 721 656 invidus
749 626 876 654 autem
905 627 949 651 ex
968 613 1037 652 hoc
1057 614 1103 650 de
1117 613 1184 651 bo-

69 699 100 720 „
128 684 179 710 no
206 671 364 711 alterius
391 672 516 720 dolet,
546 674 774 724 inquantum
797 669 941 707 bonum
957 667 1112 705 alterius
1133 680 1185 703 ae-

66 753 98 774 2,
127 726 253 764 stimat
282 728 343 765 sui
372 725 463 765 boni
485 725 805 776 impedimentum
822 748 832 760 .
863 720 947 760 Non
970 730 1096 759 autem
1116 719 1184 758 bo-

68 807 98 827 „
128 793 223 818 num
251 779 408 818 alterius
450 787 593 831 poterat
636 777 820 815 aestimari
858 774 1183 827 impedimentum

67 860 98 882 2,
126 831 217 871 boni
246 832 410 872 affectati
431 846 499 885 per
516 828 703 884 Angelum
724 828 896 877 malum,
925 829 1000 866 nisi
1017 831 1183 881 inquan-

67 894 208 934 „tum
249 885 439 926 affectavit
474 884 741 923 excellentiam
783 881 1042 934 singularem,
1091 894 1180 934 quas

63 966 96 988 ‚,
125 938 283 992 quidem
325 938 565 992 singularitas
606 951 674 991 per
714 936 872 976 alterius
915 934 1179 974 excellentiam

65 1020 95 1041 0,
123 1001 266 1032 cessat.
299 992 348 1032 Et
377 993 461 1032 ideo
489 1001 572 1045 post
600 1000 800 1045 peccatum
829 991 1021 1043 superbiae
1052 1002 1181 1027 conse-

65 1073 95 1095 „
123 1056 256 1085 cutum
284 1055 338 1086 est
365 1047 404 1085 in
433 1044 582 1099 Angelo
610 1056 786 1098 peccante
816 1045 963 1083 malum
993 1044 1151 1083 invidiae
1168 1073 1180 1093 ‚

64 1127 93 1148 ,‚
122 1100 334 1139 secundum
361 1099 464 1154 quod
492 1101 539 1139 de
568 1099 670 1138 bono
698 1099 864 1143 hominis
891 1098 1036 1146 doluit,
1065 1097 1100 1133 St
1129 1106 1180 1135 et-

63 1180 93 1202 „
123 1154 200 1191 iam
227 1154 276 1191 de
305 1153 530 1192 excellentia
557 1153 716 1202 divina,
759 1153 968 1191 secuudum
1005 1152 1107 1204 quod
1137 1164 1182 1189 eo

59 1233 92 1256 ‚,
121 1206 227 1245 Deus
255 1215 384 1247 contra
413 1206 646 1246 voluntatem
677 1208 796 1260 ipsius
812 1206 970 1244 Diaboli
1002 1206 1120 1243 utitur
1140 1207 1182 1245 in

60 1287 91 1310 „
118 1259 284 1313 gloriam
313 1260 500 1300 Divinam
518 1286 530 1298 .
559 1264 586 1282 “

60 1350 69 1357 ‚
120 1326 212 1366 219.
242 1313 325 1352 Hac
353 1313 395 1352 S.
425 1313 589 1351 'rhomae
618 1312 788 1351 doctrina
817 1324 862 1349 ex
891 1311 931 1351 S.
951 1313 1182 1362 Augustino,

65 1375 108 1404 ut
135 1379 224 1407 mox
254 1367 450 1414 vidimus,
480 1365 639 1414 hausta,
678 1365 918 1417 explicantur
947 1365 1068 1402 multa
1098 1379 1182 1404 san-

60 1427 215 1460 ctorum
230 1417 384 1457 Patrum
413 1420 512 1457 dicta
528 1449 540 1467 ,
569 1421 635 1471 qui
656 1427 826 1457 asserunt
843 1418 1077 1469 Angelorum
1094 1433 1183 1471 pec—

64 1481 194 1510 catum
222 1472 339 1509 fuisse
367 1472 552 1509 invidiam
570 1498 580 1508 .
610 1471 675 1508 Sic
704 1471 744 1509 S.
773 1472 980 1521 Gregorius
1009 1470 1111 1521 Papa
1140 1474 1181 1509 in

62 1522 266 1562 Pastoraza·
293 1535 381 1576 cap.
412 1536 476 1562 21.
504 1525 553 1561 de
572 1523 742 1562 Diabolo
769 1525 807 1560 in
839 1525 918 1560 uit:
948 1522 1012 1560 De
1041 1525 1105 1560 illo
1125 1528 1182 1562 sic

59 1581 251 1628 scriptum
279 1586 369 1615 est:
398 1575 547 1614 invidia
575 1585 712 1614 autem
735 1538 894 1613 Dalion
915 1589 1025 1613 mors
1053 1581 1181 1614 intra-

58 1634 113 1671 vit
141 1634 183 1670 t'n
211 1628 346 1669 orbem
374 1639 577 1670 terrarum
591 1645 605 1675 ,-
633 1635 727 1681 quia
748 1633 857 1668 enim
878 1634 959 1680 ipse
980 1630 1183 1682 malignus

59 1688 221 1735 spiritus
247 1683 503 1724 adversarius
531 1693 667 1723 noster
695 1683 840 1722 coelum
869 1682 1057 1735 perdidit,
1088 1696 1182 1722 con-

63 1737 144 1777 dito
185 1737 341 1777 adhoc
383 1738 533 1777 homini
562 1737 697 1776 invidit
718 1768 729 1786 ,
775 1738 826 1778 Θ·
869 1737 1182 1776 damnationem

62 1805 182 1831 suam
209 1792 383 1844 perditus
411 1791 542 1833 adhuc
570 1794 672 1831 alios
699 1791 902 1842 pert-tendo
939 1792 1182 1831 cumulavit.

56 1845 128 1885 sic
158 1847 273 1885 etiam
303 1847 521 1886 Lactantius
549 1846 640 1886 Lib.
658 1847 705 1884 ll.
735 1844 870 1884 Dirt'n.
901 1849 1065 1884 institut.
1094 1860 1182 1900 cap.

64 1912 104 1939 ι.
130 1899 343 1938 Diabolum
372 1901 466 1940 dicit
492 1909 634 1950 suapte
662 1899 812 1938 invidia
839 1909 1040 1950 tanquam
1068 1913 1183 1938 vene-

0 1964 13 1975 ·
59 1965 116 1991 no
143 1952 336 2044 iglectum
354 1953 519 2007 fuisse,
548 1954 598 1995 <⁸7
628 1968 680 1992 ex
710 1953 809 1993 bono
829 1952 884 1991 ad
899 1954 1051 1992 malum
1069 1963 1184 1992 tran-

60 2019 154 2044 scen
184 2010 286 2045 isse:
316 2008 418 2046 unde
446 2019 574 2061 postea
593 2007 808 2056 concludit,
837 2018 1072 2046 cunctorum
1093 2021 1184 2046 ma-

62 2061 191 2099 lorum
209 2059 377 2113 sontem
406 2075 494 2101 esse
522 2063 682 2100 livorem
699 2088 711 2100 .
758 2062 861 2110 Quae
889 2072 1080 2115 postrema
1109 2063 1183 2101 La-

60 2116 195 2153 ctantii
221 2114 341 2154 verba
368 2117 504 2155 referri
533 2116 671 2154 debent
691 2115 738 2153 ad
761 2115 864 2155 mala
880 2146 891 2164 ‚
921 2131 1010 2168 quae
1041 2118 1082 2155 in
1111 2115 1184 2157 hoc

51 2169 204 2207 >mundo
232 2178 320 2208 sunt
337 2199 348 2217 ,
377 2169 411 2207 ἃ
440 2183 529 2223 quae
559 2170 608 2209 ab
630 2170 777 2209 invidia
794 2169 976 2220 Diaboli,
1005 2185 1082 2223 qua
1103 2173 1182 2223 pri-

57 2234 123 2261 mo
151 2231 293 2261 nostros
322 2222 498 2262 Parentes
527 2224 702 2272 seduxit,
730 2226 917 2276 originem
947 2224 1132 2265 trahunt.

115 2289 206 2315 220.
236 2276 439 2324 Quomodo
467 2287 595 2316 autem
626 2279 762 2330 poterit
790 2277 960 2330 Angelus
989 2293 1177 2332 peccare,

57 2329 100 2368 in
129 2343 248 2384 quem
278 2344 384 2369 error
411 2333 631 2385 apparentis
671 2332 762 2371 boni
804 2333 939 2370 cadere
968 2346 1045 2372 non
1075 2342 1177 2385 pote·

53 2392 116 2421 :cat
134 2413 147 2431 ‚
193 2385 245 2422 ita
274 2384 440 2437 explicat
468 2385 511 2425 S.
539 2385 680 2424 Doctor
710 2385 813 2425 laud.
843 2401 911 2439 qu.
941 2386 1008 2427 63.
1038 2396 1107 2426 art.
1143 2400 1177 2425 1.

50 2436 105 2475 nd
132 2437 174 2485 4.
218 2466 245 2487 ,,
272 2437 476 2488 Peccatum
505 2439 665 2479 mortale
695 2439 736 2480 in
765 2449 852 2479 actu
880 2439 996 2480 liberi
1026 2441 1177 2481 arbitrii

100 2610 149 2648 (α)
174 2608 311 2648 Nemo,
336 2617 375 2642 ut
395 2618 501 2654 puto,
528 2609 785 2655 Theologorum
801 2623 877 2645 eam
895 2612 980 2646 clar.
994 2613 1048 2646 Jo.
1069 2613 1170 2657 Bapt-

53 2654 171 2687 Gener
195 2654 396 2699 opinionem
422 2654 609 2696 admittet,
649 2658 707 2701 qui
739 2659 840 2692 Tom.
869 2660 928 2692 lu.
955 2671 1024 2692 suae
1053 2659 1170 2693 Theoi.

52 2699 498 2744 Dogmutico-scholusttcae
524 2714 558 2746 μ.
589 2706 664 2736 ι13.
692 2704 840 2748 probare
867 2704 1072 2745 contendit,
1099 2707 1172 2749 pri-

52 2758 152 2781 mum
179 2747 377 2793 Spirituum
402 2750 715 2794 praevaricatorum
731 2760 912 2794 peccatum
931 2752 1035 2784 fuisse
1061 2752 1173 2786 effrae-

49 2804 133 2828 nem
160 2794 387 2873 sigen-biam,
423 2807 492 2840 qna
518 2796 631 2829 Deum
658 2796 837 2830 hominem
864 2796 1035 2838 adorare,
1079 2801 1110 2830 &
1136 2807 1172 2832 ut

47 2841 159 2874 cibum
219 2841 460 2876 acharisticum
487 2845 696 2886 spiritaliter
716 2846 825 2887 ,edere
846 2845 1057 2883 abnue-rann
1085 2847 1172 2878 inui-

50 2888 175 2921 dentes
199 2899 315 2935 nempe
347 2890 518 2936 ejusmodi
554 2893 804 2935 nqrsteriorterti
840 2891 1084 2937 majestatem,
1128 2897 1170 2925 (9⁶

53 2936 222 2980 glor-urm,
247 2942 284 2969 ut
307 2937 448 2969 subinde
473 2945 598 2970 temere
624 2940 791 2971 violantes
815 2947 1014 2982 praceptum
1039 2941 1171 2972 eisdem

50 2993 76 3015 a
102 2979 176 3015 Deo
200 2982 388 3029 injunctum
411 2984 456 3017 de
483 2986 545 3018 illa
579 2985 802 3026 adoratione,
846 2991 887 3018 (9⁶
913 2987 957 3018 de
990 2987 1052 3019 illo
1086 2999 1171 3020 esu.

54 3026 253 3069 Quemnam
279 3038 398 3063 antem
423 3030 523 3064 affert
549 3029 656 3075 hujus
683 3032 866 3065 sententiae
885 3041 1039 3065 veterem
1057 3033 1171 3077 magi-

58 3080 197 3114 strum,
221 3077 254 3108 δι
276 3073 429 3110 ducem?
468 3077 547 3112 Non
573 3078 706 3118 alium,
769 3091 849 3112 uam
873 3080 1071 3122 perdoctum
1097 3080 1173 3113 Ru-

57 3126 197 3170 pertmn
222 3121 396 3158 Abbatem
430 3123 650 3158 ‘I'uitiensem
687 3127 738 3158 Or
767 3149 775 3156 .
800 3127 834 3159 S.
863 3124 1066 3166 Benedicti,
1108 3127 1170 3171 qui

57 3166 196 3217 nonnisi
223 3167 358 3204 Secuto
377 3171 456 3205 ΧΙΙ.
484 3171 627 3212 floruit,
655 3174 686 3204 &c
712 3172 814 3216 cujus
841 3171 914 3206 haec
939 3173 1045 3206 verba
1072 3172 1172 3207 affert

56 3223 100 3245 ex
131 3212 207 3246 [nb.
235 3213 291 3246 ΙΙΙ.
339 3216 375 3260 in
398 3217 561 3253 Exodum
586 3230 616 3252 c.
650 3230 702 3252 10.
741 3219 844 3252 Tom.
874 3221 898 3252 Ι.
934 3217 1018 3251 edit.
1047 3220 1172 3254 Venet.

58 3269 116 3292 an·
147 3257 272 3302 1748*
317 3260 487 3308 Numquid
512 3265 644 3310 Angeli
671 3267 732 3300 illo
756 3278 841 3309 pane
867 3267 1022 3300 cibantur
1049 3269 1082 3297 in
1111 3279 1176 3299 σα-

58 3306 115 3346 lo,
139 3319 232 3349 quem
247 3308 389 3349 populus
407 3312 468 3344 ille
487 3314 658 3356 colligens
679 3314 823 3346 similem
842 3314 1024 3354 coriandro
1039 3335 1049 3353 ‚
1066 3313 1174 3357 fran-

40 3352 157 3396 -gebat
182 3354 295 3393 mola,
322 3357 392 3386 sii-e
419 3358 547 3391 terebat
572 3361 770 3393 mortariolo
788 3371 800 3387 e
842 3359 937 3403 Ergo
962 3372 1061 3403 panis
1099 3362 1174 3393 cali

58 3409 159 3447 panis
184 3399 396 3446 Angelorum
419 3404 486 3437 iste
510 3413 564 3439 est
578 3426 590 3448 ‚
616 3409 672 3451 qui
697 3408 732 3441 in
755 3405 947 3454 Evangelio
975 3419 1032 3441 suo
1058 3407 1172 3444 dicit.-

2259 170 2312 208 27

1257 267 1283 286 „
1312 237 1490 288 contingit
1532 234 1759 287 dupliciter:
1808 246 1881 273 non
1910 233 2024 271 modo
2051 245 2097 271 ex
2127 231 2196 271 lioc
2214 263 2224 282 ,
2267 234 2368 285 quod

1256 321 1282 340 „
1311 290 1469 343 aliquod
1499 289 1646 327 malum
1676 289 1850 340 eligitur,
1880 290 1975 327 sicut
2008 287 2120 325 liomo
2149 296 2300 339 peccat,
2331 302 2368 324 e-

1256 374 1282 394 „
1312 343 1465 396 ligendo
1493 340 1747 390 adulterium,
1777 344 1876 394 quod
1908 342 2115 380 secundum
2144 355 2183 379 se
2213 351 2264 379 est
2286 356 2367 378 ina-

1253 428 1279 448 „
1310 397 1420 443 lum5
1449 396 1483 434 &
1514 395 1588 434 tale
1618 406 1816 447 peccatum
1845 410 1994 449 semper
2024 395 2192 448 procedit
2222 408 2266 433 ex
2295 395 2367 434 ali·

1253 481 1280 500 „
1309 465 1386 503 qua
1416 451 1650 502 ignorantia,
1681 450 1739 487 vel
1772 463 1924 496 errore3
1967 448 2139 503 alioquin
2170 449 2203 486 id
2224 479 2234 496 ‚
2264 449 2368 501 quod

1252 535 1281 555 „
1311 513 1364 542 est
1393 503 1540 543 malum
1569 517 1646 542 nou
1675 503 1876 555 eligeretur
1907 513 1945 541 ut
1964 504 2169 541 bonum...
2201 502 2281 540 Hoc
2302 516 2370 540 au-

1253 567 1387 608 „tem
1431 559 1543 596 morlo
1571 567 1771 610 peccatum
1813 558 1854 594 iu
1885 557 2026 609 Augelo
2062 570 2140 594 esse
2183 568 2258 593 nou
2302 569 2369 607 po-

1253 643 1280 662 „
1309 613 1442 650 tuit...
1475 611 1560 650 Alio
1591 612 1704 649 modo
1730 611 2082 663 contingittpeccari
2102 623 2170 663 per
2198 608 2368 648 liberum

1309 666 1513 704 arbitrium
1543 664 1715 717 eligendo
1743 664 1920 717 aliquid,
1958 665 2058 717 quod
2088 663 2300 702 secundum
2329 678 2369 702 se

1309 729 1360 758 est
1389 718 1559 768 bonum,
1602 719 1667 757 sed
1696 731 1770 756 uon
1800 733 1890 756 cum
1919 719 2049 756 ordine
2086 718 2227 756 debitae
2259 731 2368 756 meu-

1309 786 1409 812 surae
1427 802 1438 821 ,
1469 782 1533 810 aut
1563 771 1735 825 regulae;
1779 773 1829 810 ita
1857 772 1958 824 quod
1988 772 2157 810 desectus
2187 771 2368 809 inducens

1251 858 1277 877 „
1307 835 1510 880 peccatum
1547 828 1593 864 sit
1622 825 1746 865 solum
1791 839 1835 864 ex
1867 835 1972 876 parte
2015 825 2229 872 electionis,
2276 838 2366 877 quae

1251 911 1278 930 „
1308 894 1381 918 non
1410 879 1525 918 habet
1554 880 1730 919 debitum
1770 879 1945 918 ordinem
1977 880 2046 918 uisi
2091 892 2136 916 ex
2167 887 2274 930 parte
2312 879 2367 916 rei

1250 964 1277 985 „
1307 934 1465 980 electoe3
1494 935 1590 972 sicut
1618 935 1649 973 si
1678 933 1820 987 aliquis
1849 933 2003 985 eligeret
2031 946 2139 971 orare
2158 963 2168 980 ,
2208 945 2284 970 uon
2313 941 2367 969 at—

1248 1018 1276 1039 „
1305 988 1464 1027 tende-ns
1491 988 1536 1026 ad
1565 988 1740 1027 ordinem
1769 987 1817 1026 ab
1846 986 2021 1026 Ecclesia
2050 988 2260 1026 institutum
2278 1012 2289 1024 .
2320 984 2367 1023 Et

1248 1072 1275 1093 „
1305 1042 1528 1094 hujusmodi
1559 1053 1756 1095 peccatum
1777 1056 1852 1081 non
1875 1041 2072 1095 praeexigit
2095 1041 2368 1093 ignorantiam,

1248 1125 1276 1149 „
1303 1097 1368 1136 sed
1383 1096 1596 1134 absentiam
1612 1096 1734 1135 solum
1764 1097 2077 1135 considerationis
2092 1107 2247 1141 eorum,
2277 1106 2368 1146 quae

1249 1180 1277 1200 „
1306 1150 1538 1190 considerari
1567 1150 1702 1189 debent
1720 1177 1729 1189 .
1759 1150 1806 1189 Et
1836 1149 1908 1188 hoc
1938 1149 2050 1187 modo
2080 1146 2248 1200 Angelus
2279 1159 2369 1199 pec-

1250 1234 1276 1254 „
1305 1205 1408 1242 cavit
1436 1205 1688 1244 convertendo
1717 1218 1755 1242 se
1785 1217 1854 1257 per
1883 1203 2053 1241 liberum
2083 1202 2290 1239 arbitrium
2321 1199 2369 1238 ad

1250 1288 1278 1307 ,‚
1309 1260 1511 1310 proprium
1539 1258 1686 1297 bonum
1715 1258 1860 1311 absque
1888 1256 2019 1296 ordine
2040 1255 2089 1294 ad
2110 1253 2281 1307 regulam
2299 1253 2370 1292 Di-

1249 1341 1277 1361 „
1307 1313 1410 1350 vinae
1441 1311 1644 1351 voluntatis
1665 1316 1691 1334 “
1708 1339 1721 1351 .

1306 1378 1396 1402 201.
1427 1364 1501 1402 Sed
1533 1374 1573 1402 ut
1602 1375 1841 1404 revertamur
1869 1365 1916 1403 ad
1938 1364 2110 1417 primurn
2133 1361 2369 1414 Angelorum

1252 1428 1478 1469 peccatum,
1508 1431 1650 1470 nempe
1677 1419 1725 1456 ad
1754 1418 1975 1471 superbiam
1993 1448 2003 1466 ,
2042 1417 2128 1455 haec
2157 1418 2198 1454 in
2229 1429 2273 1454 eo
2300 1417 2370 1454 sita

1252 1471 1352 1520 fuit,
1381 1472 1484 1523 quod
1515 1471 1704 1510 volueriut
1732 1470 1877 1509 similes
1905 1471 1989 1508 Deo
2017 1470 2130 1515 fieri3
2159 1470 2310 1508 dicebat
2332 1484 2371 1507 e-

1251 1525 1329 1560 nim
1361 1523 1579 1573 Diabolus,
1628 1535 1666 1562 ut
1695 1526 1795 1562 testis
1838 1534 1888 1562 est
1917 1525 2031 1562 lsaias
2061 1521 2172 1561 le.
2207 1523 2267 1569 14.
2316 1522 2371 1560 A·

1250 1576 1445 1613 scentiam
1474 1591 1592 1629 super
1619 1578 1869 1616 altitudinem
1898 1576 2058 1615 nubium
2076 1607 2087 1625 ,
2130 1577 2272 1614 similis
2301 1589 2370 1615 ero

1251 1629 1489 1674 Altissimoj
1536 1632 1636 1683 quod
1666 1644 1743 1669 non
1773 1633 1824 1669 ita
1853 1631 2120 1682 accipiendum
2151 1641 2230 1679 est,
2259 1631 2372 1684 quasi

1250 1682 1441 1721 Diabolus
1471 1682 1634 1722 voluerit
1664 1684 1748 1722 fieri
1778 1683 1872 1722 alter
1901 1683 2032 1731 Deus,
2074 1686 2194 1735 quia,
2234 1694 2273 1722 ut
2301 1683 2371 1722 ob-

1250 1746 1374 1775 servat
1403 1736 1443 1775 S.
1465 1735 1636 1776 Thomas
1665 1748 1735 1776 art.
1767 1737 1833 1786 3.,
1862 1735 2030 1775 naturali
2060 1750 2127 1774 sua
2155 1738 2371 1788 cognitione

1250 1791 1389 1840 scivit,
1417 1789 1490 1829 hoc
1519 1805 1598 1830 esse
1626 1790 1893 1845 impossibile3
1922 1790 1987 1828 sed
2006 1789 2109 1843 quod
2125 1789 2287 1828 voluerit
2303 1791 2371 1828 fie-

1250 1845 1284 1882 ri
1313 1845 1453 1883 similis
1475 1845 1584 1894 Deo,
1614 1845 1839 1897 appetendo
1867 1854 1908 1882 ut
1924 1843 2063 1897 finem
2083 1844 2264 1882 ultimum
2286 1857 2372 1883 suae

1250 1897 1503 1937 beatitudinis
1532 1898 1572 1937 ul
1589 1930 1600 1949 ,
1630 1900 1684 1938 ad
1713 1899 1815 1952 quod
1843 1903 1982 1937 virtute
2009 1911 2095 1936 suoe
2122 1907 2284 1936 naturae
2303 1911 2370 1948 po-

1251 1962 1358 1992 terat
1386 1958 1589 2006 pervenire
1606 1984 1617 2002 ,
1647 1963 1830 1992 avertens
1859 1966 1974 1991 suum
1994 1955 2214 2004 appetitum
2234 1966 2262 1990 a
2277 1951 2371 1990 bea-

1250 2007 1416 2046 titudine
1444 2008 1770 2059 supernaturali,
1809 2021 1898 2059 quae
1927 2016 1984 2044 esc
2014 2019 2068 2045 ex
2095 2010 2233 2059 gratia
2262 2005 2340 2044 Det
2357 2033 2368 2044 .

1254 2059 1328 2100 Vel
1355 2066 1389 2100 si
1417 2066 1583 2115 appetiit
1611 2072 1651 2099 ut
1667 2062 1846 2100 ultimum
1865 2060 2032 2116 finem,
2063 2074 2157 2099 eam
2187 2061 2369 2098 similitu-

1250 2114 1386 2154 dinem
1417 2120 1431 2167 (
1461 2130 1552 2154 cum
1583 2116 1666 2155 Deo
1695 2117 1734 2165 ),
1764 2129 1854 2167 quae
1883 2114 2003 2153 datur
2031 2127 2084 2151 ex
2111 2119 2277 2167 gratia,
2307 2127 2370 2151 νο-

1249 2169 1320 2206 luit
1349 2168 1495 2208 habere
1522 2183 1594 2220 per
1620 2174 1801 2208 virtutem
1843 2182 1930 2208 suoe
1967 2178 2128 2206 narurae
2145 2198 2156 2215 ‚
2204 2181 2285 2205 non
2313 2181 2370 2206 ex

1247 2222 1377 2261 divino
1419 2226 1573 2262 auxilio
1614 2222 1833 2262 secundum
1877 2221 1957 2261 Dec·
1999 2221 2294 2273 dds-positionem
2325 2249 2368 2261 ...

1245 2276 1303 2316 Et
1331 2277 1417 2316 lzoec
1448 2278 1524 2316 duo
1552 2276 1849 2330 quodammodo
1865 2280 1905 2314 ιἠ,
1927 2275 2032 2314 idem
2054 2273 2242 2322 redeunt,
2272 2279 2368 2326 quia.

1246 2331 1464 2370 secundum
1495 2342 1702 2383 utrumque
1738 2335 1902 2382 appetiit
1933 2330 2115 2385 finalem
2159 2328 2368 2367 beatitudi-

1247 2399 1340 2424 nem
1369 2399 1439 2438 per
1466 2399 1586 2424 suam
1615 2391 1797 2426 virtutem
1826 2384 1999 2435 habere,
2048 2383 2150 2438 quod
2179 2393 2237 2423 est
2278 2397 2367 2436 pro-

1244 2444 1374 2493 prium
1404 2439 1483 2480 Dei
1514 2440 1577 2494 (a)
1596 2467 1608 2480 .

1252 696 1279 715 Π

1251 749 1279 769 22

1248 804 1278 823 ³2

2220 2503 2314 2531 222.

1238 2613 1317 2657 Ego
1345 2627 1414 2647 sum
1439 2617 1542 2657 panis
1567 2618 1682 2653 vivus,
1725 2616 1780 2656 qm·
1804 2615 1850 2645 de
1875 2612 1957 2646 e'raelo
1992 2613 2189 2649 descendi,-
2232 2613 2265 2642 si
2289 2613 2363 2653 quis

1239 2661 1494 2692 manducaverit
1520 2672 1562 2692 ex
1590 2661 1654 2690 hoc
1677 2670 1763 2700 pane
1780 2678 1790 2695 ,
1819 2666 1903 2688 trwee
1930 2669 1962 2688 ιη
1982 2666 2135 2689 aeeernmn
2151 2672 2163 2693 1·
2191 2657 2247 2689 ῘΗΟ
2272 2660 2362 2690 enim-

1241 2715 1348 2738 victus
1373 2714 1428 2738 est
1447 2726 1458 2744 ‚
1500 2710 1540 2737 Θ·
1568 2709 1635 2737 utta
1662 2704 1834 2747 Angelt'cae
1862 2703 2084 2738 substanezs:
2127 2716 2200 2735 nam
2228 2706 2261 2735 in
2288 2716 2361 2736 eum

1241 2753 1444 2785 desiderant
1472 2751 1602 2795 Angeli
1627 2762 1823 2794 prospicere
1843 2763 1853 2779 .·
1897 2750 1985 2792 quod
2010 2752 2087 2793 quia
2111 2749 2241 2792 facere
2280 2761 2363 2782 con-

1241 2801 1379 2842 tempsit
1407 2798 1590 2841 Angelus,
1615 2799 1768 2837 cecum,
1808 2795 1990 2839 &sactus
2017 2803 2072 2828 est
2096 2796 2276 2836 diabulus,
2319 2801 2362 2830 (9‘

1240 2850 1296 2890 qutv
1322 2845 1421 2892 hujus
1447 2857 1548 2887 panis
1576 2849 1810 2886 sempiternam
1840 2851 1977 2886 partens-
2011 2843 2186 2883 inediam,
2231 2856 2362 2886 semper

1237 2901 1292 2925 est
1315 2894 1470 2936 pallidus
1486 2914 1496 2932 ‚
1524 2897 1566 2925 Θ·
1591 2905 1682 2923 mors
1707 2893 1800 2923 cllum
1827 2893 1998 2934 sequitur.
2038 2889 2101 2922 His
2127 2889 2244 2922 verbis
2272 2892 2362 2924 reei-

1238 2941 1323 2973 tatis
1350 2937 1530 2972 concludit
1556 2939 1693 2971 Gener:
1738 2936 1834 2982 Qm'd
1860 2939 1892 2969 in
1921 2948 1989 2968 rem
2016 2944 2166 2969 nostram
2201 2939 2331 2970 clarius
2348 2959 2360 2978 ,

1241 2990 1283 3020 <5
1308 2989 1533 3029 praclarum!
1562 2986 1610 3017 lta
1637 2984 1702 3027 ipsi
1729 2983 1845 3016 visum
1868 2991 1940 3016 est.
1969 2981 2033 3015 Sed
2053 2983 2112 3016 vix
2130 3005 2140 3023 ,
2170 2995 2210 3016 ac
2237 2996 2277 3017 ne
2299 2985 2360 3018 vix

1239 3032 1383 3078 quidem
1409 3030 1512 3066 credo
1537 3031 1584 3063 ita
1611 3031 1725 3063 visum
1753 3029 1797 3062 iri
1823 3029 1928 3070 aliis,
1955 3030 2053 3063 nullo
2071 3041 2134 3074 pro
2153 3029 2216 3064 hac
2244 3043 2357 3072 nova,

1240 3090 1344 3124 atque
1371 3078 1527 3112 inaudita
1553 3078 1726 3111 sententia
1751 3074 1866 3110 studio
1893 3077 2170 3121 praeoccupatis.
2207 3077 2299 3111 Satis
2325 3090 2363 3111 e-

1240 3128 1314 3160 nim
1343 3126 1564 3171 perspicuum
1592 3132 1697 3168 puto,
1740 3131 1813 3157 toto
1839 3123 1900 3156 illo
1925 3124 2038 3169 capite
2076 3135 2142 3155 non
2169 3122 2265 3157 aliud
2298 3137 2360 3158 no-

1241 3173 1334 3207 mine
1361 3174 1459 3217 [mnis
1486 3170 1664 3212 coelestis,
1707 3173 1740 3203 δι
1767 3171 1924 3214 Angelici
1952 3183 1970 3204 a
1998 3172 2156 3215 Ruperto
2183 3171 2358 3216 intelligi,

1240 3231 1347 3264 quam
1377 3219 1436 3251 Dei
1466 3218 1656 3250 visionem:
1694 3215 1784 3250 hanc
1809 3218 1901 3250 enim
1929 3218 2059 3262 passim
2086 3218 2120 3250 in
2146 3218 2218 3251 suis
2244 3219 2359 3263 operi-

1241 3267 1304 3299 bns
1334 3265 1509 3309 liutpertus
1539 3264 1690 3310 appellat
1714 3277 1832 3308 punem
1860 3265 2100 3308 Angeloruin5
2141 3273 2179 3297 ut
2209 3265 2284 3298 Lib.
2315 3265 2356 3295 Η.

1242 3314 1275 3345 in
1303 3313 1426 3344 Genes-
1453 3322 1484 3343 c.
1515 3310 1569 3343 26.
1613 3311 1795 3355 Angelus,
1835 3311 1972 3355 inquit,
2011 3314 2066 3355 qui
2092 3319 2259 3344 terrenum
2290 3322 2356 3342 non.

1240 3359 1338 3392 habet
1364 3370 1510 3401 corpus,
1535 3360 1632 3390 unius
1661 3360 1836 3401 spiritalis
1861 3359 2019 3402 paradisi
2043 3359 2185 3391 deliciis
2203 3365 2254 3388 est
2273 3367 2360 3389 εἰη-

1241 3414 1376 3443 ternus.-
1402 3404 1498 3440 homo
1524 3413 1632 3440 autem
1649 3426 1662 3446 ‚
1687 3407 1745 3451 qui
1769 3417 1812 3440 ez
1840 3417 1981 3448 corpore
2007 3413 2168 3446 constat,
2210 3408 2251 3436 (J
2278 3405 2352 3447 spt-
