2583 3685
291 116 370 155 160

225 190 340 229 secuti
384 192 500 229 sunt,
548 186 589 218 ut
632 179 770 218 suarez
813 177 1049 231 Disp.V111.
1097 178 1137 216 in
1166 176 1204 215 3.
1234 175 1334 213 Part.

223 241 322 278 Sect.
344 237 381 282 4.
399 267 409 284 ,
452 234 624 286 Vasquez
652 234 751 286 disp.
777 231 839 270 18.
868 245 952 283 cap.
975 230 1014 269 5.
1034 260 1046 277 ‚
1088 229 1123 266 &
1151 231 1265 268 etiam
1289 242 1335 266 ex

224 290 429 328 Thornistis
445 287 733 327 Salmaticenses
750 283 946 337 Disp.1V.
976 283 1069 322 dub.
1092 297 1149 332 1.,
1179 297 1223 322 ac
1243 295 1333 320 non-

220 342 323 382 nulli
351 342 444 391 alii,
475 342 714 394 potissimum
742 347 895 392 propter
923 338 1184 375 auctoritatem
1204 336 1334 375 Sancti

222 395 408 444 Thomas,
437 396 506 447 qui
536 393 574 433 5.
606 392 704 431 Part.
734 407 773 445 q.
797 405 832 430 2.
862 399 930 428 art.
954 405 991 442 7.
1020 391 1153 439 docet,
1184 389 1217 426 &
1245 402 1332 442 pro-

221 449 312 497 bat,
342 453 529 487 unionem
559 446 723 495 ‹itt-inae,
760 446 809 486 Θ
840 443 1031 482 liumanoe
1059 452 1219 482 naturae
1248 455 1333 480 esse

222 502 372 553 aliquid
401 511 612 544 creatum‚·
641 513 711 553 pro
739 508 838 537 certo
861 499 973 549 igitur
1003 497 1149 536 videtur
1171 496 1332 544 habere,

223 571 308 594 eam
339 558 519 593 unionem
547 567 625 593 esse
645 553 793 606 aliquid
822 567 844 590 a
871 550 1020 589 duabus
1049 551 1191 588 naturis
1223 550 1335 588 unitis

220 610 440 648 distinctum
457 635 468 648 .

275 661 368 706 425.
398 662 473 700 Sed
501 660 569 700 alii
599 660 806 700 Thomistae
838 663 1075 708 repugnant,
1104 655 1334 693 contenden-

219 724 272 754 tes
290 744 301 763 ,
330 714 483 754 nullum
513 728 662 767 prorsus
692 711 847 751 modum
891 708 1107 747 absolutum
1145 723 1167 745 a
1196 708 1333 746 Sancto

221 768 383 806 Doctore
412 769 590 815 admitti,
620 779 696 818 quo
725 765 815 802 unio
830 764 1026 815 utriusque
1056 771 1202 801 uaturae
1235 762 1332 799 facta

220 823 294 859 sit.
325 819 531 872 Perspicua
550 828 634 858 snut
666 819 784 872 ipsius
805 817 922 856 verba
939 818 978 855 in
1008 816 1075 854 ΙΙΙ.
1106 814 1332 852 Sent.Dist.

220 875 271 912 ΙΙ.
301 883 437 926 quaest.
460 887 496 912 2.
525 881 596 912 art.
617 886 654 911 2.
683 872 913 924 quaestiunc.
939 882 995 909 1.:
1025 868 1073 907 In
1093 873 1238 907 unione
1268 866 1335 905 lzu-

222 940 363 965 manoe
403 935 564 965 naturoe
592 926 646 964 ad
683 925 859 964 divinam
902 923 999 962 nihil
1043 931 1159 975 potest
1200 921 1334 960 cadere

223 981 395 1020 medinm
426 978 636 1018 formaliter
652 980 829 1017 unionem
846 990 1004 1015 causans
1024 1005 1034 1024 ‚
1064 980 1126 1013 cui
1145 989 1214 1027 per
1229 979 1335 1025 prius

220 1033 404 1071 humana
431 1043 581 1072 natura
609 1033 904 1084 conjungatur,
951 1029 1096 1067 divinoe
1122 1041 1303 1078 personae
1325 1054 1335 1066 .

219 1086 330 1126 Sicut
371 1091 480 1125 enlm
521 1091 622 1125 inter
663 1087 883 1130 materiam
929 1083 978 1124 ζ’)
1010 1082 1203 1135 formam
1239 1081 1337 1119 nilzil

220 1140 330 1179 cadit
358 1140 533 1179 medium
563 1145 604 1179 in
624 1153 735 1188 esse,
765 1137 867 1189 quod
882 1150 950 1190 per
978 1139 1085 1188 prius
1104 1139 1154 1173 sit
1182 1139 1223 1173 in
1244 1149 1335 1173 ma-

218 1198 344 1244 teria,
392 1208 516 1246 quam
532 1194 682 1246 forma
722 1191 996 1230 substantialis
1012 1215 1068 1229 ....
1116 1194 1175 1228 ita
1212 1193 1335 1227 etiam

221 1252 324 1286 inter
366 1258 588 1295 naturam,
635 1248 684 1288 ὠ
715 1250 955 1298 suppositum
997 1257 1078 1283 non
1106 1252 1231 1296 potest
1261 1244 1336 1281 ali-

220 1301 313 1351 quid
348 1301 450 1339 (licto
493 1301 607 1339 morlo
651 1299 827 1338 medium
856 1298 1003 1336 cadere
1031 1298 1119 1338 &c.
1170 1298 1261 1335 Item
1294 1297 1334 1335 5.

221 1354 321 1392 Part.
351 1364 485 1406 quaest.
507 1354 545 1392 6.
575 1354 621 1391 ad
659 1367 690 1391 1.
725 1351 852 1400 (snm,
895 1353 1049 1404 iuquit,
1079 1360 1238 1389 naturce
1266 1350 1335 1386 liu-

220 1420 362 1444 manoe
391 1408 445 1445 ad
476 1405 646 1444 Verbum
675 1405 753 1444 Dei
797 1415 854 1444 est
883 1404 1101 1443 secundum
1132 1418 1218 1442 esse
1245 1416 1334 1453 per-

219 1461 385 1508 sonale,
434 1458 534 1512 quoti
574 1473 654 1497 non
684 1458 875 1511 dependet
917 1457 968 1497 ab
996 1459 1129 1510 aliquo
1170 1456 1302 1494 habitu
1323 1487 1334 1506 ,

218 1514 282 1552 sed
313 1515 531 1551 immediate
560 1514 609 1552 ab
640 1515 722 1566 ipsa
751 1521 910 1551 natura.
953 1511 1039 1550 Nou
1067 1513 1197 1563 itaque
1226 1524 1334 1549 exco-

219 1569 338 1618 gitare
366 1567 549 1606 debemus
578 1566 747 1620 aliquem
789 1580 932 1605 nexum
961 1566 1010 1604 ab
1039 1573 1199 1617 utraque
1228 1574 1334 1602 natu-

219 1634 263 1658 ra
291 1621 508 1659 distinctum
526 1651 537 1670 ‚
585 1622 627 1660 in
655 1635 731 1659 una
761 1634 946 1673 persona,
989 1631 1066 1671 quo
1094 1628 1256 1670 utraque
1285 1619 1335 1656 si-

220 1673 303 1711 mul
334 1674 557 1724 copuletur3
587 1687 630 1711 eo
660 1674 739 1711 fere
760 1674 898 1721 modo,
927 1685 1004 1724 quo
1031 1671 1136 1710 calce
1154 1671 1270 1710 simul
1291 1686 1334 1709 u-

220 1729 379 1765 niuntur
407 1724 567 1773 lateres,
610 1735 673 1764 aut
701 1726 769 1764 fito
798 1733 1030 1765 consuuntur
1059 1734 1203 1765 vestes.
1260 1725 1335 1763 Sed

222 1780 350 1832 potius
378 1779 569 1829 quomodo
598 1779 721 1816 forma
751 1781 881 1816 unitur
912 1780 1079 1816 materiae
1097 1809 1107 1828 ‚
1137 1788 1201 1816 aut
1230 1788 1335 1817 actus

220 1833 426 1885 poteritne,
473 1832 568 1883 quin
596 1830 752 1883 aliquod
782 1832 827 1869 sit
856 1831 1055 1869 vinculum
1074 1861 1084 1879 ,
1114 1844 1191 1882 quo
1219 1831 1332 1869 simul

222 1883 480 1937 copulentur,
513 1885 564 1921 ita
592 1885 721 1922 diviua
751 1893 909 1931 natura,
959 1882 992 1918 &
1023 1883 1189 1925 hnmana
1218 1884 1333 1921 simul

219 1937 442 1976 immediate
471 1935 685 1988 conjunctae
728 1945 811 1975 snut
840 1938 879 1975 iu
908 1950 986 1975 una
1029 1949 1186 1989 persona
1213 1937 1335 1976 divini

220 1990 343 2029 Verbi
360 2016 370 2028 .

276 2044 368 2090 426.
398 2043 532 2096 Neque
573 2056 663 2081 vero
703 2042 875 2090 obstant,
922 2056 1011 2094 quae
1042 2043 1082 2080 S.
1112 2043 1254 2081 Doctor
1297 2044 1335 2080 in

222 2097 326 2137 laud.
356 2106 426 2135 art.
451 2112 486 2149 7.
517 2096 630 2134 habet
648 2127 658 2144 ‚
688 2097 891 2148 iuquiens:
925 2093 1027 2133 Unio
1048 2094 1097 2132 tle
1116 2108 1195 2145 qua
1216 2096 1336 2145 loqui-

222 2164 310 2189 mus
328 2181 338 2199 ,
367 2160 426 2189 est
455 2150 589 2188 relatio
618 2149 797 2202 quaedam
816 2179 826 2198 ,
855 2161 946 2199 quae
974 2147 1249 2186 consideratur
1279 2152 1338 2184 in—

222 2214 282 2242 ter
310 2204 486 2241 divinam
516 2212 737 2251 naturam,
784 2203 833 2243 <9⁶
864 2201 1087 2240 humanam
1118 2199 1338 2239 secundum

222 2257 325 2308 quoti
353 2262 585 2294 concentum
614 2261 654 2294 in
682 2270 765 2293 una
794 2268 967 2308 persona
987 2254 1075 2293 Filii
1095 2254 1200 2292 Dei.
1229 2253 1339 2292 Sicut

222 2320 360 2348 [uitem
389 2314 430 2347 in
459 2309 491 2347 I.
523 2309 566 2348 P.
597 2310 854 2361 (quoest.15.
875 2318 953 2347 art.
977 2323 1014 2361 7.
1045 2309 1060 2358 )
1092 2308 1240 2345 dictum
1257 2316 1336 2356 est,

222 2367 352 2400 omnis
380 2363 547 2411 relatio,
594 2377 682 2415 quae
719 2362 994 2401 consideratur
1035 2367 1138 2400 inter
1167 2360 1301 2398 Deum
1326 2390 1337 2409 ,

222 2417 273 2457 Θ·
302 2425 536 2456 creaturam
553 2447 564 2465 ,
592 2417 753 2455 realiter
782 2416 940 2468 quidem
968 2424 1025 2453 est
1056 2419 1096 2453 in
1126 2423 1337 2463 creatura,

222 2483 293 2520 per
321 2471 433 2523 cujus
476 2474 738 2508 mutationem
768 2470 861 2507 talis
903 2470 1044 2507 relatio
1082 2472 1305 2506 innascitur
1325 2499 1336 2517 ,

223 2536 305 2560 non
334 2532 470 2561 autem
501 2532 560 2561 est
601 2523 762 2561 realiter
792 2527 829 2560 in
861 2522 974 2571 Deo,
1022 2521 1241 2560 secundum
1270 2535 1337 2559 ra-

221 2581 370 2615 tionem
398 2585 583 2624 tantum,
631 2580 723 2628 quia
752 2589 833 2614 non
864 2580 1084 2614 innascitur
1121 2574 1338 2614 secundum

220 2634 485 2669 mutationem
517 2629 620 2668 Det.
669 2629 733 2668 Sic
762 2642 857 2681 ergo
887 2629 1099 2668 <licendum
1129 2639 1209 2677 est,
1239 2628 1341 2679 quod

222 2682 308 2721 licec
339 2688 431 2721 unio
447 2713 458 2732 ,
489 2683 538 2721 <le
558 2697 637 2734 qua
657 2683 871 2735 loquimur,
901 2697 982 2721 non
1004 2693 1061 2722 est
1081 2687 1122 2720 in
1142 2681 1230 2720 Deo
1250 2696 1340 2720 rea-

223 2736 335 2785 liter,
382 2737 451 2775 sed
479 2736 696 2775 secundum
725 2740 925 2774 rationem
963 2746 1120 2774 tantum
1138 2751 1153 2781 ,·
1201 2740 1242 2773 in
1272 2735 1339 2773 ltu-

224 2802 352 2828 mana
393 2799 530 2829 autem
559 2800 737 2838 natura,
786 2804 874 2841 quae
918 2800 1106 2827 creatura
1149 2788 1338 2840 quoetlam

226 2852 308 2890 est,
339 2845 499 2882 realiter
529 2853 613 2882 est.
662 2843 717 2881 Et
747 2843 834 2882 icleo
862 2852 1011 2894 oportet
1042 2842 1198 2891 (licere,
1235 2843 1337 2894 quod

222 2895 269 2932 sit
298 2898 478 2946 quiddam
507 2907 708 2936 creatum.

278 2948 368 2999 427.
397 2951 480 2988 'Non
512 2952 670 3003 inquam
712 2950 798 2988 haec
839 2951 1009 2990 obstant:
1058 2964 1145 2988 nam
1188 2962 1232 2986 ex
1261 2957 1336 2987 toto

222 3009 394 3038 contextu
425 3015 607 3056 apparet,
656 3018 728 3042 nou
772 3004 877 3056 loqui
910 3002 1139 3056 Angelicum
1177 3003 1223 3040 de
1254 3005 1336 3055 ipsa

221 3056 366 3091 unione
381 3054 581 3107 formali,
612 3059 674 3097 sed
704 3058 749 3096 de
780 3059 988 3109 relatione,
1031 3071 1119 3110 quae
1150 3070 1195 3095 ex
1225 3058 1334 3095 unio-

269 3237 319 3272 (α)
350 3233 491 3287 'Aliquos
509 3236 718 3270 Calvinistas
736 3239 801 3274 hoc
821 3249 1049 3285 argumento:
1078 3241 1257 3286 Quidquid
1272 3253 1329 3273 su-

220 3288 372 3322 pervenit
398 3284 469 3314 enti
495 3286 530 3315 in
555 3290 632 3314 actu
657 3289 822 3319 existenti
843 3309 852 3327 2
879 3296 932 3320 est
957 3289 1031 3332 ejus
1056 3289 1245 3320 accidens.-
1270 3299 1329 3319 ca-

218 3337 253 3358 Υθ
281 3330 472 3367 supervenit
492 3326 583 3368 λίγα
597 3347 609 3367 ,
634 3332 705 3361 enti
724 3333 759 3361 in
776 3340 852 3366 actu
865 3336 1031 3367 existenti
1044 3348 1054 3366 .-
1080 3346 1160 3377 ergo
1179 3342 1232 3366 est
1252 3333 1327 3377 ejus

771 103 851 145 DE
886 97 1134 142 INCARN.
1167 96 1335 140 SECT.
1355 97 1414 138 ΙΙ.
1445 95 1682 141 DISS.111.
1714 99 1841 142 CAP.
1862 99 1943 143 111.

1400 188 1449 212 ue
1477 174 1656 220 resultat3
1703 175 1738 211 8<
1765 190 1854 226 quae
1896 177 2031 215 relatio
2071 177 2194 216 realis
2222 185 2272 216 est
2314 177 2436 218 solum
2464 191 2512 221 et

1403 236 1508 280 parte
1536 235 1685 264 natnrae
1727 235 1885 275 creatas,
1932 229 1966 265 δι
1995 243 2084 269 cum
2115 232 2197 270 haec
2240 230 2371 270 relatio
2400 233 2512 272 reali.

1402 294 1476 318 uon
1507 281 1552 318 sit
1581 288 1749 327 aeterua,
1797 281 1860 318 sed
1890 281 2075 333 inceperit
2101 299 2190 324 cum
2233 286 2315 338 ipsa
2344 288 2478 324 unione
2499 316 2512 336 ,

1402 343 1501 372 certe
1529 334 1652 371 creari
1680 332 1812 370 debuit
1829 358 1839 370 .
1870 333 2067 381 Quantum
2095 350 2185 375 vero
2213 340 2344 377 attinet
2373 340 2419 376 ad
2451 352 2517 377 ce·

1402 397 1498 426 teras
1526 385 1770 425 difficultates
1806 399 1850 423 ex
1879 387 2022 425 ratione
2050 387 2292 442 depromptas
2312 422 2323 440 ‚
2370 406 2431 431 eas
2472 407 2513 431 a-

1402 442 1478 494 pud
1496 449 1721 478 memoratos
1735 453 1850 491 supra
1870 438 2079 491 Theologos
2095 440 2343 482 scholasticos
2354 447 2513 498 quisque

1403 508 1472 547 pro
1502 494 1615 532 libitu
1648 493 1771 544 legere
1799 493 1962 544 poterit.

1458 548 1653 595 Quaeritur
1685 546 1780 594 lV.‚
1827 559 1875 582 an
1907 547 1996 584 unio
2024 545 2188 584 duarum
2225 556 2445 590 naturarum
2474 552 2514 591 in

1402 601 1552 638 Clu-isto
1581 602 1657 638 dici
1688 601 1798 651 possit
1829 597 2131 637 accidentalis?

1457 654 1549 700 428.
1578 654 1696 706 Negat
1725 653 1764 691 S.
1796 652 1872 690 Th.
1903 652 1973 691 hac
2015 668 2055 705 q.
2078 666 2115 692 2.
2145 661 2216 691 art.
2238 651 2276 691 6.
2324 652 2420 692 bene
2447 657 2514 695 ob-

1400 719 1578 756 servans,
1610 706 1678 744 hoc
1709 707 1893 744 affirmari
1916 719 1989 744 uon
2018 719 2122 758 posse
2140 735 2150 754 ‚
2181 707 2274 758 quin
2304 707 2516 749 incidamus

1400 759 1442 796 in
1470 760 1689 798 damnatam
1720 759 1897 798 haeresim
1919 760 2108 808 Nestorii,
2138 762 2206 811 qui
2234 760 2326 797 duas
2347 761 2386 797 in
2406 760 2518 799 Chri-

1402 821 1456 849 sto
1484 827 1657 864 personas
1686 813 1886 852 admittens
1903 843 1914 862 ,
1944 828 2005 852 eas
2033 813 2184 852 nonnisi
2215 812 2517 853 accidentaliter

1402 865 1477 902 sibi
1508 867 1672 905 invicem
1701 868 1820 906 unitas
1841 882 1917 905 esse
1947 866 2121 912 dicebat3
2153 880 2290 919 nempe
2305 880 2374 918 per
2402 866 2518 906 inha-

1403 917 1660 968 bitationem,
1709 933 1777 971 per
1805 924 2003 959 unitatem
2033 919 2202 969 affectus
2221 949 2231 968 ,
2280 933 2350 971 per
2378 933 2516 971 opera-

1403 975 1551 1009 tionem
1568 1001 1579 1020 ,
1607 985 1676 1020 per
1705 972 1942 1023 dignitatem
1971 974 2131 1012 lionoris
2159 972 2246 1012 &a
2265 1003 2276 1022 ‚
2308 975 2407 1012 unde
2428 988 2517 1015 con-

1403 1025 1523 1064 cludit
1542 1054 1553 1072 ,
1580 1025 1737 1063 omniuo
1764 1025 1998 1064 lzaereticam
2027 1040 2104 1065 esse
2133 1025 2242 1064 illam
2271 1029 2518 1078 seutentiam,

1404 1092 1492 1130 quae
1524 1078 1673 1116 nonnisi
1694 1077 1990 1117 accidentalem
2018 1080 2215 1132 utriusque
2235 1089 2380 1119 naturae
2412 1083 2519 1121 unio-

1403 1146 1492 1170 nem
1522 1133 1651 1185 ponit.

1457 1186 1551 1238 429.
1582 1186 1721 1237 Reipsa
1751 1187 1791 1224 in
1820 1184 1993 1224 Concilio
2021 1186 2262 1225 Lateranensi
2291 1188 2360 1227 sub
2381 1187 2519 1228 Marti-

1403 1240 1512 1278 nol.
1541 1240 1742 1278 definitum
1785 1241 1883 1287 suit,
1933 1240 2144 1279 secundum
2186 1248 2350 1277 veterem
2392 1242 2517 1280 ortho-

1404 1293 1587 1331 doxorum
1620 1292 1773 1332 Patrum
1804 1293 2041 1333 traditionem
2081 1292 2340 1331 confitendum
2368 1306 2446 1330 esse
2476 1309 2519 1331 u-

1403 1359 1528 1394 num,
1575 1346 1839 1398 eumdemque
1881 1346 2104 1385 Dominum
2152 1342 2331 1384 nostrum
2379 1344 2519 1384 ,Iesum

1407 1399 1603 1438 Christum
1634 1414 1687 1438 ex
1716 1400 1888 1448 duabus,
1937 1401 1985 1440 ζῇ·
2016 1404 2056 1437 in
2086 1398 2237 1437 duabus
2280 1402 2521 1438 existentem

1403 1458 1559 1492 naturis
1587 1453 1900 1493 substantialiter
1927 1458 2046 1491 unitis
2064 1482 2074 1501 ,
2117 1452 2354 1505 inconfuse,
2385 1453 2433 1493 (θ’
2462 1457 2521 1490 in-

1403 1507 1548 1547 divise.
1597 1508 1700 1546 Unio
1729 1521 1816 1560 ergo
1844 1507 2009 1545 duarum
2041 1515 2263 1544 naturarum
2293 1506 2521 1547 substantia-

1403 1560 1450 1599 lis
1479 1571 1558 1610 est,
1607 1575 1683 1600 non
1713 1560 1981 1600 accidentalis.
2038 1558 2352 1598 substantialem
2380 1562 2486 1598 enim
2509 1590 2520 1609 ,

1402 1615 1526 1667 inquit
1556 1616 1816 1654 Damascenns
1843 1614 1933 1652 Lib.
1953 1615 2022 1653 III.
2051 1614 2098 1652 de
2127 1613 2202 1651 fide
2221 1612 2320 1651 orth.
2349 1627 2436 1665 cap.
2459 1613 2521 1663 5.,

1403 1682 1490 1706 esse
1518 1668 1623 1707 lianc
1653 1674 1839 1707 unionem
1859 1667 2053 1716 dicimus,
2083 1666 2154 1704 hoc
2184 1675 2244 1705 est
2273 1679 2437 1714 reram,
2467 1667 2519 1707 <9³

1403 1735 1482 1760 non
1511 1726 1833 1776 imaginariam.
1881 1719 2196 1759 Substantialem
2227 1729 2364 1758 autem
2386 1749 2398 1767 ,
2440 1731 2521 1757 non

1402 1775 1504 1827 quod
1533 1776 1618 1813 duoe
1666 1785 1825 1814 naturae
1854 1788 1981 1812 unam
2024 1776 2286 1823 compositam
2324 1780 2521 1826 naturam

1403 1827 1640 1877 effecerint,·
1682 1829 1752 1868 sed
1780 1827 1880 1880 quoti
1909 1832 1949 1865 in
1980 1841 2107 1865 unam
2138 1825 2226 1864 Filii
2254 1825 2333 1864 Dea·
2362 1837 2520 1876 compo-

1402 1887 1524 1920 sitam
1555 1882 1806 1935 lzypostasim
1836 1886 1939 1919 inter
1966 1895 2010 1919 se
2051 1883 2175 1918 unitce
2203 1883 2308 1918 sint.
2365 1879 2520 1918 Dicitur

1403 1949 1492 1974 vero
1520 1936 1731 1988 hypostasis
1750 1935 1888 1973 Christi
1919 1938 2166 1985 composita,
2195 1935 2288 1986 quia
2315 1946 2406 1971 cnm
2435 1942 2520 1972 ante

1405 1990 1701 2027 incarnationem
1749 1989 1902 2027 nonnisi
1932 2002 2049 2026 unam
2091 1989 2310 2025 terminaret
2345 1995 2523 2026 naturam

1404 2043 1575 2081 divinam
1594 2072 1604 2090 ,
1635 2051 1713 2094 post
1743 2042 2041 2080 incarnationem
2069 2042 2162 2079 duas
2192 2041 2392 2091 terminat,
2421 2040 2521 2080 divi-

1404 2109 1495 2133 nam
1514 2126 1525 2142 ,
1554 2095 1587 2132 δι
1619 2094 1826 2133 humanam
1845 2119 1855 2131 .

1459 2148 1553 2192 450.
1584 2148 1717 2199 Neque
1745 2149 1892 2195 obstat,
1923 2148 2024 2200 qnod
2053 2155 2184 2185 natura
2212 2145 2382 2184 humana
2413 2147 2521 2185 unita

1407 2200 1520 2239 fuerit
1549 2198 1680 2236 Verbo
1708 2201 1840 2237 divino
1868 2200 1948 2249 jam
1978 2201 2027 2237 ab
2058 2210 2195 2238 aeterno
2224 2200 2521 2251 perfectissim03

1406 2252 1600 2305 quomodo
1629 2252 1837 2290 accidentia
1866 2252 2068 2289 adveniant
2111 2252 2280 2302 subjecto
2308 2251 2388 2301 jam
2418 2264 2522 2289 com·

1407 2306 1528 2358 pleto;
1552 2305 1586 2342 &
1601 2320 1688 2358 quae
1707 2306 1866 2357 proinde
1882 2305 2028 2353 adesse,
2058 2303 2117 2344 vel
2129 2304 2257 2342 abesse
2273 2303 2523 2357 possunt(a).

1461 2359 1553 2406 451.
1584 2359 1637 2396 Ita
1666 2361 1769 2396 enim
1792 2357 1998 2410 Angelicns
2020 2358 2161 2397 Doctor
2190 2357 2287 2396 hanc
2316 2356 2522 2395 difficulta-

1405 2422 1482 2452 tem
1512 2412 1623 2451 solvit
1652 2412 1797 2451 ibidem
1828 2413 1876 2450 ad
1909 2425 1944 2449 2.
1975 2442 2000 2460 ,,
2033 2411 2131 2450 Illud
2147 2411 2247 2464 quod
2267 2412 2420 2451 advenit
2439 2420 2521 2463 post

1466 2480 1543 2504 esse
1560 2466 1807 2518 completum,
1839 2465 2142 2503 accidentaliter
2156 2466 2329 2513 advenit,
2360 2465 2522 2503 uisitra-

1466 2520 1577 2558 hatur
1607 2522 1645 2558 in
1674 2521 1984 2558 communionem
2007 2519 2109 2557 illius
2127 2533 2203 2557 esse
2219 2517 2421 2570 completi;
2450 2520 2522 2556 sic-

1466 2584 1506 2611 ut
1535 2574 1575 2612 in
1606 2575 1879 2612 resurrectione
1910 2586 2047 2625 corpus
2076 2573 2230 2611 advenit
2258 2573 2401 2611 animae
2422 2585 2523 2623 prae-

1466 2628 1665 2674 existenti3
1708 2640 1783 2665 uon
1814 2636 1940 2665 tamen
1970 2626 2308 2671 accidentaliter;
2355 2627 2447 2678 quia
2474 2625 2524 2662 ad

1468 2681 1569 2719 idem
1600 2695 1677 2718 esse
1707 2689 1943 2728 assumetur,
1975 2689 2014 2718 ut
2043 2679 2189 2718 scilicet
2219 2692 2356 2731 corpus
2385 2677 2526 2716 habeat

1467 2749 1543 2772 esse
1572 2734 1686 2772 vitale
1716 2748 1784 2787 per
1812 2735 1984 2772 animam
2003 2760 2013 2771 .
2044 2733 2128 2771 Non
2161 2743 2212 2770 est
2239 2743 2364 2770 antem
2394 2733 2447 2768 sic
2475 2730 2522 2767 de

1408 2819 1434 2839 „
1465 2787 1642 2826 albedine
1660 2818 1669 2836 ‚
1699 2788 1791 2839 qnia
1821 2787 1928 2825 aliud
1957 2796 2010 2824 est
2039 2801 2116 2823 esse
2143 2786 2250 2832 albi,
2281 2784 2314 2819 8(
2343 2782 2448 2820 aliud
2469 2790 2524 2820 est

1407 2872 1434 2892 „
1464 2856 1542 2880 esse
1570 2842 1764 2880 hominis.
1813 2840 1988 2878 Verbum
2018 2847 2146 2876 autem
2176 2837 2249 2874 Dei
2286 2836 2336 2874 ab
2378 2845 2522 2874 aeterno

1463 2910 1540 2934 esse
1569 2894 1805 2948 completum
1834 2893 1969 2931 habuit
2010 2890 2218 2929 secundnm
2258 2889 2492 2943 hypostasim
2510 2920 2522 2937 ‚

1463 2950 1542 2985 sive
1571 2961 1799 3000 personam3
1848 2960 1891 2984 ex
1922 2954 2092 2995 tempore
2135 2953 2262 2981 autem
2305 2944 2458 2981 advenit
2488 2944 2522 2981 ei

1460 3010 1596 3038 natura
1627 3000 1821 3045 humana,
1857 3012 1927 3036 non
1958 2998 2067 3049 quasi
2097 3008 2291 3049 assumpta
2321 2997 2368 3034 ad
2398 3010 2521 3034 unum

1462 3068 1565 3104 esse,
1593 3062 1706 3104 prout
1735 3066 1821 3091 esse
1849 3060 2009 3089 naturae
2027 3080 2037 3100 ,
2069 3052 2162 3090 sicut
2192 3064 2330 3104 corpus
2359 3051 2519 3088 assumi-

2353 3135 2380 3154 „
2409 3113 2469 3142 tur

1408 2501 1434 2520 2>

1410 2554 1436 2573 22

1409 2607 1434 2626 :³

1410 2661 1436 2679 ³9

1410 2713 1437 2732 9>

1409 2766 1436 2786 3)

1406 2926 1432 2945 2>

1405 2978 1432 2998 29

1405 3031 1431 3052 >2

1403 3085 1431 3105 32

1397 3239 1561 3273 accidens
1575 3229 1595 3276 ‚'
1614 3236 1718 3269 fuisse
1746 3233 1925 3275 indoctos,
1952 3233 1992 3267 ad
2020 3233 2111 3266 hanc
2137 3233 2301 3267 unionem
2329 3226 2519 3262 vocandam

1399 3285 1675 3323 accidentalem,
1712 3283 1808 3315 testis
1835 3291 1885 3315 est
1912 3282 1966 3316 Jo.
1995 3279 2196 3314 Gerhardus
2226 3279 2325 3313 Tem.
2346 3276 2405 3308 lll.
2434 3274 2517 3307 Loc-

1397 3331 1562 3374 Theolog.
1589 3341 1663 3375 cap·
1687 3341 1718 3374 7.
1744 3341 1779 3362 n.
1802 3329 1880 3363 123.
