2583 3685
840 128 920 171 DE
955 126 1285 172 MIRACULIS
1319 125 1599 169 MESSIAE.
2278 134 2302 171 5

76 212 283 254 Messinm:
310 208 452 248 scilicet
480 217 551 244 uon
583 207 812 246 attendentes
840 209 886 246 ad
918 207 984 246 illa
1014 207 1179 261 Prophe-

76 275 201 305 tarum
219 260 370 302 oracula
386 290 398 309 ,
426 259 567 312 quibus
588 259 670 298 haec
690 263 821 300 omnia
851 262 1034 314 praedicta
1055 271 1179 309 erant,

76 318 210 372 ejusqu
260 327 417 404 ῐερυιιιῐι
445 326 521 351 non
551 323 743 353 terrenum
764 345 774 362 ‚
812 315 874 353 sed
903 314 1051 353 caeleste
1080 314 1181 352 futu-

75 384 189 411 rum.
235 381 261 406 n
319 366 439 405 salmo
467 368 569 406 euim
599 367 708 406 XXI.
737 368 830 407 dicit
858 368 904 406 de
932 369 1053 420 seipso
1080 366 1182 406 Mes-

78 425 170 464 sias:
197 433 271 473 ego
291 428 426 459 autem
455 434 544 458 sum
573 427 737 468 vermis,
766 422 815 462 <9¹
836 434 916 459 non
945 420 1087 468 homo,
1116 433 1183 471 op-

102 473 271 512 robrtum
315 472 545 523 hominum,
587 475 636 516 <9⁶
679 472 847 527 abjectio
887 473 1032 524 plebis.
1075 474 1182 511 lsaiae

111 527 178 565 lll.
201 527 239 566 5.
268 531 383 579 quasi
411 526 662 566 absconditus
691 528 813 566 vultus
842 532 949 580 ejus,
979 525 1081 563 uncle
1110 538 1183 563 nec

72 584 340 632 reputavimus
368 594 484 625 eum‚·
521 581 555 618 &
583 580 725 620 clarius
745 580 868 619 adhuc
898 578 1014 616 Zach.
1045 578 1112 616 lx.
1142 591 1182 630 9.

74 632 235 672 Exulta
265 637 365 672 satis
380 634 479 687 filia
509 634 602 673 Sion
621 665 631 682 ‚
656 634 782 686 jubila
798 633 896 687 filia
925 631 1145 669 Jerusalem
1169 645 1182 668 .·

74 700 169 726 ecce
198 700 272 725 rex
300 697 389 725 tuus
418 692 542 725 veniet
571 687 635 725 tibi
656 689 814 740 justus,
843 686 892 726 (9⁶
921 684 1122 721 salvator:
1153 688 1183 722 ι’-

69 754 141 794 pse
167 753 317 790 pauper
333 770 344 789 ‚
371 740 422 782 <9⁰
441 739 664 780 ascendens
692 751 804 790 super
830 741 1021 785 asinam,
1050 737 1100 778 ἐν
1120 751 1183 774 su-

69 807 141 845 per
158 794 307 844 pullum
323 793 463 846 filium
492 798 648 831 asinoe.
677 790 796 830 Prava
817 803 930 842 ergO‚
960 804 1078 842 quam
1107 790 1181 831 sibi

71 847 258 887 finxerant
286 847 410 885 Judaei
439 847 569 899 opinio
597 846 742 885 venturi
764 843 915 883 Messiae
936 857 1026 882 cum
1055 843 1180 896 splen-

72 900 163 938 dore
190 899 322 952 gloriae
352 909 510 938 terrenae
525 912 639 937 causa
667 897 765 946 fuit,
795 911 864 935 cur
885 897 966 934 haec
989 925 999 943 ,
1029 896 1180 949 aliaque

68 952 167 992 bene
196 951 318 991 multa
344 951 486 991 similia
515 950 790 1003 Prophetarum
820 951 1001 990 vaticinia
1032 963 1100 988 nou
1122 953 1180 989 iu-

67 1004 306 1059 telligerent5
333 1006 501 1058 adeoque
514 1017 583 1042 nec
605 1003 783 1043 Messium
813 1013 1037 1056 praesentem
1067 1018 1179 1056 agno-

66 1061 215 1100 verint.

125 1111 185 1150 18.
214 1111 263 1150 Et
289 1111 336 1150 de
364 1110 435 1150 hoc
463 1120 714 1164 argument0‚
757 1111 858 1163 quod
888 1109 981 1148 alibi
1012 1123 1088 1149 non
1118 1113 1175 1148 in-

65 1164 267 1217 diligenter
309 1167 579 1213 tractavimus,
624 1166 738 1203 satis.
786 1163 899 1201 Nunc
929 1177 1057 1200 rerum
1085 1165 1177 1202 ordo

63 1217 253 1270 postulat,
283 1227 324 1256 ut
344 1231 388 1256 ex
417 1227 586 1258 veterum
604 1216 876 1269 Prophetarum
906 1216 1070 1254 oraculis
1089 1230 1175 1256 cou-

62 1279 120 1310 tra
149 1273 366 1323 pervicaces
385 1271 536 1310 Judaeos
565 1270 747 1308 Messiam
778 1269 926 1321 jamdiu
956 1270 1174 1319 advenisse,

65 1338 232 1377 eumque
262 1323 378 1363 fuisse
407 1323 458 1362 D.
487 1323 536 1362 N.
566 1323 694 1361 Jesum
722 1322 915 1361 Christum
946 1324 1083 1361 invicte
1111 1324 1175 1362 de-

62 1386 340 1422 :monstremus3
361 1389 447 1415 nam
465 1375 569 1415 hunc
590 1378 717 1428 ipsum
736 1376 910 1413 ordinem
931 1377 1045 1413 etiam
1065 1375 1174 1415 Chri-

61 1436 139 1466 stus
167 1438 314 1467 secutus
342 1438 423 1477 est,
452 1430 624 1467 divinam
655 1443 761 1467 suam
785 1430 1002 1467 missionem
1023 1443 1066 1467 ex
1089 1443 1176 1482 pro-

64 1479 204 1534 phetiis
231 1482 454 1528 ostendens3
503 1482 602 1519 unde
631 1483 765 1519 merito
793 1481 903 1518 Joau.
934 1482 983 1519 V.
1012 1482 1076 1526 46.
1107 1482 1174 1519 Ju-

63 1533 167 1571 daeos
208 1534 456 1586 increpabat,
499 1535 648 1571 dicens:
696 1533 738 1571 St
767 1533 978 1570 crederetis
1008 1534 1173 1586 Moysi,

62 1586 273 1624 crederetis
302 1585 486 1638 forsitan
514 1587 564 1627 <9-
595 1585 718 1630 rm'hi,·
762 1585 810 1623 de
854 1599 918 1622 me
960 1590 1068 1623 enim
1112 1588 1175 1624 ille

63 1642 242 1688 scripsit.
272 1638 442 1693 Apostoli
471 1648 596 1677 autem
628 1639 933 1691 frequentissime
948 1639 995 1678 ad
1015 1640 1173 1677 convin-

61 1693 198 1731 cendos
225 1691 438 1732 incredulos
465 1693 617 1731 Judaeos
644 1693 778 1731 veteris
822 1692 1033 1730 testamenti
1075 1693 1174 1729 testi-

61 1747 192 1784 monia
218 1745 479 1793 adhibebant;
507 1760 672 1802 quorum
703 1758 745 1783 eo
766 1743 887 1796 major
916 1755 992 1784 erat
1023 1757 1066 1781 eo
1081 1753 1174 1783 tem·

63 1811 155 1849 pore
182 1799 238 1837 vis
256 1829 266 1847 ,
295 1798 330 1834 ἃ
350 1798 519 1838 efficacia
537 1830 547 1848 ,
577 1812 653 1851 quo
681 1812 725 1836 ex
754 1797 977 1850 pervulgata
1005 1798 1173 1836 traditio-

62 1863 110 1888 ne
138 1863 268 1889 eorum
298 1865 424 1890 sensus
451 1854 697 1897 notissimus,·
739 1865 805 1890 nec
835 1851 960 1889 adhuc
1007 1853 1173 1890 inventae

64 1913 170 1941 erant
199 1904 449 1953 subtilitates,
479 1905 513 1943 ἃ
543 1904 802 1943 cavillationes
820 1933 830 1951 ‚
859 1905 1000 1955 quibus
1029 1902 1173 1942 Rabbi-

60 1958 99 1994 ni
131 1958 238 2010 quasi
269 1958 435 2012 quadam
464 1958 627 1997 obducta
657 1958 820 2010 caligine
835 1959 966 1996 eadem
995 1957 1172 1997 obscura-

59 2021 101 2047 re
129 2011 248 2048 conati
278 2019 362 2048 sunt
391 2011 455 2061 (a.)
474 2037 484 2048 .
767 2053 770 2057 ,

121 2074 181 2114 ¹9·
209 2063 307 2101 Cum
336 2073 460 2102 autem
491 2064 753 2103 tortuosissimi
781 2064 842 2101 isti
872 2063 1078 2102 adversarii
1107 2078 1171 2104 va-

58 2117 119 2153 ria
148 2117 440 2168 excogitaverint
468 2116 633 2170 effugia,
675 2126 715 2154 ut
741 2118 870 2155 omnia
891 2147 901 2165 ,
930 2117 1055 2169 quoad
1084 2117 1170 2157 fieri

58 2177 175 2258 potest
196 2198 207 2217 ,
251 2169 563 2221 praecludantur,
605 2170 678 2208 hoc
719 2170 852 2208 ordine
894 2171 1170 2222 procedemus.

91 2223 188 2259 rimo
216 2235 276 2260 eos
304 2224 585 2263 contutabimus
603 2254 613 2271 ‚
650 2225 717 2279 qui
747 2237 834 2261 cum
865 2223 1010 2262 nodum
1038 2224 1170 2262 dissol-

59 2286 148 2313 vere
177 2289 250 2313 nou
271 2279 433 2329 possint,
462 2278 570 2329 quasi
585 2277 845 2328 desperatione
861 2278 932 2314 acti
951 2307 961 2324 ,
992 2277 1168 2316 eumdem

58 2339 184 2366 secare
211 2328 442 2380 voluerunt,
478 2329 806 2382 impudentissime
833 2338 1036 2382 negantes,
1067 2329 1171 2384 quod

113 2511 161 2546 (a)
191 2507 365 2541 Miracula
392 2507 524 2542 Christi
563 2520 629 2542 non
652 2509 763 2543 voluit
789 2509 993 2551 excludere,
1028 2511 1086 2544 sed
1111 2523 1168 2544 ea-

63 2551 143 2586 dem
179 2565 258 2586 cum
295 2554 490 2599 Prophetiis
527 2554 736 2599 conjungere
765 2555 993 2596 Lactantius,
1031 2556 1169 2600 quando

58 2599 95 2632 in
124 2598 198 2632 Lib.
224 2599 268 2633 V.
295 2599 414 2633 Diuin.
441 2599 557 2634 Instit.
585 2613 659 2645 cap.
687 2602 719 2634 3.
746 2602 794 2634 ita
821 2601 1016 2634 Hieroclem
1051 2603 1169 2635 bucci-

59 2652 216 2677 natorem
254 2644 491 2691 prodigiorum
527 2647 701 2691 Apollonii
729 2648 866 2691 'I'yanei
905 2648 1168 2692 alloquebatur:

58 2710 85 2730 ‚,
109 2691 211 2724 Disce
238 2692 371 2736 igitur,
397 2693 424 2725 si
450 2691 534 2736 qnid
560 2692 623 2725 tibi
649 2692 760 2726 cordis
785 2703 861 2733 est,
897 2707 960 2726 non
990 2697 1092 2728 solum
1119 2692 1170 2726 id-

56 2757 84 2777 „
110 2738 203 2770 circo
228 2750 246 2770 a
273 2738 371 2779 nobis
391 2739 501 2771 Deum
527 2737 698 2772 creditum
725 2738 928 2779 Christum,
955 2742 1036 2784 quia
1062 2742 1168 2772 mira—

59 2803 87 2823 „
111 2782 194 2817 bilia
216 2784 297 2817 fecit
310 2805 321 2824 ,
348 2783 406 2817 sed
424 2786 505 2830 quia
523 2784 673 2818 vidimus
686 2806 697 2825 ,
725 2786 758 2818 in
777 2797 816 2818 eo
834 2786 926 2818 facta
943 2797 1015 2818 esse
1033 2787 1146 2819 omnia
1160 2807 1170 2825 ,

60 2850 88 2870 2,
112 2840 188 2874 quae
215 2830 314 2863 nobis
339 2831 548 2865 annunciata
574 2839 655 2864 sunt
693 2831 862 2864 vaticinio
890 2831 1138 2876 Prophetarum
1160 2853 1169 2862 .

64 2894 92 2914 2,
116 2874 210 2909 Fecit
228 2877 404 2910 mirabilia
418 2893 432 2915 ,·
457 2888 622 2922 magnum
635 2887 852 2922 putassemus
868 2899 878 2917 ,
899 2887 935 2911 ut
951 2881 983 2910 ἀ
1001 2891 1059 2910 vos
1079 2889 1170 2911 nunc

61 2939 90 2961 2,
112 2922 268 2964 putatis,
293 2925 324 2955 ἃ
348 2923 460 2956 Judaei
487 2931 567 2957 tunc
593 2932 827 2969 putaverunt,
863 2925 890 2956 si
919 2936 983 2957 non
1011 2925 1070 2957 illa
1096 2925 1170 2969 ipsa

63 2985 91 3006 2,
116 2966 288 3017 facuit-mn
306 2969 489 3004 Christum
508 2971 686 3016 Prophetas
711 2982 828 3004 omnes
846 2981 916 3003 uno
934 2971 1058 3015 spiritu
1079 2982 1169 3015 prae-

60 3031 88 3051 ‚‚
113 3009 302 3047 dicassent.
330 3017 446 3060 ltaque
472 3018 585 3050 Deum
611 3015 784 3051 credimus
800 3038 811 3057 ‚
834 3029 898 3049 non
924 3021 1033 3060 magis
1048 3029 1089 3050 ex
1118 3018 1170 3050 fa-

63 3078 90 3097 n
115 3058 181 3109 ῦῑξδ
210 3063 220 3095 (
251 3058 355 3094 codex
384 3063 542 3106 primus,
581 3075 638 3096 seu
666 3064 843 3107 antiquior
870 3064 1093 3097 Bononiensis
1113 3063 1168 3095 Bi-

62 3124 90 3142 „
113 3100 238 3136 bluoth.
263 3105 416 3140 cenobii
442 3109 477 3141 S.
495 3110 684 3143 Salvatoris
711 3109 835 3143 habet:
867 3118 933 3144 tam
959 3123 1000 3143 ex
1018 3111 1164 3154 factis)

64 3149 344 3194 „operibusque
380 3153 574 3195 mirandis,
614 3168 718 3200 quam
745 3167 786 3189 ex
828 3157 887 3189 illa
929 3157 1003 3201 ipsa
1037 3167 1168 3195 cruce,

61 3216 88 3234 ,‚
115 3207 218 3247 quam
247 3198 419 3248 vos-sicut
445 3211 546 3233 canes
587 3202 767 3243 lambitis3
805 3203 969 3247 quoniam
1005 3202 1111 3234 simul
1137 3204 1168 3233 &

62 3261 91 3281 2,
119 3250 184 3292 ista
211 3241 376 3286 praedicta
401 3253 475 3277 est.
513 3245 592 3279 Non
617 3247 724 3290 igitur
751 3261 813 3282 suo
848 3249 1047 3282 testimonio
1077 3254 1086 3285 (
1114 3247 1170 3280 cui

35 3292 43 3295 ”
65 3308 92 3327 ,,
117 3299 210 3340 enim
237 3287 278 3320 dte
303 3300 336 3321 se
363 3288 488 3323 dicenti
516 3300 627 3335 potest
653 3293 772 3326 credi?
795 3301 809 3333 >
832 3293 890 3328 sed
922 3294 1171 3339 Prophetarum

67 3354 95 3375 ,‚
120 3336 319 3371 testimonio
335 3357 346 3375 ,
381 3337 447 3380 qui
467 3337 607 3378 omnia,
643 3349 719 3382 quae
745 3341 851 3384 lecit,
884 3352 924 3375 ac
947 3352 1068 3386 passus
1096 3348 1144 3373 est
1160 3361 1171 3380 2

1246 219 1377 243 omnes
1407 219 1498 258 pene
1528 207 1594 244 alii
1625 206 1877 254 confitentur,
1907 206 2049 245 scilicet
2078 207 2305 258 promissum
2335 221 2357 244 a

1239 259 1330 304 Deo
1360 259 1474 296 fuisse
1506 258 1683 297 {Vlessiam
1703 290 1712 307 ,
1743 259 1875 312 populi
1906 261 2146 298 liberatorem
2165 286 2174 298 .
2211 258 2356 297 Secun-

1248 311 1297 348 do
1325 311 1390 348 alii
1421 312 1638 350 confutandi
1677 321 1811 360 erunt,
1858 316 1925 365 qui
1956 323 2157 352 venturum
2198 313 2354 364 quidem

1250 363 1429 402 Messiam
1462 366 1650 410 fatentur,
1680 366 1903 404 contendunt
1921 376 2071 415 tamen,
2102 365 2247 404 nullam
2265 366 2356 404 fuis-

1249 431 1287 455 se
1315 432 1337 455 a
1367 417 1449 455 Deo
1477 418 1681 456 revelatam
1719 418 1885 470 ejusdem
1915 420 2097 458 adventus
2138 419 2319 472 epocham
2343 434 2354 464 ς

1251 479 1314 509 aut
1343 471 1372 507 si
1411 471 1574 509 revelata
1605 472 1705 518 fuit,
1749 473 1920 510 eamdem
1961 475 2123 525 potuisse
2163 472 2357 511 nonnullis

1251 524 1298 561 de
1326 526 1449 561 causis
1490 525 1701 571 retartlari3
1746 534 1783 562 ut
1814 527 1851 563 in
1881 524 1949 563 liae
1991 527 2174 564 adventus
2202 524 2354 563 Messian

1253 578 1516 615 incertitudine
1538 609 1548 626 ,
1579 580 1686 630 quasi
1715 580 1754 617 in
1775 580 1940 629 quadam
1969 581 2194 618 obscuritate
2222 591 2259 614 se
2286 578 2354 616 ab-

1250 630 1456 678 scondant,
1499 645 1566 669 nec
1596 631 1708 669 facile
1751 633 1926 670 convinci
1970 634 2131 683 possint,
2175 630 2355 669 Messian!

1249 683 1329 734 jam
1359 684 1552 722 advenisse
1575 711 1584 722 .
1625 685 1753 722 'l‘ertio
1783 686 1925 736 majore
1955 686 2151 723 molimine
2179 697 2225 722 ex
2255 682 2355 722 mul-

1250 738 1298 775 tis
1340 738 1609 788 insignioribus
1656 738 1862 791 prophetiis
1906 740 2044 777 invicte
2085 738 2355 787 ostendemus,

1250 789 1432 827 Messiam
1464 793 1501 828 iu
1534 791 1633 842 Lege
1704 794 1902 830 romisstun
1945 791 2090 842 jamdiu
2135 792 2354 838 advenisse,

1249 857 1413 896 euinque
1444 857 1516 882 non
1546 857 1623 882 esse
1652 807 1772 883 aiittin
1790 876 1800 894 ‚
1838 859 1954 898 quam
1983 845 2197 882 Dominum
2225 844 2355 882 Jesum

1247 895 1469 945 Christum,
1502 899 1539 935 in
1568 911 1644 949 quo
1672 911 1747 936 uon
1781 912 1898 936 uuum
1917 929 1926 946 ‚
1969 897 2027 936 vel
2057 897 2243 945 alterum,
2291 897 2355 936 sed

1247 951 1376 988 omnia
1417 950 1532 1002 plane
1569 964 1761 989 sacrorum
1792 951 1932 989 Vatum
1973 950 2126 989 oracula
2168 950 2357 1002 completa

1249 1012 1358 1041 suut.
1403 1004 1490 1049 Quo
1518 1005 1556 1040 iu
1585 1015 1805 1055 argumento
1834 1005 2114 1042 molestissimus
2149 1005 2218 1041 erit
2249 1002 2358 1040 labor

1248 1057 1287 1093 in
1317 1057 1524 1107 praecipuis
1553 1057 1888 1096 callidissimorum
1909 1057 2108 1096 hominum
2139 1056 2283 1095 technis
2310 1068 2357 1096 a&

1246 1108 1517 1147 subtilitatibus
1553 1112 1833 1163 expungendis.
1879 1112 1951 1149 Sed
1982 1110 2063 1148 Deo
2091 1123 2201 1161 opem
2233 1111 2356 1147 feren·-

1243 1169 1304 1211 te,
1333 1175 1463 1201 omnes
1493 1164 1663 1204 tenebras
1691 1165 1925 1216 dissipandas
1955 1178 2030 1203 esse
2060 1176 2281 1216 speramus.

1671 1269 1843 1309 CAPUT
1876 1270 1927 1307 ll.

1244 1373 1419 1413 Breviter
1463 1374 1691 1414 indicantur
1722 1374 1874 1413 Veteris
1907 1374 2154 1413 Testamenti
2195 1374 2356 1426 prophe-

1297 1432 1393 1475 tice,
1435 1428 1570 1479 quibus
1611 1429 1729 1468 divini
1757 1428 1997 1467 Liberatoris
2040 1428 2231 1467 adventus
2265 1442 2354 1480 pro-

1297 1486 1440 1519 missus
1456 1481 1572 1534 sitit.

1297 1600 1359 1624 20.
1379 1565 1738 1638 supervacaneum
1781 1602 1854 1627 nou
1885 1597 1936 1626 est
1965 1587 2037 1625 hac
2064 1587 2110 1625 de
2140 1600 2180 1625 re
2221 1586 2356 1626 saltem

1241 1636 1407 1677 breviter
1436 1650 1686 1689 pertractare,
1715 1650 1797 1678 tum
1827 1650 1979 1692 propter
2006 1641 2188 1692 quosdam
2211 1639 2355 1680 Rabbt-

1242 1702 1336 1737 nos,
1379 1693 1447 1744 qui
1476 1692 1515 1729 id
1545 1703 1757 1744 negarunt3
1799 1702 1880 1730 tum
1910 1695 2023 1730 etiam
2067 1694 2158 1744 quia
2188 1705 2258 1731 non
2287 1695 2358 1732 erit

1242 1743 1403 1793 inutile,
1442 1758 1511 1782 nec
1541 1745 1798 1796 injucundum
1828 1745 2060 1784 amatoribus
2087 1754 2222 1782 nostrae
2254 1745 2357 1784 Reli-

1242 1797 1391 1848 gionis,
1435 1797 1505 1835 sub
1536 1811 1612 1836 uno
1642 1798 1758 1836 veluti
1787 1798 1920 1835 obtutu
1950 1806 2093 1835 vetusta
2123 1796 2238 1848 hujus
2267 1799 2357 1836 insi-

1240 1852 1322 1901 gnis
1349 1852 1472 1889 divini
1502 1851 1682 1889 beneficii
1711 1851 1893 1889 vaticinia
1922 1852 2138 1901 conspicere
2167 1849 2253 1902 (b).

1262 1923 1264 1925 ·
1297 1916 1360 1941 21.
1390 1903 1438 1941 Et
1468 1906 1592 1955 prima
1621 1904 1778 1957 quidem
1807 1905 1930 1942 divini
1961 1903 2174 1941 liberatoris
2196 1905 2355 1955 promis-

1240 1956 1296 1992 sio
1326 1957 1424 1995 facta
1454 1966 1506 1995 est
1536 1957 1684 1995 Adamo
1712 1959 1836 1995 statim
1866 1965 1944 2009 post
1966 1966 2164 2008 peccatum
2194 1959 2241 1994 iis
2270 1971 2353 1995 ver-

1240 2010 1300 2047 bis
1341 2010 1567 2062 symbolicis
1595 2012 1696 2049 Gen.
1726 2011 1792 2048 111.
1829 2011 1888 2055 14.
1918 2009 1952 2045 &
1982 2024 2059 2062 seq.
2101 2007 2156 2047 Et
2185 2013 2242 2046 ait
2271 2008 2354 2047 Do-

1240 2066 1372 2101 minus
1400 2063 1454 2101 ad
1483 2073 1708 2113 serpentem
1729 2089 1785 2102 ....
1805 2066 2037 2101 inimicitias
2064 2075 2215 2113 ponam
2252 2066 2356 2100 inter

1238 2124 1303 2164 te,
1331 2118 1382 2158 <9⁴
1402 2118 1635 2165 mulierem,
1664 2117 1714 2157 <9⁶
1742 2129 1881 2155 semen
1909 2124 2043 2161 tuum,
2072 2117 2121 2156 <9-
2141 2128 2278 2153 semen
2308 2117 2353 2153 il-

1239 2169 1340 2207 ltus:
1383 2175 1470 2220 ipsa
1499 2179 1674 2208 conteret
1702 2178 1820 2221 caput
1848 2178 1959 2206 tuum
1981 2200 1991 2219 ,
2038 2169 2087 2209 (9·
2117 2177 2156 2206 tu
2186 2167 2352 2207 instella-

1237 2220 1338 2260 bert's
1353 2224 1548 2261 calcaneo
1566 2225 1652 2276 ejus
1668 2253 1679 2271 ‚
1707 2224 1811 2266 aare?
1840 2224 1887 2262 τὸ
1909 2223 2024 2272 snro'r
2045 2222 2266 2260 litteraliter
2296 2224 2352 2260 iu-
2391 2232 2397 2237 ‘

1238 2274 1357 2327 telligi
1389 2286 1562 2328 possunt,
1606 2290 1694 2314 cum
1725 2287 1796 2313 non
1833 2273 1958 2312 solum
1988 2275 2244 2323 mulieribus,
2287 2274 2352 2314 sed

1237 2330 1350 2369 etiam
1381 2331 1472 2370 viris
1501 2339 1690 2383 serpentes
1720 2328 1834 2369 invisi
1862 2329 1933 2368 siut
1954 2357 1966 2378 2
2003 2328 2037 2365 ἃ
2068 2330 2235 2382 utrisque
2265 2329 2354 2367 insi-

2136 2410 2138 2412 ψ
2216 2382 2299 2420 dia-

1237 2534 1262 2553 „
1285 2513 1399 2546 multo
1425 2521 1504 2546 ante
1547 2513 1774 2552 cecinerunt,
1810 2509 1913 2544 fidem
1949 2509 2145 2544 divinitatis
2182 2509 2314 2553 accepit
2334 2520 2348 2549 ς

1238 2579 1262 2598 ,‚
1287 2557 1379 2602 qnod
1406 2569 1514 2601 neque
1540 2559 1748 2602 Apollonio,
1784 2567 1895 2600 neque
1921 2555 2096 2600 Apulejo,
2139 2566 2247 2599 neque
2274 2556 2350 2587 cui-

1239 2623 1264 2642 „
1290 2613 1396 2646 quam
1420 2614 1627 2645 magnorum
1651 2603 1763 2646 potuit
1780 2623 1792 2640 ,
1829 2610 1890 2633 aut.
1914 2609 2026 2645 potest
2060 2598 2248 2644 aliquando
2270 2610 2352 2632 cou-

1239 2669 1265 2687 ‚,
1292 2649 1445 2691 tingere.
1463 2652 1488 2670 ⁴<

1286 2694 1331 2731 (b)
1355 2693 1577 2738 Quamquam
1603 2693 1637 2724 in
1678 2690 1889 2724 duodecimo
1925 2690 2073 2723 articulo
2099 2690 2345 2734 Confessz'onis

1228 2739 1324 2783 fidei
1350 2738 1551 2772 suda-orum
1577 2751 1595 2771 a
1623 2738 1664 2770 R.
1690 2735 1902 2770 Maitnouide
1930 2737 2015 2769 Saec.
2045 2737 2123 2769 Xll.
2160 2736 2348 2769 elaboratas

1239 2797 1400 2830 expresse
1428 2784 1584 2824 dicatur,
1626 2783 1794 2816 Messium
1830 2790 2021 2822 uenturum,
2058 2788 2099 2815 <J
2125 2786 2264 2816 etiamsi
2287 2784 2349 2817 diu

1240 2833 1449 2871 tardaverit,
1476 2831 1718 2885 expe-standum
1742 2838 1849 2862 truncti
1878 2841 2006 2871 seruper
2026 2850 2036 2868 ‚
2061 2830 2168 2862 donec
2195 2832 2345 2862 uenerit:

1244 2879 1315 2911 imo
1341 2876 1469 2911 ibidem
1495 2876 1667 2916 addatur,
1692 2888 1770 2914 eos,
1795 2875 1854 2919 qui
1879 2874 1919 2906 de
1947 2873 2096 2908 adventu
2124 2876 2259 2908 Messias
2284 2874 2350 2909 du-

1237 2924 1374 2963 bitant,
1401 2932 1510 2958 totam
1529 2924 1638 2966 legem
1665 2921 1834 2955 mendacii
1862 2932 2050 2961 accusare5
2075 2933 2143 2954 non
2161 2919 2349 2956 defuerunt

1237 2978 1379 3010 tamen,
1417 2971 1476 3015 qui
1503 2969 1595 3002 huuc
1620 2969 1756 3002 Messias
1783 2965 1971 2999 adventum
1996 2966 2038 3000 ad
2076 2968 2249 3005 fabulosas
2277 2976 2349 3001 tra-

1237 3015 1387 3050 ditiones
1413 3014 1665 3054 amandarcnt5
1692 3017 1724 3045 &
1743 3014 1783 3046 R.
1803 3013 1930 3058 Joseph
1947 3013 2040 3047 Albo
2065 3013 2100 3046 in
2126 3013 2254 3048 celebri
2274 3014 2346 3047 col-

1238 3063 1393 3102 latione,
1428 3074 1504 3106 quae
1533 3063 1567 3094 in
1595 3061 1760 3104 Hispania
1798 3058 1917 3093 habita
1941 3067 1992 3092 est
2027 3071 2144 3094 coram
2170 3061 2347 3105 Antipapa

1238 3108 1423 3140 Benedicta
1450 3109 1546 3140 ΧΙΙΙ.
1573 3118 1663 3139 anno
1695 3106 1793 3147 ¹4¹2·
1819 3104 1885 3140 hoc
1922 3103 2045 3150 dogma
2070 3118 2142 3140 esse
2179 3104 2345 3152 adiapho-

1237 3165 1316 3186 rum
1340 3152 1593 3192 contendebat,
1619 3164 1680 3185 con
1710 3162 1827 3185 uestns
1853 3150 1894 3185 de
1920 3152 1963 3186 R.
1989 3152 2201 3187 Maimonide
2218 3174 2228 3192 ,
2253 3152 2346 3197 quod

1242 3199 1328 3232 illud
1356 3200 1444 3231 inter
1457 3199 1624 3232 articulos
1640 3165 1795 3231 Judaicae
1815 3197 1892 3231 fidei
1918 3200 2168 3233 recensuisset.
2197 3199 2344 3232 Felicem

1243 3247 1336 3278 illins
1363 3243 1607 3289 disputationis
1623 3268 1633 3286 ‚
1658 3256 1726 3288 qua
1741 3245 1808 3278 tria
1824 3243 2026 3279 Judaeorum
2050 3247 2162 3280 millia
2179 3244 2221 3278 ad
2241 3246 2345 3279 Chri-⁴

1241 3291 1354 3323 stiana
1380 3301 1493 3324 castra
1520 3290 1759 3331 transierunt,
1798 3291 1928 3325 exitum
1953 3289 2071 3325 deberi
2098 3293 2132 3324 S.
2160 3290 2342 3325 Vincentio

1241 3337 1421 3381 ferrem,
1445 3345 1565 3372 narrat
1591 3337 1671 3373 Nic.
1696 3337 1867 3373 Antonius
1893 3338 1929 3373 in
1953 3337 2044 3374 Bibl.
2069 3337 2173 3384 Hisp.
2199 3335 2273 3371 Vet-
2299 3333 2344 3368 T.
