2583 3685
238 139 292 189 42

176 229 256 254 suae
287 214 443 266 justitiae
462 210 642 251 ministris
659 237 668 255 ,
698 206 745 244 ad
774 219 838 244 nos
856 208 1065 258 puniendos
1082 237 1091 255 ,
1124 208 1180 245 vel
1206 221 1290 258 pro—

173 268 347 314 bandos3
395 266 495 318 quod
525 273 747 312 supremum
780 261 897 311 ipsius
926 262 1143 298 dominium
1179 273 1292 313 super

173 335 306 360 omnes
336 328 525 358 creaturas
553 315 810 359 delnonstrat3
841 327 960 366 eoque
990 316 1136 366 magis,
1166 318 1258 367 quia
1280 343 1291 362 ,

173 386 215 412 ut
246 388 345 424 ηερε
389 369 558 421 loquitur
585 367 628 405 S.
660 367 917 419 Augustinus,
966 368 1168 406 Daemones
1211 381 1293 405 non

184 434 327 465 rossunt
358 424 397 461 in
429 436 495 460 nos
525 422 688 469 saevire,
718 429 904 473 quantum
933 421 1095 470 volunt,
1143 422 1207 460 sed
1236 434 1293 458 so-

170 443 254 517 lum
285 486 472 532 quantum
503 474 609 523 vult,
640 473 700 513 vel
732 476 916 526 permittit
947 475 1078 514 Deus.

227 533 320 572 521.
349 530 442 580 Obj.
472 529 639 566 secundo
657 553 667 566 .
699 528 824 566 Homo
852 529 1114 567 daemoniacus
1143 527 1292 566 duabus

171 588 281 640 quasi
323 582 528 622 animabus
571 584 771 621 instructus
801 583 903 631 erit,
952 583 1012 622 vel
1052 582 1189 620 ‘saltem
1219 582 1294 618 duo

171 639 328 678 babebit
357 650 513 675 suarum
544 637 737 675 actionum
764 637 989 689 principia,
1032 637 1133 689 quod
1163 635 1293 674 Mani-

173 693 403 732 cliaei-smum
433 691 530 743 sapit
548 716 558 728 .

226 746 319 785 522.
352 744 464 797 Resp.
482 773 492 793 ,
534 757 610 782 non
639 758 715 783 esse
742 745 782 783 in
811 743 1062 782 daemoniacis
1091 743 1182 781 duas
1212 743 1293 780 ani-

170 814 278 848 mas,
309 798 470 838 alteram
497 798 640 836 bonam
658 828 670 847 ,
700 797 843 836 malam
873 797 1035 836 alterum
1054 827 1064 846 ‚
1097 807 1135 834 ut
1165 795 1293 834 Mani-

170 854 272 893 chaei
300 853 538 898 delirabant5
578 866 665 890 vesse
691 853 852 904 quidem
881 852 957 889 duo
988 851 1181 903 principia
1211 863 1293 888 mo-

172 918 284 946 tuum
313 905 600 960 corporalium,
630 905 795 944 alterum
815 905 1104 954 voluntarium,
1134 902 1167 940 8(
1197 903 1295 942 libe-

174 976 263 1001 rum
281 993 292 1011 ,
320 961 484 1000 alterum
513 961 773 999 necessarium
790 989 801 1008 ,
849 958 883 996 8(
913 972 1049 1011 cogens
1066 985 1077 996 .
1133 952 1263 997 Motus
1284 987 1296 1006 ,

172 1018 239 1068 qui
269 1016 318 1054 ab
348 1015 418 1053 hoc
447 1014 614 1053 secundo
656 1014 853 1065 principio
893 1013 1123 1066 quandoque
1165 1024 1297 1065 proce-

170 1071 286 1118 dunt,
335 1081 409 1108 non
438 1077 523 1107 sunt
551 1067 696 1117 liberi,
726 1067 896 1120 adeoque
924 1081 993 1105 nec
1023 1066 1150 1104 meriti
1181 1079 1297 1118 capa-

172 1138 231 1161 ces
249 1154 259 1171 ,
289 1124 361 1161 nisi
382 1133 569 1175 quatenus
600 1122 715 1160 borno
731 1152 742 1170 ,
771 1124 842 1174 qui
867 1134 928 1160 eos
948 1121 1089 1159 invitus
1106 1150 1117 1168 ,
1141 1118 1182 1155 8(
1211 1131 1298 1158 coa-

173 1187 257 1216 ctus
286 1178 454 1230 patitur,
502 1191 539 1214 se
569 1174 757 1215 voluntati
787 1176 934 1214 divinae
977 1172 1175 1212 humiliter
1194 1204 1204 1221 ,
1258 1181 1298 1211 ut

170 1245 242 1283 par
272 1240 352 1279 est,
383 1231 590 1283 subjiciens
608 1259 619 1278 ,
649 1242 713 1267 eos
743 1241 854 1282 aequo
883 1229 1012 1267 animo
1041 1228 1224 1274 sustinet,
1256 1236 1296 1263 ut

175 1288 216 1323 in
247 1284 419 1332 morbis,
467 1284 633 1336 aliisque
662 1285 834 1335 corporis
863 1281 1139 1319 afflictionibus
1169 1293 1297 1317 neces-

174 1339 284 1377 sariis
313 1340 522 1389 contingit.
582 1337 766 1374 Voluntas
807 1344 935 1372 autem
956 1334 1104 1371 >obsessi
1146 1345 1297 1384 semper

173 1391 298 1431 libera
325 1401 479 1440 manet,
504 1402 631 1442 neque
660 1392 699 1427 in
728 1401 815 1425 eam
844 1388 1009 1425 Daemon
1037 1386 1179 1423 directe
1208 1399 1296 1437 age-

172 1459 214 1483 re
243 1454 384 1497 potest3
435 1444 532 1482 unde
574 1443 690 1480 etiam
720 1441 823 1480 Deus
861 1441 1086 1492 permittens
1114 1440 1263 1478 Satanae
1283 1469 1296 1489 ,

175 1508 216 1536 ut
245 1507 363 1536 totum
393 1510 531 1549 corpus
561 1495 632 1534 Job
662 1503 901 1548 percuteret,
931 1493 1040 1546 jussit
1068 1493 1156 1542 illi,
1187 1503 1228 1531 ut
1256 1508 1296 1531 a·

173 1554 323 1592 nimam
352 1553 473 1605 ipsius
502 1558 667 1589 servaret
695 1548 768 1588 Job
797 1549 845 1586 II.
876 1548 914 1587 6.
946 1548 1042 1585 Haec
1073 1556 1200 1585 autem
1229 1547 1298 1584 do-

177 1608 300 1645 ctrina
346 1621 369 1644 a
409 1603 723 1645 Manichaeorum
763 1602 911 1641 deliriis
954 1600 1297 1652 quamlougissime

173 1661 306 1699 abest.

233 1714 325 1753 525.
355 1712 449 1764 Obj.
477 1712 611 1750 tertio.
636 1710 725 1748 'Non
753 1707 878 1748 solum
898 1707 1073 1746 homines
1103 1707 1296 1759 improbi,

174 1769 239 1807 sed
281 1769 396 1806 etiam
426 1767 664 1813 innocentes,
712 1762 747 1800 &
777 1764 833 1816 pii
876 1764 1017 1815 saepius
1060 1776 1081 1800 a
1111 1762 1318 1800 Daemone‘

176 1822 368 1873 correpti,
400 1819 434 1856 8(
463 1819 588 1859 vexati
616 1819 823 1863 dicuntur3
854 1818 932 1855 imo
961 1816 1190 1869 quandoque
1222 1815 1298 1866 ipsi

176 1875 353 1929 parvuli,
383 1875 414 1911 si
443 1874 548 1911 enim
569 1872 760 1911 credimus
779 1871 820 1910 S.
841 1871 1083 1921 Hieronymo
1111 1871 1153 1908 in
1172 1869 1296 1919 Epist.

178 1930 247 1982 59.
295 1929 342 1967 ad
372 1926 531 1966 Paulam
560 1940 673 1979 super
720 1925 826 1964 obitu
856 1923 1038 1963 Blaesillae
1081 1923 1163 1974 ejus
1201 1922 1297 1962 filiae

177 1997 290 2023 num.
313 1996 349 2022 2·
379 1995 487 2033 saepe
507 1980 669 2028 bimuli,
700 1979 949 2032 trimulique,
978 1979 1028 2019 (9¹
1057 1976 1179 2016 ubera
1209 1991 1300 2015 ma·

180 2046 298 2075 terna
327 2036 524 2074 lactentes
553 2048 581 2072 a
610 2033 827 2072 Haemonio
869 2036 1160 2084 corripiuntur.
1218 2032 1300 2070 Hoc

188 2101 315 2129 autem
340 2102 499 2142 >prorsus
519 2086 749 2127 incredibile
769 2088 945 2136 videtur,
974 2100 1065 2125 curn
1087 2085 1178 2124 tales
1209 2099 1301 2138 pue-

178 2147 216 2184 ·si
245 2145 400 2183 rationis
431 2157 501 2182 usu
528 2152 695 2181 carentes
724 2156 846 2194 neque
875 2141 1030 2194 puniri,
1057 2154 1184 2192 neque
1215 2153 1302 2189 pro-

180 2198 269 2240 bari
298 2198 453 2249 possint:
482 2199 608 2248 potius
636 2198 763 2248 itaque
783 2196 1014 2234 credendum
1045 2204 1117 2243 est,
1149 2207 1207 2232 eos
1236 2208 1304 2233 na-

181 2251 372 2291 turalibus
401 2251 547 2288 morbis
576 2249 728 2301 affligi,
773 2264 889 2302 quam
920 2264 943 2287 a
971 2249 1162 2287 Daemone
1191 2262 1305 2286 vexa-

185 2307 218 2344 ri
237 2333 248 2344 .
296 2304 410 2352 Quod
439 2305 469 2342 si
499 2303 571 2342 boc
600 2317 735 2343 verum
765 2312 816 2342 est
846 2305 886 2342 in
916 2305 1073 2355 pueris,
1103 2303 1239 2355 poterit
1266 2317 1306 2340 e-

182 2360 278 2398 tiam
306 2359 383 2396 diei
412 2357 459 2395 de
486 2357 624 2396 adultis
655 2357 719 2409 (a)
737 2383 749 2396 .

250 2412 343 2458 524.
374 2411 488 2464 Resp.
517 2412 671 2464 primo,
701 2411 835 2449 eadem
849 2411 997 2448 ‘ratione
1025 2410 1150 2462 quaeri
1181 2422 1308 2462 posse,

186 2481 256 2505 cur
285 2466 389 2505 Deus
418 2464 503 2504 illos
534 2466 750 2504 innocentes
770 2465 929 2502 infantes
958 2463 1193 2503 naturalibus
1208 2476 1310 2502 mor-

188 2521 249 2559 bis
278 2530 355 2558 tam
373 2520 456 2558 dire
485 2519 697 2558 conflictari
714 2520 934 2572 permittat,
965 2517 1108 2571 quibus
1138 2531 1204 2555 nec
1235 2531 1309 2570 pu-

190 2576 265 2612 niri
294 2583 476 2626 possunt,
506 2587 577 2611 nec
607 2572 790 2624 probari.
820 2572 1022 2619 Secundo,
1071 2571 1105 2608 &
1135 2572 1310 2609 adversa-

187 2629 266 2676 rii,
294 2627 329 2663 8(
359 2640 422 2664 nos
450 2626 634 2664 debemus
662 2639 753 2663 cum
782 2625 889 2662 laud.
920 2625 960 2663 S.
993 2625 1232 2677 Hieronymo
1261 2624 1309 2661 il-

190 2680 257 2719 lud
277 2680 317 2720 S.
339 2679 450 2719 Pauli
480 2688 673 2733 repetere:
703 2709 730 2730 „
761 2679 795 2717 O
824 2679 1062 2731 profundum
1083 2679 1308 2718 divitiarum

247 2831 295 2867 (a)
321 2827 480 2872 Plerique
506 2838 640 2865 veteres
667 2829 787 2865 Patres
805 2835 1011 2874 putarunt,
1033 2827 1264 2862 Daemonibus
1292 2838 1312 2860 a

196 2875 273 2909 Deo
299 2886 365 2907 non
392 2877 547 2918 permitti
573 2879 704 2911 intrare
731 2877 767 2910 in
794 2886 940 2920 corpora
958 2874 1141 2907 bominum
1158 2895 1169 2914 ,
1194 2874 1260 2906 nisi
1277 2874 1313 2905 in

197 2932 340 2967 poenam
366 2929 588 2965 peccatorum
605 2946 612 2954 .
657 2926 689 2957 S.
717 2924 935 2968 Augustinus
962 2921 1040 2954 Lib.
1067 2921 1110 2952 V.
1137 2922 1180 2952 de
1208 2921 1313 2953 Civit-

201 2967 272 3001 Dei
300 2978 375 3011 cap.
404 2968 459 2998 32.
485 2968 658 3002 Daemones
679 2992 689 3011 ‚
716 2971 857 3015 inquit,
883 2972 954 3002 nisi
968 2981 1028 3001 eos
1045 2989 1056 3007 ,
1081 2981 1161 3010 quos
1180 2966 1318 3012 fallen-

201 3016 246 3049 do
273 3016 496 3058 deceperint,
521 3018 700 3057 possidere
726 3030 789 3049 non
807 3024 973 3061 possunt.
1000 3013 1114 3058 Hujus
1135 3013 1242 3046 etiam
1267 3012 1316 3044 rei

199 3062 304 3109 plura
330 3060 542 3094 exhibentur
566 3063 749 3105 exempla,
774 3072 812 3096 ut
840 3061 1024 3101 Montani,
1060 3072 1167 3105 quern
1193 3059 1318 3093 scribit

203 3109 371 3152 antiquus
399 3116 520 3140 auctor
546 3107 637 3152 apud
664 3109 853 3142 Eusebium
882 3109 960 3142 Lib.
981 3109 1025 3141 V.
1051 3107 1190 3140 Histor.
1217 3106 1319 3139 Eccl-

185 3168 234 3192 γε.
258 3156 311 3189 16.
338 3155 521 3187 innnodica
545 3158 646 3198 primi
672 3158 740 3188 loci
768 3157 959 3198 cupiditate
985 3164 1166 3199 captum...
1192 3155 1322 3187 aditum

203 3207 241 3239 in
267 3215 303 3236 se
328 3204 530 3236 aduersario
557 3205 696 3245 spiritui
723 3203 929 3244 praebzzisse,
964 3205 1003 3235 Θ
1030 3202 1188 3234 Daemone
1213 3202 1324 3244 reple-

206 3259 300 3290 tum,
328 3250 447 3282 subito
465 3249 605 3293 quodam
620 3248 766 3292 furore,
801 3262 842 3282 (ιε
868 3253 990 3282 mentis
1015 3261 1159 3282 excessu
1186 3248 1322 3281 concuti

205 3301 378 3339 aeoepisse.
423 3295 665 3329 Tertullianus
704 3304 821 3329 autem
857 3296 900 3328 de
928 3298 1134 3339 spectaculis
1172 3306 1246 3340 cap.
1268 3293 1324 3326 26.

205 3344 389 3378 mulierem
416 3341 605 3387 quamdam
632 3351 751 3375 narrat
771 3344 904 3376 adiisse
930 3345 1180 3386 spectaculum,
1208 3347 1248 3375 (Τ
1275 3342 1327 3373 in-

203 3391 252 3425 de
277 3403 350 3426 cum
373 3389 531 3425 Damone
558 3390 742 3432 rediisse5
786 3389 987 3424 Daeinonem
1015 3398 1131 3424 autem
1165 3390 1325 3434 increpa-

931 126 1332 172 DISSERTATIO
1369 126 1402 168 Ι.

1457 122 1585 167 CAP.
1618 123 1724 168 XX.

1359 236 1385 255 „
1416 205 1643 256 sapientiae,
1673 203 1707 238 8(
1735 202 1902 241 scientiae
1934 203 2035 252 Dei,
2066 217 2183 256 quam
2215 201 2480 244 inscrutabilia

1360 289 1385 309 ,‚
1415 266 1499 296 sunt
1536 256 1685 309 judicia
1714 255 1823 306 ejus,
1871 257 1904 294 8(
1941 258 2226 309 investigabiles
2255 261 2328 297 viae
2361 258 2473 310 ejus!

1361 343 1386 362 ,‚
1418 312 1541 350 Bonus
1567 319 1622 348 est
1652 310 1755 348 Deus
1773 339 1783 357 ,
1832 309 1866 346 8(
1894 313 2053 360 omnia,
2083 326 2171 363 quae
2204 312 2325 349 bouus
2354 313 2480 360 facit,

1361 395 1387 415 ,‚
1415 365 1515 403 bona
1538 366 1617 403 ¹sint
1643 376 1796 402 necesse
1824 373 1902 402 est.
1925 367 1951 385 ‘⁶
1983 364 2033 402 Ut
2062 365 2226 403 refertur
2254 365 2387 404 Joann.
2410 363 2482 402 lX.

1364 434 1401 459 2.
1433 418 1469 454 8(
1495 433 1572 470 seq.
1615 431 1704 455 cum
1734 416 1929 469 Discipuli
1971 418 2151 455 vidissent
2181 417 2378 457 bominem
2407 432 2483 457 cae=

1363 487 1453 512 cum
1471 502 1481 521 ,
1513 474 1838 522 interrogaverunt
1858 470 2052 508 Christum
2073 471 2311 508 Dominum:
2343 501 2369 520 „
2398 473 2484 524 quis

1364 557 1391 577 „
1420 527 1621 579 peccavit,
1652 524 1837 573 hicsaut
1858 532 2032 576 parentes
2054 522 2164 575 ejus,
2194 532 2234 561 ut
2263 537 2388 562 caecus
2418 539 2483 562 na«-

1363 611 1391 630 „
1420 577 1615 619 sceretur?
1645 577 1847 631 Respondit
1875 577 2006 616 Jesus:
2035 591 2158 630 neque
2188 576 2249 615 hic
2280 579 2483 630 peccavit,

1363 664 1389 684 „
1419 649 1544 688 neque
1574 642 1745 686 parentes
1775 631 1882 683 ejus,
1910 632 1975 669 sed
2006 640 2047 670 ut
2076 631 2364 670 manifestentur
2391 644 2482 685 ope-

1361 718 1388 738 „
1418 702 1460 726 ra
1491 688 1561 726 Dei
1593 688 1631 725 in
1661 687 1751 726 illo.
1773 690 1798 708 ‘³
1830 687 1884 723 Ita
1910 687 2039 724 dicere
2069 698 2293 738 possumus,
2325 685 2359 722 &
2388 699 2485 734 nos,

1361 742 1571 794 aliquando
1601 754 1738 793 pueros
1766 755 1788 778 a
1808 739 2065 778 Daemonibus
2093 740 2251 786 vexari,
2281 747 2323 776 ut
2352 744 2488 777 mani·-

1350 795 1557 848 jestentur
1585 807 1708 845 opera
1738 793 1816 832 Dei
1845 794 1884 831 in
1914 792 2017 831 iliis.
2050 792 2188 845 Reipsa
2217 792 2387 831 Christus
2407 793 2488 831 Do-

1361 852 1492 888 minus
1523 847 1662 886 Mattli.
1684 848 1772 886 XII.
1798 846 1861 886 28.
1893 846 2103 885 Pharisaeos
2133 849 2184 884 ita
2213 846 2487 885 convincebat:

1363 903 1407 941 Si
1437 908 1478 940 iri
1507 905 1642 952 spiritu
1672 901 1750 941 Dei
1781 903 1894 955 ejicio
1923 899 2143 939 Doemones
2161 930 2172 950 ,
2211 904 2328 953 igitur
2355 913 2489 952 perve-

1363 962 1423 995 ni:
1451 960 1492 994 in
1522 968 1587 994 ros
1614 968 1785 1007 regnum
1814 954 1922 1000 Dei,·
1953 955 1986 991 8(
2017 955 2143 993 Marci
2175 953 2284 992 XVI.
2319 967 2382 1006 ¹7·
2412 956 2490 992 suis

1366 1009 1581 1061 Discipulis
1610 1010 1708 1047 inter
1737 1008 1814 1048 alia
1836 1018 2051 1060 potestatem
2073 1008 2261 1056 contulit,
2290 1008 2332 1046 in
2361 1008 2489 1046 nomi-

1365 1078 1414 1102 ne
1444 1063 1561 1115 ipsius
1593 1062 1772 1113 ejiciendi
1801 1063 2008 1102 Daemonia
2029 1093 2039 1113 ,
2079 1072 2120 1101 ut
2149 1064 2202 1102 ita
2229 1060 2489 1114 Evangelium

1364 1124 1643 1169 propagaretur
1661 1143 1672 1155 .

1736 1221 2045 1262 PROPOSITIO
2073 1224 2123 1263 11.

1366 1329 1439 1368 Ex
1468 1332 1599 1368 sacris
1617 1332 1707 1367 novi
1731 1326 1980 1368 Testamenti
1995 1328 2126 1367 Libris
2143 1358 2153 1377 ,
2184 1335 2303 1382 atque
2332 1344 2386 1369 ex
2405 1346 2495 1383 pro»

1421 1384 1522 1422 lmus
1545 1382 1777 1422 Auctoribus
1799 1387 2020 1432 evincitur,
2050 1387 2184 1433 reipsa
2214 1387 2393 1422 extitisse
2413 1387 2499 1435 plu⁴

1420 1452 1485 1477 res
1514 1439 1786 1477 Daemoniacos
1803 1467 1813 1486 ,
1843 1450 1914 1475 seu
1940 1450 2142 1487 possessos
2170 1449 2200 1474 a
2226 1437 2427 1477 Doemone
2444 1466 2456 1478 .

1422 1522 1687 1588 525.Taceo
1729 1544 1774 1581 de
1803 1542 1948 1591 Saule,
1997 1558 2115 1597 quem
2146 1542 2314 1595 Spiritus
2357 1544 2492 1582 malus

1365 1598 1607 1651 exagitabat
1636 1597 1728 1636 Lib.
1750 1598 1781 1635 I.
1812 1596 1905 1649 Reg.
1927 1597 2063 1647 XVI.,
2111 1599 2157 1635 de
2187 1598 2282 1645 Sara
2312 1596 2494 1648 Raguelis

1365 1652 1475 1701 filia,
1525 1667 1546 1690 a
1575 1666 1652 1703 qua
1682 1650 1853 1703 Raphael
1883 1649 2055 1701 Angelus
2083 1651 2337 1689 Daemouium
2376 1650 2493 1703 ejecit

1366 1706 1503 1744 'I'obiae
1534 1705 1668 1750 V111.;
1697 1706 1790 1757 quia
1819 1704 1888 1741 ista
1907 1705 2041 1742 veteris
2070 1705 2283 1742 testamenti
2313 1704 2497 1758 exempla

1365 1758 1601 1811 longioribus
1629 1757 1960 1811 disquisitionibus
1989 1758 2153 1796 obnoxia
2182 1768 2295 1807 sunt,
2341 1758 2374 1795 8(
2404 1759 2497 1797 bre-

1366 1814 1493 1852 vitatis
1513 1813 1636 1865 gratia
1652 1826 1713 1849 me
1734 1813 1860 1849 statim
1890 1812 2048 1850 confero
2077 1813 2124 1850 ad
2144 1812 2313 1850 obsessos
2342 1825 2365 1850 a
2385 1812 2500 1851 Chri-2

1366 1875 1420 1904 sto
1450 1867 1620 1905 Domino
1649 1865 1857 1915 liberatos,
1899 1879 1994 1917 quos
2024 1865 2261 1917 Evangelica
2289 1866 2403 1905 nobis
2433 1879 2500 1905 ex-

1369 1920 1476 1958 bibet
1506 1919 1689 1959 historia.

1423 1973 1516 2013 526.
1546 1975 1674 2027 Inepte
1702 1982 1830 2012 autem
1860 1972 1911 2012 ab
1939 1972 2137 2026 aliquibus
2167 1972 2251 2011 liaec
2281 1974 2412 2021 omnia
2441 1974 2489 2012 de

1368 2030 1561 2068 curatione
1589 2028 1814 2067 morborum
1845 2027 2081 2066 naturalium
2113 2027 2382 2078 explicantur,
2423 2042 2498 2067 non

1369 2091 1498 2122 autem
1528 2083 1575 2121 de
1604 2096 1694 2122 vera
1724 2080 1947 2134 expulsione
1967 2081 2203 2121 Daemonmn
2221 2097 2242 2120 a
2271 2083 2499 2135 corporibus

1369 2138 1556 2176 obsessis.
1606 2137 1736 2188 Inepte
1766 2137 1953 2188 inqua1n3
2001 2136 2101 2173 sacri
2149 2136 2252 2174 enim
2283 2135 2499 2189 Scriptores

1371 2193 1490 2231 nimis
1519 2199 1648 2244 aperte
1678 2199 1881 2238 testantur,
1910 2189 2104 2227 Christum
2127 2191 2355 2242 praecepisse
2385 2194 2501 2241 spiri-

1372 2250 1428 2284 tui
1456 2244 1693 2292 immundo,
1724 2253 1763 2282 ut
1794 2245 1911 2281 exiret
1940 2242 2069 2281 Marci
2099 2243 2172 2281 IX.
2206 2245 2271 2289 24.
2302 2244 2459 2296 ejecisse
2479 2259 2503 2282 a

1377 2300 1508 2340 Maria
1538 2297 1769 2351 Magdalena
1797 2305 1949 2349 septem
1979 2296 2200 2335 Daemonia
2229 2297 2357 2337 Marci
2389 2299 2502 2337 XVI.

1377 2367 1418 2406 9.
1448 2353 1482 2389 8(
1512 2353 1629 2392 Lucae
1659 2351 1766 2390 VIII.
1785 2382 1795 2400 ,
1847 2365 1885 2390 2.
1915 2350 1949 2387 8(
1978 2351 2025 2389 de
2055 2364 2174 2403 puero
2203 2350 2373 2389 lunatico
2401 2366 2503 2405 prae-

1379 2409 1543 2460 cipiente
1558 2407 1647 2445 Jesu
1664 2410 1811 2444 exiisse
1827 2404 2090 2443 Daemonium
2107 2435 2117 2454 ,
2149 2404 2182 2441 &
2212 2414 2389 2444 curatum
2406 2407 2503 2445 fuis-

1380 2476 1418 2500 se
1447 2463 1487 2500 in
1517 2460 1587 2499 illa
1611 2460 1710 2498 'hora
1729 2458 1870 2498 Mattli.
1892 2458 2021 2497 XVII.
2056 2473 2117 2510 17·
2147 2459 2367 2497 describunt
2395 2461 2505 2498 deni-

1379 2529 1455 2568 que
1484 2514 1708 2553 mirabilem
1728 2512 1839 2551 illam
1868 2513 2110 2551 curationem
2127 2514 2403 2565 energumeni,
2433 2515 2506 2567 qui

1379 2569 1577 2607 habitabat
1607 2568 1647 2605 in
1676 2567 1961 2614 monumentis,
2010 2566 2045 2603 8(
2074 2581 2097 2603 a
2134 2578 2212 2618 quo
2241 2565 2412 2605 Christus
2441 2566 2504 2604 Je-

1378 2637 1440 2661 sus
1470 2621 1583 2674 ejecit
1603 2620 1824 2659 Doemoniri
1853 2620 2010 2656 multa.
2040 2619 2136 2655 Haec
2157 2626 2285 2656 autem
2317 2619 2502 2671 rogabant

1372 2677 1509 2716 ..lesum
1526 2705 1538 2727 ,
1567 2688 1619 2713 ne
1648 2677 1866 2725 imperaret
1894 2672 1997 2721 illis,
2025 2674 2125 2710 utin
2154 2670 2349 2724 abyssum
2379 2677 2508 2718 irent;

2391 2728 2456 2766 sed

1377 2831 1480 2865 tum,
1504 2819 1598 2867 quod
1622 2833 1725 2855 ausus
1739 2828 1830 2854 esset
1856 2818 1993 2855 fidelem
2011 2819 2172 2866 ingredi‘,
2196 2819 2416 2867 respondisse
2431 2843 2442 2862 ,
2470 2832 2506 2856 se

1381 2871 1503 2905 fecisse
1529 2868 1749 2913 justissime:
1778 2872 1813 2902 in
1839 2882 1910 2902 meo
1936 2872 2050 2909 enim,
2079 2869 2290 2913 inquiebat,
2316 2882 2387 2902 eam
2415 2872 2510 2902 inve-

1383 2921 1442 2952 ni.
1469 2916 1548 2950 Alia
1573 2916 1676 2960 plura
1702 2915 1737 2948 id
1762 2926 1869 2959 genus
1896 2915 2011 2948 afferri
2039 2924 2207 2959 possent;
2233 2914 2293 2947 sed
2317 2914 2501 2948 fatendum

1385 2973 1463 3004 est,
1503 2963 1616 2995 Deum
1642 2974 1683 2995 ex
1709 2962 1935 2996 inscrutabili
1960 2960 2179 3006 judiciorum
2205 2973 2349 2994 suorum
2376 2962 2507 3006 abysso

1389 3008 1596 3055 quandoque
1621 3010 1849 3053 permittere,
1891 3017 1931 3041 nt
1954 3008 2063 3041 etiam
2086 3008 2313 3048 innocentes,
2350 3019 2389 3040 ac
2415 3009 2463 3052 pii
2490 3020 2510 3041 a

1387 3057 1570 3091 Daernonio
1593 3056 1838 3089 contubernali
1870 3063 2066 3088 vexentur.
2109 3054 2201 3086 Nam
2240 3053 2332 3086 idem
2359 3055 2509 3088 Sanctus

1390 3104 1607 3148 Augustinus
1638 3103 1715 3136 Lib.
1736 3103 1854 3136 XXII.
1879 3104 1924 3135 de
1943 3102 2049 3134 Cioit.
2075 3099 2146 3133 Dei
2173 3112 2249 3145 cap.
2271 3111 2326 3133 22.
2352 3099 2428 3134 liaec
2445 3101 2510 3134 ba·

1389 3152 1471 3185 bet:
1512 3150 1640 3183 Contra
1664 3150 1890 3194 milleformes
1915 3149 2094 3181 damonum
2121 3151 2279 3181 incursus
2306 3151 2382 3192 quis
2408 3151 2507 3182 inno-

1392 3201 1514 3231 centiae
1542 3209 1603 3229 stzae
1619 3196 1739 3240 fidit?
1765 3195 2046 3242 Quandoquidem
2064 3207 2105 3227 ne
2131 3195 2351 3238 quisficleret
2368 3216 2380 3235 ,
2404 3197 2510 3227 etiam

1390 3246 1546 3290 parvulos
1572 3244 1790 3286 baptizatos,
1815 3243 1929 3288 quibus
1955 3249 2048 3274 certe
2074 3242 2165 3275 nihil
2191 3251 2245 3275 est
2268 3242 2509 3281 innocentius,

1392 3291 1580 3337 aliquando
1608 3293 1662 3322 sic
1687 3297 1835 3330 vexant,
1860 3297 1896 3322 ιιτ
1918 3291 1956 3321 in
1981 3292 2035 3321 cis
2060 3292 2205 3323 maxime
2223 3288 2301 3322 Deo
2326 3292 2460 3320 sinente
2479 3289 2512 3320 i-

1394 3347 1448 3373 sta
1473 3344 1676 3370 monstretur
1703 3337 1802 3383 liujus
1828 3339 1899 3372 vitae
1915 3336 2041 3380 flenda
2068 3336 2340 3378 caticuminus&
2364 3335 2509 3370 alterius

1393 3385 1631 3421 desideranda
1648 3382 1841 3430 felicitas·
2252 3396 2255 3398 ⁷
