2583 3685
610 168 691 215 DE
727 164 985 216 NATURA
1019 170 1415 220 ANGELORUM
1447 174 1831 222 INCORPOREA
1851 209 1863 221 .

76 257 206 295 tiam.
251 250 342 292 Alia
367 249 437 291 SS.
466 249 622 290 Pau-um
658 252 870 291 testimonia
892 251 1051 291 exhibet
1077 251 1186 292 Peta—

74 310 159 351 νίας
185 307 275 346 Lib.
304 305 335 344 1.
364 304 413 343 (le
444 305 607 358 Angelis
633 319 718 358 cap.
751 306 788 344 5.

129 359 195 401 58.
224 359 383 399 Accedit
410 366 600 412 postremo
618 361 819 398 auctoritas
833 358 997 398 Concilii
1015 358 1081 397 lV.
1109 356 1184 398 La-

70 415 305 462 temnens-is,
333 412 462 466 quod,
490 420 531 450 ut
556 426 675 465 snpra
703 413 870 452 vidimus
898 427 941 450 n.
975 425 1059 460 i2.,
1088 412 1184 450 defi-

74 469 174 508 nivii
188 498 200 517 ,
229 475 442 517 utramque
470 474 703 505 creaturam
723 466 969 516 spiritualem
989 495 999 513 ,
1028 467 1078 506 ζ’9·
1098 478 1184 523 cor-

70 534 259 572 poream,
278 521 511 573 angelicam
525 521 694 568 scilicet,
715 520 764 561 Θ
779 518 1057 567 mundanam,
1074 521 1184 572 juis-

74 587 119 614 se
146 588 174 614 a
203 573 293 613 Deo
315 572 525 612 conditam
541 599 554 612 .
584 574 683 612 Hinc
709 585 784 612 non
814 573 947 610 desunt
968 571 1153 624 Tlreologi
1170 602 1182 621 ,

69 629 139 684 qui
170 627 266 667 lianc
293 636 459 667 nostram
499 629 726 666 sententiam
767 635 849 679 post
876 623 1079 679 Synodum
1108 626 1183 666 La-

70 692 304 722 terauensem
332 681 380 720 ad
410 678 546 720 Fidem
565 679 799 720 Catholicain
827 681 984 718 omnino
1013 681 1180 732 pertine·

70 748 114 774 re
143 744 297 788 putant:
324 743 589 774 verumtamen
608 734 679 772 alii·
696 762 707 781 ,
737 733 861 786 inquit
881 733 1008 771 Estius
1030 736 1068 771 in
1091 733 1179 772 Lib.

67 789 118 828 H.
146 788 327 828 Sentent.
354 787 454 827 Ditt.
482 786 588 826 Vlll.
631 786 670 839 §.
700 785 766 834 4.,
815 817 841 836 „
871 785 1106 835 Modestius,
1145 787 1181 824 8t

69 871 100 892 „
128 843 265 880 rectius
293 842 531 889 existimant,
561 839 620 878 his
648 840 805 892 quidem
834 842 1068 892 argumentis
1099 840 1180 878 effi-

69 923 101 945 „
128 895 193 944 ci,
219 895 425 948 quominus
452 894 596 946 absque
623 895 835 932 temeritate
855 893 986 945 aliqua
1006 903 1086 947 post
1106 893 1181 932 La-

71 977 98 998 „
128 956 320 987 teramnae
346 946 556 986 Decretum
596 946 783 985 affirmari
826 948 967 999 possit,
1016 947 1181 999 Angelos

70 1031 98 1051 „
126 1015 207 1041 esse
231 1013 459 1055 corporeos,
488 1009 554 1039 aut
582 1000 725 1039 habere
751 1013 932 1053 corpora:
960 1001 1047 1039 satis
1076 1003 1180 1040 enim

69 1083 98 1103 ,‚
125 1067 171 1093 ex
200 1055 362 1095 Decreto
387 1062 575 1107 apparet,
623 1053 723 1092 hanc
761 1055 876 1092 fuisse
915 1063 1081 1093 mentem
1109 1054 1182 1093 Pa-

69 1137 98 1158 „
125 1117 226 1146 trum
256 1107 363 1148 illius
384 1107 583 1158 concilii,
612 1108 713 1161 quod
742 1107 916 1160 angelica
944 1117 1117 1146 creatura
1135 1110 1182 1147 sit

70 1190 98 1212 ,‚
126 1161 338 1214 spiritualis
365 1174 412 1200 eo
440 1161 580 1210 modo,
607 1175 687 1214 quo
714 1162 844 1200 anima
873 1160 1040 1199 humana
1068 1163 1178 1214 spiri·

69 1244 98 1264 „
127 1213 241 1254 tualis
269 1225 349 1264 est,
388 1227 468 1254 non
495 1224 624 1253 autem
653 1227 697 1252 eo
725 1215 864 1261 modo,
906 1226 984 1266 quo
1011 1228 1103 1263 aer,
1146 1217 1180 1253 8<

66 1297 98 1317 „
125 1277 287 1319 ventu,
315 1278 380 1308 ant
408 1267 515 1307 aliud
574 1267 817 1318 uodcumque
845 1266 987 1305 subtile
1016 1281 1181 1321 corpus.

64 1349 96 1371 „
124 1322 305 1361 Ceterum
332 1322 373 1361 id
400 1321 451 1359 ab
479 1283 654 1357 Eciilesia
681 1318 884 1357 definitum
913 1334 1011 1368 esse,
1040 1321 1075 1357 ἃ
1096 1335 1182 1372 pro-

64 1403 97 1423 „
125 1375 212 1413 inde
239 1375 289 1412 ad
316 1372 455 1412 Fidem
512 1373 671 1409 ertinere
700 1381 864 1422 negant.
911 1372 999 1419 Qua
1029 1374 1069 1412 in
1099 1387 1182 1412 sen-

69 1454 96 1476 „
124 1427 239 1464 tentia
275 1433 359 1464 sunt
385 1423 428 1463 S.
458 1386 626 1462 ‘Ilboinas
670 1426 686 1474 (
715 1424 776 1462 De
820 1423 923 1462 malo
950 1425 1098 1471 Quaest.
1135 1427 1182 1464 de

63 1502 95 1529 5,
123 1477 382 1517 Daemonibus
395 1477 478 1515 Art.
504 1489 538 1514 ῐ.
561 1477 576 1525 )
596 1475 736 1514 sixtus
754 1475 943 1514 Senensis
965 1482 977 1527 (
996 1478 1181 1517 Biblioth.

61 1559 94 1582 „
121 1529 273 1570 Sancta
314 1529 404 1570 Lib.
435 1528 485 1568 V.
515 1530 652 1567 Adnot.
681 1529 722 1568 8.
752 1529 768 1577 )
792 1555 834 1567 ...
878 1527 1056 1567 Barihol.
1104 1531 1182 1568 Ca.-

67 1613 93 1634 „
122 1596 254 1623 ranza
273 1609 315 1623 ...
347 1582 571 1636 CitJ'etanus
601 1583 666 1634 (a)
684 1612 696 1630 ,
726 1596 770 1621 ac
801 1581 969 1620 Domin.
993 1582 1180 1622 Bannez.

65 1666 93 1688 ,‚
120 1637 274 1686 Quibus
301 1637 390 1676 addi
421 1644 541 1689 potest
569 1637 682 1675 etiam
712 1633 908 1674 Meleliior
934 1636 1061 1675 Canus
1090 1637 1180 1676 Lib.

67 1721 94 1741 „
118 1690 173 1730 V.
201 1691 249 1730 de
278 1690 389 1730 Locis
417 1689 557 1729 Theol.
586 1691 711 1742 capite
741 1690 779 1728 5.
807 1692 834 1712 “
851 1715 864 1727 .

119 1744 186 1797 39.
214 1744 272 1783 Ita
297 1753 426 1783 autem
455 1745 697 1797 prosequitur
717 1742 892 1782 laudatus
907 1741 1035 1782 Guill.
1052 1742 1179 1783 Estius

64 1797 217 1837 diceus:
245 1827 274 1847 „
301 1796 458 1837 Patrum
486 1799 736 1836 intentionem
766 1798 805 1834 in
834 1809 878 1835 eo
907 1796 1069 1835 Decreto
1088 1811 1178 1837 con-

67 1871 95 1901 „
123 1851 312 1890 stituendo
349 1863 424 1890 non
455 1851 597 1899 fuisse,
644 1859 686 1890 ut
705 1849 944 1899 definirent,
988 1851 1177 1903 quasdam

66 1929 92 1955 ,4
121 1918 199 1942 esse
225 1912 417 1944 creaturas
445 1917 550 1943 mere
576 1903 815 1956 spirituales,
845 1903 879 1941 ἀ
906 1907 1065 1943 omnino
1093 1918 1176 1943 cor-

67 1988 96 2007 „
123 1959 225 2012 poris
251 1966 449 2011 expertes,
479 1957 543 1995 sed
572 1957 644 1996 hoc
664 1966 832 2006 tantuin,
863 1957 990 1997 Deum
1012 1972 1088 1996 esse
1109 1973 1176 1998 au-

64 2042 92 2060 „
119 2020 261 2050 ctorem
278 2040 290 2059 ,
318 2010 353 2047 ἃ
382 2019 593 2050 creatorem
620 2012 796 2050 omnium
814 2041 826 2059 ,
855 2025 944 2064 quae
965 2022 1048 2050 sunt
1071 2014 1110 2051 iu
1134 2027 1175 2050 n-

61 2093 91 2113 „
120 2066 294 2113 nivet-so,
323 2073 402 2104 tam
430 2077 564 2103 eorum
581 2094 592 2113 ‚
621 2078 710 2118 quae
730 2065 908 2104 dicuntur
937 2065 1176 2118 corporalia,

63 2148 91 2168 „
118 2117 155 2156 ἃ
182 2117 380 2168 visibilia,
409 2132 528 2172 quam
556 2131 717 2168 eorum,
745 2131 834 2172 quae
864 2119 1079 2172 spiritualia
1098 2150 1108 2168 ‚
1140 2120 1174 2157 δε

63 2201 91 2221 ,,
117 2170 356 2211 invisibilia:
401 2174 481 2211 sive
510 2171 595 2211 haec
623 2185 777 2225 prorsus
806 2185 963 2224 corpore
990 2183 1174 2222 careant,

62 2254 91 2275 ,‚
118 2225 199 2264 sive
225 2224 304 2264 alia
331 2225 558 2278 generaliori
585 2228 729 2265 ratione
757 2226 973 2278 spiritualia
991 2257 1004 2275 ,
1053 2227 1087 2264 8<
1118 2228 1176 2267 in-

63 2308 92 2328 „
119 2278 291 2318 visibilia
316 2280 494 2320 dicantur
510 2307 521 2319 .
569 2280 666 2319 Haec
695 2288 823 2318 autem
851 2279 1060 2319 declaratio
1087 2294 1178 2334 pro-

63 2361 91 2382 „
119 2331 256 2382 batur,
284 2334 378 2386 quia
404 2334 555 2372 videtur
583 2333 683 2372 illud
698 2333 906 2373 Decretum
924 2334 1069 2373 factum
1087 2348 1177 2374 con-

64 2414 92 2436 „
120 2394 178 2424 tra
218 2385 397 2425 haeresim
426 2385 738 2427 Manichaeorum
781 2387 853 2426 illo
896 2396 1067 2441 tempore
1102 2400 1178 2427 non

63 2467 91 2488 „
119 2453 259 2490 parum
298 2449 557 2492 grassantem,
602 2455 691 2494 quae
722 2455 845 2479 unum
887 2455 1017 2481 rerum
1049 2442 1177 2480 Deum

65 2520 93 2540 „
122 2492 308 2542 negabant
333 2494 511 2531 omnium
539 2504 733 2532 auctorem
750 2521 761 2532 .
792 2495 839 2532 At
867 2508 958 2533 vero
986 2496 1079 2547 quia
1108 2494 1178 2534 Pa-

66 2573 93 2593 „
121 2552 192 2581 tres
221 2545 260 2581 in
287 2543 419 2581 eodem
448 2544 611 2582 Decreto
638 2546 727 2581 satis
754 2547 930 2582 videntur
947 2549 1177 2599 explicuisse

65 2625 94 2646 ‚,
124 2602 290 2634 mentem
326 2607 436 2632 snam
472 2596 519 2633 de
548 2596 728 2646 Angelis,
776 2605 960 2648 tanquam
1005 2609 1177 2637 creatura

63 2679 92 2699 „
121 2661 216 2702 pure
243 2646 455 2700 spirituali,
484 2647 575 2687 licet
604 2649 748 2701 absque
776 2650 976 2688 intentione
990 2651 1178 2689 definien-

64 2732 94 2752 „
121 2702 188 2752 di,
230 2701 321 2741 inde
356 2710 437 2752 est,
484 2701 588 2754 quod
615 2711 758 2741 temere
796 2702 966 2742 facturus
993 2705 1065 2752 sit,
1109 2707 1179 2757 qui

67 2887 128 2924 vis‘
147 2897 292 2924 conatus
317 2898 369 2925 est
401 2899 562 2926 veterum
594 2902 715 2926 eornm
752 2888 951 2937 opinionem
988 2892 1181 2936 suscitare,

66 2935 127 2981 qui
152 2936 293 2982 Angelis
323 2949 469 2984 corpora
494 2939 719 2973 tribuebant.
761 2938 928 2972 Eundem
970 2942 1180 2976 sententiam

67 2981 247 3028 adoptavit
266 2983 473 3030 Radnlphus
491 2984 724 3019 Cudwortlius
751 2985 784 3017 in
807 2985 966 3030 sss-tem.
992 2989 1105 3020 υηιηιὶἱ
1126 2993 1181 3021 in-

67 3030 259 3063 teileciuaii·
284 3041 361 3075 cap.
388 3031 431 3065 V.
457 3041 541 3066 sect.
562 3033 594 3064 3.
621 3035 653 3075 §-
675 3033 756 3072 38„
783 3033 813 3063 ὃ(
839 3043 911 3076 seq.
938 3033 1177 3068 Celebriorem

67 3084 150 3107 vero
171 3075 268 3108 illam
294 3075 444 3110 reddidit
470 3079 524 3110 Jo.
551 3079 772 3112 Christianus
801 3079 962 3113 Loersius
990 3081 1023 3112 in
1044 3081 1179 3113 Acade-

67 3119 138 3152 mia
162 3119 438 3168 Teutoburgensi
467 3124 592 3158 Theoi.
627 3125 798 3170 professor
833 3124 925 3159 edita
967 3125 1106 3160 ‹lissei-t.
1134 3129 1177 3160 de

68 3166 276 3209 Angelorum
299 3172 495 3213 corporibus
519 3183 611 3205 anno
639 3183 743 3215 ¹7¹9·
780 3171 971 3217 Duisburgi
988 3196 997 3204 .
1043 3173 1177 3207 LoerSii

69 3213 286 3255 argumentis
320 3226 392 3248 sese
429 3227 664 3262 opposuerunt
704 3218 822 3263 steph.
859 3218 962 3251 Vitns
1001 3221 1176 3263 professor

68 3257 275 3291 casselanus
303 3260 336 3292 in
358 3261 618 3297 Schediasmate
646 3265 777 3297 inserto
796 3264 898 3297 Tom.
917 3265 979 3298 Vl.
1006 3265 1175 3299 Biblioth-

66 3302 263 3337 Bremensis
291 3306 385 3338 Part.
414 3309 492 3350 ttt.;
520 3311 625 3344 Laur.
645 3310 860 3344 Moshemins
886 3313 921 3344 in
947 3314 1038 3345 notis
1066 3312 1105 3344 acl
1128 3314 1177 3345 lo—

70 3361 149 3382 cum
176 3350 356 3384 laudatum
382 3351 606 3397 Cudvortlii,
631 3359 663 3389 &
688 3359 732 3391 cl.
759 3356 833 3390 Ode
860 3359 1034 3402 professor
1050 3358 1176 3402 'I'raje-

69 3396 182 3430 ctinus
208 3397 244 3430 in
269 3398 451 3434 Comment-
478 3402 520 3434 zie
537 3403 687 3447 Angelis
704 3426 711 3434 .
741 3404 820 3439 Non
844 3402 1029 3439 defuerunt
1059 3413 1174 3438 tamen

2287 200 2308 238 7

1249 281 1282 302 -„
1311 264 1392 306 post
1423 254 1516 292 illud
1547 256 1739 294 decretum
1770 273 1879 297 :uisus
1902 259 2013 297 suerit
2033 259 2142 298 aliter
2162 261 2287 300 dicere
2312 268 2359 303 “.

1253 307 1382 345 Etiam
1413 307 1606 347 Melcliior
1642 311 1768 348 Canus
1800 312 1885 350 Lib.
1918 314 2004 351 ΧΗ.
2047 314 2096 352 (le
2124 315 2196 352 loc.
2231 316 2362 356 Theoi.

1253 363 1370 413 capit.
1407 375 1465 399 ιο.
1506 363 1602 400 inter
1632 364 1806 415 exemplu
1839 369 2102 417 propositionis
2130 376 2362 409 temeraria:

1255 413 1339 453 liaec
1369 416 1549 466 ponitur,
1582 416 1768 468 Angelum
1798 432 1872 456 non
1902 436 1978 458 vase
1998 422 2111 459 simul
2142 435 2229 460 cuin
2253 438 2364 462 niun-

1251 467 1300 505 do
1328 477 1496 506 creatum
1516 498 1526 517 ,
1563 478 1627 507 aut
1655 482 1730 508 non
1762 485 1838 509 esse
1868 474 2156 525 incorporeum,
2200 479 2292 527 quia
2322 492 2363 514 u-

1254 525 1424 571 triusque
1454 525 1510 560 rei·
1539 527 1788 561 contrarium
1821 524 2037 565 Concilium
2067 527 2265 567 Litteran.
2295 532 2363 569 ,sub

1254 572 1447 612 Innocen.
1475 574 1550 613 III.
1580 589 1651 614 rios
1680 576 1834 615 (locuit.
1877 581 2030 618 C·>usul.
2062 582 2159 620 Lud.
2190 581 2364 621 Murato-

1247 630 1329 666 rius
1368 628 1443 667 sub
1485 630 1641 667 nomine
1671 630 1852 668 Lamindi
1883 631 2040 672 Pritauii
2085 634 2150 673 De
2190 640 2365 683 ingenio-

1251 695 1341 719 rum
1385 681 1659 722 moderatione
1702 688 1743 721 in
1784 685 1984 737 religionis
2021 693 2177 742 negotio
2214 685 2301 729 L‘ib.
2333 693 2364 730 l.

1247 749 1335 788 cap.
1369 735 1432 774 13.

1304 789 1370 835 4ο.
1398 788 1495 828 Sunt
1515 790 1628 828 etiam
1659 791 1838 843 quaelam
1857 794 2036 841 rationes,
2067 809 2155 846 quae
2178 796 2362 846 suadent,

1249 839 1415 893 Angelos
1443 857 1520 881 esse
1547 845 1814 896 incorporeos.
1845 845 1972 885 Prima
1987 849 2196 887 desumitur
2217 863 2260 887 ex
2277 866 2364 904 cap.

1248 894 1354 934 Vlll.
1385 895 1571 947 Evangel.
1600 897 1642 936 S.
1672 898 1811 948 Lucae,
1844 899 1908 937 ubi
1932 901 2103 940 Christus
2132 903 2224 941 dicit
2245 918 2365 955 expu-

1246 947 1334 986 lisse
1363 963 1385 987 a
1413 952 1581 1002 quodam
1599 953 1681 990 viro
1697 949 1916 1004 Legionem
1936 955 2215 994 daemoniorum
2236 984 2245 995 .
2276 957 2366 995 Pro-

1248 1003 1347 1041 fecto
1376 1005 1407 1041 si
1435 1003 1627 1043 daemones
1649 1004 1833 1044 habereut
1852 1020 2032 1061 corpora,
2063 1010 2288 1049 incredibile
2310 1013 2367 1049 vi-

1248 1056 1378 1104 detur,
1409 1060 1575 1109 potuisse
1605 1068 1748 1098 tantam
1779 1073 1909 1099 eorum
1941 1062 2094 1101 turbam
2124 1064 2164 1101 in
2195 1078 2271 1104 uno
2300 1064 2367 1103 lio-

1249 1112 1352 1149 mine
1382 1110 1581 1150 habitare.
1622 1112 1809 1152 Praeterea
1841 1128 1907 1152 nec
1937 1117 2086 1167 concipi
2118 1126 2235 1168 potest
2264 1119 2367 1157 citis—

1249 1165 1369 1202 simus
1400 1164 1465 1203 ille
1495 1175 1643 1213 motus,
1686 1170 1752 1220 qui
1787 1167 1940 1219 Angelis
1977 1169 2097 1206 tribui
2127 1169 2242 1218 solet,
2292 1173 2367 1210 nisi

1250 1227 1434 1269 ponatur,
1465 1233 1524 1257 eos
1554 1234 1631 1258 esse
1662 1222 1924 1273 incorporeos.
1955 1220 2124 1260 Demum
2146 1225 2258 1261 etiam
2280 1225 2367 1276 pul-

1249 1270 1425 1309 chritudo
1457 1272 1635 1311 Universi
1666 1276 1816 1326 exigere
1842 1275 2017 1322 videtur,
2051 1285 2088 1313 ut
2117 1279 2369 1328 quemadmo-

1250 1323 1344 1360 dum
1376 1326 1414 1362 in
1443 1339 1486 1363 eo
1513 1336 1599 1364 sunt
1637 1340 1796 1378 corpora
1824 1329 1906 1366 sine
1949 1330 2083 1380 spiritu
2102 1359 2114 1377 ‚
2157 1340 2246 1368 sunt
2276 1332 2370 1370 item

1250 1377 1407 1424 spiritus
1438 1380 1534 1416 uniti
1564 1381 1816 1430 corporibus,
1847 1382 1898 1419 ita
1928 1396 2081 1434 quoqne
2110 1384 2183 1421 sint
2213 1385 2367 1436 spiritus

1251 1428 1301 1465 ab
1329 1430 1431 1467 omui
1462 1444 1620 1483 corpore
1651 1436 1808 1480 secreti,
1845 1436 2175 1484 quemadmodum
2206 1438 2367 1490 'Angelos

1251 1494 1327 1518 esse
1357 1483 1521 1521 dicimus
1537 1511 1548 1521 .
1579 1484 1668 1523 Vid.
1687 1484 1727 1523 S.
1752 1485 1920 1525 Thomas
1942 1488 1972 1525 l.
1994 1486 2035 1525 P.
2057 1502 2123 1540 qu.
2148 1490 2211 1527 51.
2241 1501 2313 1530 art.
2336 1493 2364 1529 l.

1305 1533 1370 1578 41.
1401 1535 1494 1579 Obi.
1531 1550 1564 1574 r.
1593 1552 1639 1575 ex
1669 1540 1785 1576 sacris
1815 1539 1990 1578 Litteris.
2020 1542 2120 1579 Gen.
2145 1542 2209 1581 VI.
2244 1558 2278 1582 2.
2309 1545 2366 1583 di—

1249 1586 1372 1623 citur:
1423 1586 1613 1627 Videntes
1631 1590 1714 1641 fil'i'i
1745 1591 1958 1644 Deijiliiic
1990 1593 2221 1643 hommum,
2265 1600 2367 1639 quoi

1248 1648 1380 1677 essent
1407 1640 1582 1688 pulchrae
1598 1672 1608 1689 ‚
1639 1655 1880 1693 acceperunt
1901 1646 1969 1683 si'n‘
1991 1660 2136 1686 uxores
2166 1663 2217 1687 ex
2238 1645 2367 1689 smmi-

1248 1691 1338 1741 bus,
1368 1706 1469 1742 quas
1498 1695 1726 1748 elegerunt.
1771 1695 1842 1735 Pro
1859 1697 1964 1749 filiis
1994 1709 2120 1738 autem
2147 1702 2228 1739 Dei
2259 1707 2366 1743 iutel-

1250 1744 1320 1797 ligi
1353 1747 1523 1800 Angelos
1552 1749 1665 1801 prob.
1697 1751 1824 1802 primo
1854 1765 1898 1789 ex
1930 1754 2100 1790 versione
2130 1759 2363 1807 septuaginta

1245 1799 1359 1838 virali
1377 1830 1388 1848 ,
1420 1802 1488 1840 ubi
1517 1804 1692 1855 ponitur:
1723 1803 1897 1842 ridentes
1921 1806 2061 1858 Angeli
2090 1806 2162 1846 διο.
2192 1808 2369 1849 Secundi

1245 1854 1338 1904 quia
1369 1855 1420 1892 ita
1449 1857 1564 1894 etiam
1595 1857 1747 1908 ponitur
1793 1859 1830 1895 in
1861 1859 1979 1897 Libro
2010 1858 2199 1910 Henoc'z,
2244 1866 2298 1901 uti
2328 1866 2368 1904 S.

1245 1907 1479 1958 Augustinus
1507 1909 1622 1948 refert
1645 1909 1732 1948 Lib.
1756 1909 1850 1950 XV.
1882 1912 1929 1950 <le
1954 1912 2064 1951 Ciuis.
2086 1913 2164 1952 Dei
2192 1930 2280 1969 cap.
2303 1919 2367 1958 23.

1244 1959 1378 1998 Tertio
1407 1964 1500 2014 quia
1529 1965 1654 2016 reipsa
1682 1966 1724 2002 in
1755 1978 1798 2001 eo
1828 1965 1910 2003 loco
1938 1967 2104 2005 describi
2128 1972 2368 2010 commixtio-

1242 2027 1333 2052 nem
1366 2015 1602 2066 Angelorum
1643 2031 1733 2056 cuin
1764 2018 1922 2058 filiabus
1965 2020 2166 2060 hominum
2208 2023 2367 2075 plurimi

1246 2069 1395 2120 antiqui
1427 2070 1553 2108 Patres
1582 2080 1839 2121 censuerunt,
1885 2084 1923 2110 ut
1953 2074 2081 2112 Sanct.
2110 2075 2282 2115 Justiuus
2325 2083 2361 2116 in

1244 2122 1359 2168 Apol.
1390 2122 1449 2171 L,
1493 2123 1670 2164 Clemens
1700 2124 1812 2163 Alex.
1857 2125 1946 2165 Lib.
1977 2127 2046 2165 111..
2089 2127 2337 2170 Siromdltim
2356 2164 2366 2179 ,

1245 2173 1512 2215 Tertullianus
1549 2177 1599 2216 de
1642 2177 1869 2216 idololatria
1899 2193 1985 2232 cap.
2014 2193 2083 2233 9.‚
2130 2182 2172 2220 S.
2204 2185 2367 2223 Ambro-

1244 2230 1322 2266 sius
1351 2228 1400 2267 ‹le
1430 2231 1539 2268 Arm
1559 2229 1651 2270 i'Voe
1680 2245 1768 2284 cap.
1784 2232 1846 2280 4.,
1876 2232 2067 2284 Sulpitius
2097 2235 2259 2275 Severus
2278 2239 2366 2278 Lib.

1244 2282 1278 2319 Ι.
1307 2280 1460 2322 Hister.
1490 2283 1659 2333 Sacrae,
1690 2285 1908 2325 Lactantius
1938 2287 2028 2326 Lib.
2060 2286 2108 2326 ΙΙ.
2138 2288 2273 2330 Diem.
2303 2291 2368 2330 Ιη-

1246 2340 1327 2374 scit.
1357 2351 1443 2389 cap.
1479 2339 1570 2387 15„
1614 2339 1648 2375 &
1678 2348 1764 2377 ante
1808 2339 1873 2378 lios
1913 2353 2046 2380 omnes
2078 2341 2236 2383 Flavius
2265 2345 2368 2385 Jose-

1245 2389 1346 2442 plius
1378 2391 1467 2430 Lib.
1498 2392 1528 2430 l.
1560 2393 1696 2443 Antiq.
1724 2392 1884 2432 Judaic.
1914 2408 2000 2448 cap.
2023 2396 2062 2441 4.
2091 2396 2238 2445 Quarto
2258 2400 2294 2437 id
2315 2411 2369 2439 et-

1246 2445 1323 2481 iam
1359 2454 1458 2497 patet
1488 2458 1531 2483 ex
1563 2456 1767 2493 contextu3
1798 2448 1941 2486 dicitur
1971 2451 2075 2488 enim
2105 2464 2151 2489 ex
2178 2455 2366 2493 commix-

1246 2498 1346 2536 tione
1391 2498 1563 2538 stliorum
1594 2500 1669 2538 Dei
1698 2514 1787 2538 cum
1825 2500 1982 2540 filiabus
2026 2502 2228 2543 hominum
2270 2517 2369 2545 ortos

1246 2564 1321 2588 esse
1351 2553 1542 2603 gigantes;
1572 2554 1674 2605 quod
1703 2563 1802 2592 certe
1823 2555 1870 2592 de
1900 2556 2065 2595 naturali
2095 2561 2366 2597 commixtione

1247 2602 1446 2641 hominum
1479 2607 1572 2642 inter
1600 2621 1638 2643 se
1668 2607 1855 2654 explicari
1898 2621 1972 2645 non
2003 2619 2147 2659 potest.
2193 2611 2364 2650 Demmn

1248 2654 1383 2701 Ange-li
1415 2659 1567 2706 proprie
1598 2656 1684 2693 Filii
1703 2657 1783 2694 Dei
1814 2671 2110 2709 nuncupantur,
2141 2664 2233 2712 quia
2263 2679 2283 2702 a
2305 2679 2363 2702 so-

1246 2707 1284 2744 lo
1313 2707 1396 2747 Deo
1424 2710 1610 2760 originem
1639 2723 1748 2748 suam
1777 2711 1999 2750 immediate
2020 2711 2174 2753 trabunt
2191 2741 2203 2753 .
2230 2716 2273 2755 Si
2295 2733 2363 2756 au-

2233 2779 2315 2811 lem

1251 2892 1383 2929 Loersii
1411 2896 1573 2942 patroni,
1601 2908 1639 2930 nc
1660 2907 1731 2930 non
1760 2896 1807 2930 ita
1834 2893 1970 2942 pridem
1996 2896 2071 2942 ejus
2086 2902 2266 2935 sententia²
2286 2904 2364 2938 vin-

1249 2940 1357 2975 dicias
1385 2944 1535 2987 suscepit
1566 2943 1684 2975 ΓΘΗ-νς
1712 2943 1860 2977 Janssen
1885 2944 2160 2990 Duisbnrgensis
2188 2952 2362 2993 professor

1249 2988 1339 3021 edita
1367 2988 1472 3029 diss,
1500 2990 1553 3022 cui
1583 2989 1705 3021 titulus
1732 3001 1874 3033 corpora
1892 2990 2104 3035 Angelorum
2130 2998 2193 3028 ἃς.
2223 2996 2365 3041 Lugdu-

1247 3036 1279 3067 ni
1308 3036 1519 3069 batavorum
1551 3036 1652 3076 1707.
1681 3035 1716 3066 in
1744 3036 1804 3076 8.‚
1846 3037 1881 3070 in
1908 3047 1976 3082 qua
2005 3048 2121 3072 tamen
2157 3044 2293 3076 nonnisi
2321 3043 2362 3078 ile

1246 3091 1320 3125 esp.
1351 3084 1433 3115 XX.
1461 3084 1494 3113 S.
1525 3082 1624 3113 Luem.
1650 3081 1823 3116 sollicitus
1849 3091 1901 3116 est
1921 3106 1932 3123 ,
1966 3097 2006 3118 ex
2034 3097 2104 3129 qno
2128 3088 2229 3131 plura
2257 3100 2362 3134 argu-

1244 3139 1361 3161 menta
1387 3130 1529 3160 omnino
1556 3127 1685 3160 invicta
1713 3126 1755 3160 ad
1793 3128 2005 3164 adstruenda
2032 3134 2246 3177 Angelorum
2284 3149 2361 3170 cor-

1245 3185 1329 3219 pora
1357 3187 1390 3207 se
1418 3174 1547 3205 eruisse
1576 3173 1670 3206 inani
1694 3173 1887 3217 jactatione
1914 3177 2115 3221 gloriatur.¹

1292 3227 1336 3257 (ii)
1369 3219 1558 3263 Cajetanns
1585 3219 1620 3252 in
1647 3221 1844 3255 Coinment.
1872 3222 1915 3256 ad
1942 3235 2021 3269 cap.
2043 3226 2084 3258 ll.
2113 3224 2225 3270 Epist.
2253 3227 2293 3262 ad
2313 3226 2362 3263 E-

1244 3264 1340 3308 plies.
1369 3274 1466 3310 putat
1482 3287 1493 3305 ‚
1519 3264 1711 3300 ‹laemonem
1738 3269 1846 3301 fuisse
1865 3270 2079 3315 appellatum
2102 3277 2292 3318 principem
2311 3284 2361 3308 te-

1244 3314 1415 3346 nebrarum
1439 3334 1449 3351 ,
1491 3316 1533 3345 O·
1559 3318 1677 3353 aeris,
1712 3314 1794 3358 qnia
1823 3327 1948 3360 corpus
1974 3316 2077 3351 habet
2105 3331 2146 3352 ex
2172 3322 2357 3355 summo-³

1246 3370 1324 3391 aere
1351 3359 1562 3392 conflatum.
1593 3362 1629 3392 ln
1654 3359 1775 3393 eadem
1804 3364 1975 3396 sententia
2005 3363 2070 3397 fuit
2097 3366 2265 3399 steuchus
2287 3367 2361 3399 Eu-

1242 3406 1394 3448 gubinus
1423 3405 1458 3439 in
1486 3405 1563 3439 Lib.
1591 3407 1668 3441 vil.
1695 3405 1751 3440 De
1776 3414 1917 3453 perenni
1943 3410 2164 3455 philosophia
2200 3423 2275 3456 cns.
2303 3423 2359 3457 27.
