2583 3685
244 145 307 198 ‚95

191 248 218 269 „
248 230 318 258 ster
361 217 502 269 pepigit
532 213 734 253 nobiscum
778 213 901 253 soedus
931 218 968 254 in
1000 217 1154 256 Horeb.
1211 218 1294 255 Non

192 303 219 322 „
248 286 334 310 cum
367 268 536 320 patribus
577 270 707 304 nostris
737 268 824 304 iniit
867 278 1017 320 pactum
1036 299 1046 317 ,
1094 271 1156 308 sed
1186 270 1295 308 nobi·

192 355 216 375 „
248 336 372 368 setun,
394 321 516 372 quiin
536 321 823 370 praesentiarum
841 334 989 369 sumus,
1013 322 1044 358 8(
1061 324 1292 361 vivimus-...-

188 406 214 425 „
245 375 411 411 Observa
452 372 553 411 diem
582 373 755 421 sabbati,
805 381 845 410 ut
874 374 1085 419 sanctifices
1127 390 1214 414 eum

187 457 215 477 „
244 426 319 464 Sex
348 425 482 464 diebus
509 425 726 477 operaberis
744 456 754 474 ,
803 425 835 462 8(
866 427 982 464 facies
1022 430 1151 466 omnia
1179 442 1294 481 opera

184 511 211 530 „
245 489 335 518 tua.
378 479 575 530 'Septimus
603 480 680 517 dies
709 478 857 518 sabbati
886 489 967 528 est,
1010 481 1102 518 idest
1144 484 1293 533 requies

192 564 216 583 e>
248 534 406 571 Domini
437 531 511 569 Dei
541 533 623 571 tui.
680 533 764 572 ‹Xon
795 533 910 572 facies
939 534 979 571 in
1010 547 1052 570 eo
1080 533 1292 586 quidquam

185 617 212 637 ,ξ
242 587 365 637 operis
391 594 453 632 tu,
503 583 535 620 ἃ
558 585 667 623 >filius
697 595 808 634 tuus,
857 586 890 622 8(
920 585 1024 627 fitia.
1072 600 1228 635 servus,
1259 589 1292 624 &

188 669 213 689 „
244 638 411 686 ancilla,
441 638 475 674 8(
505 638 592 686 bos,
623 638 655 674 8(
687 642 840 687 asinus,
873 639 905 674 8(
934 653 1047 676 omne
1076 638 1293 689 jumentum

187 722 213 742 „
243 701 349 729 tuum
370 721 380 739 ,
412 691 444 727 8(
466 692 712 743 peregrinus,
742 694 810 745 qui
841 701 891 730 est
921 694 1020 730 intra
1050 701 1176 744 portas
1192 702 1293 741 tuas,

186 776 213 794 „
243 755 281 783 ut
312 746 520 798 requiescat
545 758 677 783 *servus
707 759 817 793 tuus,
848 744 881 781 8(
910 744 1052 783 ancilla
1081 754 1141 782 tua
1160 775 1170 792 ,
1201 748 1296 784 sicut

187 829 212 848 „
243 802 324 835 tu“
343 825 353 836 .
384 798 464 836 Non
495 810 583 849 crgo
612 807 688 836 erat
718 797 788 836 hoe
818 807 1056 850 praeceptum
1088 808 1213 846 vetus,
1262 799 1296 835 St

186 851 422 903 postliminio
448 859 666 889 revocatum
683 881 694 900 ,
725 852 788 889 sed
809 864 949 890 novum
980 851 1156 889 Israelitis
1171 853 1210 890 in
1230 865 1295 890 no-

185 917 232 943 vo
260 906 403 943 foedere
446 905 695 956 impositum3
741 903 874 943 saltem
917 913 1101 957 quatenus
1144 906 1297 958 respicit

184 960 366 1011 temporis
394 958 747 996 determinationem
765 988 775 1007 ,
826 967 1020 1012 certasque
1051 958 1150 1010 leges
1168 988 1178 1007 ,
1209 959 1296 1010 qui-

183 1011 260 1049 bus
290 1011 373 1050 baec
402 1012 483 1049 dies
512 1010 727 1049 solemniter
755 1010 943 1050 celebrari
972 1012 1159 1049 debebat.

240 1064 330 1104 262.
362 1065 464 1103 Hinc
494 1065 608 1103 etiam
630 1065 775 1102 Levitae
807 1066 845 1103 in
875 1064 943 1102 illa
974 1064 1138 1112 humili,
1169 1063 1201 1099 8(
1232 1063 1296 1100 de-

185 1127 268 1156 vota
283 1121 477 1166 oratione,
509 1126 622 1169 atque
638 1127 880 1170 peccatorum
896 1114 1147 1164 confessione,
1177 1129 1295 1168 quam

184 1185 314 1209 coram
358 1170 604 1223 Principibus
649 1171 779 1223 populi
813 1170 977 1208 Domino
1006 1171 1176 1208 fecerunt
1206 1169 1295 1205 Lib.

182 1225 231 1262 ll.
263 1225 394 1263 Esdrffi
424 1238 508 1276 cap.
530 1237 596 1276 9.,
627 1223 686 1261 illi
716 1224 896 1262 dicebant
926 1236 1021 1261 vers.
1049 1223 1107 1268 14.
1146 1219 1295 1258 Sabba-

184 1286 269 1314 tum
298 1277 603 1330 sanctificatum
631 1276 836 1314 ostendisti
863 1279 919 1313 eis
941 1305 951 1323 ,
981 1277 1030 1314 (θ’
1059 1273 1261 1311 mandata
1281 1303 1293 1320 ,

184 1331 233 1371 ’ἴεν
262 1334 555 1377 caeremonias,
585 1329 634 1368 ὠ
654 1329 783 1379 legem
813 1330 1033 1378 praecepisti
1062 1330 1118 1364 eis
1146 1330 1187 1363 in
1206 1339 1294 1364 ma-

182 1396 235 1420 nu
255 1383 396 1434 llffoysi
425 1386 522 1419 servi
550 1385 632 1419 tui.
662 1381 762 1428 Quae
784 1380 923 1418 locutio
952 1382 1160 1432 supponit,
1189 1392 1294 1416 com-

181 1449 340 1473 munem
369 1436 486 1473 fuisse
515 1434 615 1487 apud
647 1433 831 1471 Hebraeos
860 1434 1080 1486 opinionem
1100 1463 1110 1480 ,
1155 1447 1297 1485 praece-

182 1497 289 1542 ptum
322 1488 584 1527 sanctificandi
615 1487 817 1525 sabbatum
841 1500 916 1525 una
946 1500 1036 1525 cum
1065 1486 1150 1524 aliis
1180 1499 1298 1523 caere-

179 1541 413 1580 monialibus
444 1555 520 1580 esse
549 1556 571 1578 a
600 1541 737 1592 Moyse
767 1539 1040 1593 repetendum.
1075 1539 1189 1586 Quod
1218 1538 1298 1576 cla-

182 1598 262 1633 rius
291 1597 473 1648 expressit
500 1592 687 1646 Propheta
717 1592 895 1630 Ezechiel
925 1606 1010 1644 cap.
1032 1591 1124 1629 XX.
1161 1605 1220 1628 io.
1264 1591 1299 1626 8<

180 1662 258 1700 seq.
287 1662 351 1686 ore
383 1649 540 1687 Domini
567 1649 613 1684 de
634 1645 813 1684 Israelitis
841 1646 992 1683 dicens:
1023 1643 1141 1696 Ejeci
1169 1657 1234 1681 eos
1250 1643 1297 1682 de

180 1711 289 1739 terra
318 1701 491 1752 AEg'spll'
510 1729 523 1754 2
572 1699 622 1739 <9⁰
651 1698 771 1736 eduxi·
800 1711 867 1735 eos
897 1702 937 1734 in
979 1697 1200 1746 desertum,
1247 1697 1297 1737 ὅ)

182 1753 271 1791 dede·
292 1758 347 1792 eis
364 1745 564 1804 pfaecepta
580 1764 674 1789 mea
761 1751 980 1799 insuper&
1010 1750 1180 1788 sabbata
1203 1764 1297 1788 mea

187 1805 277 1846 dede·
307 1811 363 1844 eis
391 1806 477 1847 &a
506 1819 646 1858 nempe
672 1818 744 1856 -per
772 1804 948 1856 Moysem
980 1805 1020 1842 in
1051 1805 1215 1843 deserto-

240 1860 331 1899 265.
362 1859 626 1911 Suffragantur
647 1857 737 1895 liu-ic
767 1858 957 1895 sententiae
989 1859 1103 1896 etiam
1135 1857 1297 1896 nonnul-

181 1915 209 1951 li
242 1914 358 1952 sancti
391 1912 544 1960 Patres,
581 1925 745 1964 quorum
780 1925 898 1949 unum
929 1910 1084 1949 laudare
1113 1912 1196 1949 satis
1228 1912 1299 1948 erit

185 1966 230 2004 S.
259 1965 455 2018 Cyrillum
478 1964 780 2003 Alexandrinum
797 1994 808 2013 ,
838 1966 904 2016 qui
926 1964 1040 2002 Hom.
1060 1964 1127 2002 Vl.
1157 1964 1204 2002 de
1225 1963 1297 2002 Fe-

183 2023 252 2058 stis
285 2018 540 2056 Paschalibus
570 2027 768 2070 postquam
799 2026 1044 2056 memorasset
1089 2017 1296 2056 solemnem

179 2072 289 2111 illam
320 2072 392 2110 Dei
423 2071 719 2124 prohibitionem
763 2071 903 2109 factam
933 2070 1109 2109 Hebraeis
1137 2072 1294 2109 Denter.

178 2125 250 2164 «IV.
281 2140 325 2165 ne
345 2124 461 2163 solem
479 2155 490 2174 ,
520 2125 677 2174 lunam,
707 2123 741 2160 8(
763 2133 860 2162 astra
877 2124 1101 2173 adorarent,
1138 2126 1184 2162 ita
1205 2124 1295 2161 sub⁴

179 2180 256 2218 dit:
289 2209 314 2228 >⁷
343 2179 416 2217 Sed
446 2174 535 2217 cuin
554 2188 740 2230 praeterea
768 2187 868 2216 certo
897 2177 1030 2230 aliquo
1049 2191 1093 2214 ex
1126 2179 1216 2230 ipsis
1238 2192 1295 2215 re-

182 2261 209 2281 „
238 2232 309 2269 bus
337 2233 453 2283 petito
482 2231 626 2270 indicio
653 2245 749 2283 opus
791 2238 910 2278 esset,
959 2245 1036 2284 quo
1065 2233 1171 2269 fateri
1202 2244 1296 2283 quo-

183 2314 212 2334 „
241 2285 445 2323 dammodo
486 2283 547 2322 vel
592 2285 702 2322 inviti
746 2293 990 2336 cogerentur,
1039 2283 1073 2320 8(
1101 2284 1245 2322 coelnm
1275 2298 1297 2321 a

180 2367 210 2387 „
239 2344 305 2375 suo
332 2338 524 2376 conditore
553 2337 718 2384 factum,
750 2336 783 2372 8(
813 2336 982 2388 ejusdem
1011 2351 1126 2390 opera
1156 2337 1295 2387 solem,

182 2420 209 2440 ς,
240 2390 394 2440 lunam,
439 2399 567 2438 astra,
597 2389 800 2437 tellurem,
845 2389 1015 2443 aliasque
1045 2404 1100 2428 res
1129 2403 1261 2429 omnes
1284 2420 1295 2439 ,

183 2474 209 2494 a>
241 2454 278 2482 ut
301 2453 454 2492 essent,
484 2445 701 2495 accepisse,
747 2456 810 2480 eos
839 2442 1032 2495 Opificem
1064 2458 1175 2481 suum
1206 2445 1294 2482 imi-

182 2527 209 2547 „
239 2500 307 2536 tari
336 2497 470 2549 jubet,
519 2496 677 2549 vultque
705 2510 774 2548 per
816 2496 1016 2534 sabbatum
1059 2498 1294 2549 quiescentes

239 2551 448 2588 festivitatis
474 2563 633 2595 caueam
663 2562 914 2600 cognoscere3
943 2554 1127 2600 requievit
1157 2554 1265 2586 enim
1282 2579 1292 2597 ,

239 2605 391 2654 inquit,
422 2602 532 2640 Deus
553 2601 616 2640 die
644 2606 810 2653 septimo
839 2601 889 2640 ab
909 2601 1088 2640 omnibus
1119 2602 1293 2652 operibus

179 2686 206 2706 „
236 2661 314 2694 suis
332 2683 372 2695 ...
431 2656 555 2707 Atque
583 2669 658 2693 una
686 2654 843 2707 quidem
875 2655 960 2693 haec
990 2657 1085 2693 ratio
1129 2665 1179 2694 est
1208 2656 1293 2694 sab-

185 2738 213 2756 „
243 2711 330 2748 bato
361 2709 513 2748 indictae
555 2710 736 2761 requietis
751 2711 804 2746 “.
860 2709 901 2747 S.
922 2708 1071 2760 *Cyritti
1109 2711 1203 2746 ratio
1228 2710 1295 2747 de-

180 2773 328 2814 sumpta
370 2772 422 2801 est
459 2777 478 2801 e
507 2762 638 2801 multis
665 2761 877 2812 Scriptura-3
915 2775 1039 2798 ..sacrae
1087 2761 1181 2799 locis
1203 2790 1212 2808 ‚
1252 2763 1294 2799 in

181 2815 320 2866 quibus
350 2825 584 2868 praeceptum
614 2814 875 2854 sanctificandi
904 2813 1106 2852 sabbatum
1136 2813 1294 2863 conjun-

183 2869 282 2915 gitur
311 2882 399 2907 cum
427 2869 687 2921 prohibitione
715 2866 866 2906 colendi
896 2865 1024 2912 idola3
1064 2875 1102 2902 ut
1131 2865 1295 2903 Levitici

186 2918 296 2956 XIX.
328 2920 363 2957 3.
394 2935 470 2973 seq.
499 2921 678 2960 Sabbata
707 2933 802 2959 mea
828 2918 1018 2957 custodite
1036 2945 1044 2956 .
1093 2917 1184 2970 Ego
1213 2917 1296 2955 Do-

186 2975 317 3009 minus
335 2971 443 3010 Deus
474 2983 622 3011 vester:
651 2973 785 3012 Nolite
805 2976 974 3010 converti
1003 2971 1058 3009 asl
1088 2971 1194 3008 idola
1224 2970 1293 3008 &c-

185 3026 266 3062 Ore
295 3033 423 3062 autem
453 3025 663 3064 Ezechielis
692 3041 792 3078 saepe
821 3026 925 3065 Deus
953 3024 1140 3064 israelitas
1168 3024 1295 3061 redar-

188 3080 300 3130 guit,
348 3077 447 3130 quod
477 3077 631 3116 sabbata
662 3093 734 3116 non
763 3080 1034 3128 custodierint,
1082 3086 1162 3129 post
1193 3076 1294 3115 idola

187 3131 364 3170 abeuntes
383 3157 392 3168 .
423 3130 513 3168 Vid.
543 3145 627 3183 cap.
649 3132 740 3171 XX.
776 3133 858 3181 16„
888 3132 1036 3171 XXIII.
1069 3131 1132 3176 24.
1162 3130 1196 3165 8(
1215 3143 1293 3218 seq.

242 3184 333 3229 264.
365 3183 461 3221 Hinc
491 3184 605 3222 etiam
635 3194 713 3234 est,
754 3186 855 3237 quod
885 3194 968 3224 ante
998 3185 1175 3237 Moysem
1211 3197 1259 3221 nu
1280 3205 1294 3212 ·

185 3239 247 3276 lus
288 3244 460 3277 veterum
489 3235 794 3275 Patriarcbarum
837 3237 1038 3277 sabbatum
1080 3237 1295 3276 observasse

185 3291 350 3342 legitur.
394 3289 506 3337 Quod
535 3298 798 3341 argumentum
829 3291 895 3327 etsi
924 3291 1172 3343 negativum,
1215 3303 1295 3326 ma-

184 3358 300 3397 guam
330 3352 456 3383 tamen
487 3343 567 3382 vim
596 3341 735 3387 habet3
765 3343 856 3394 quia
877 3343 1114 3395 impossibile
1142 3355 1296 3396 prorsus

178 2580 208 2600 2¹>

180 2633 206 2652 52

925 137 1327 182 DISSERTATIO
1359 137 1416 181 ΙΙ.
1465 135 1594 180 cAP.
1628 137 1748 181 vm.

1362 217 1534 263 videtur,
1578 225 1652 252 tam
1684 215 1793 266 longo
1822 217 2000 268 temporis
2043 216 2268 266 intervallo,
2314 216 2415 270 quod
2446 231 2470 256 a.

1362 270 1551 308 creatione
1581 267 1712 305 mundi
1744 281 1860 319 usque
1889 270 1935 306 ad
1956 269 2130 321 Moysen]
2161 270 2351 318 decurrit,
2381 269 2467 308 nul-

1362 324 1440 362 lam
1470 335 1620 374 prorsus
1650 319 1763 371 hujus
1791 321 2042 361 observantiae
2065 324 2290 360 mentionem
2320 324 2469 362 inveni·

1362 379 1422 425 ri,
1452 378 1482 413 si
1513 390 1555 412 ea
1585 373 1686 426 apud
1716 373 1901 425 populum
1933 375 2006 412 Dei
2036 377 2073 412 in
2104 389 2170 413 usu
2201 377 2330 414 fuisset
2349 402 2359 414 .

1418 429 1507 468 265.
1539 430 1618 466 lmo
1649 425 1769 477 aliqui
1787 428 1904 464 sancti
1922 426 2045 464 Patres
2062 437 2193 480 negant
2210 458 2221 477 ,
2251 430 2367 467 fuisse
2384 429 2469 467 sab-

1359 482 1491 521 batum
1522 491 1607 519 ante
1637 479 1758 531 legem
1791 477 1936 530 Moysis
1972 480 2212 518 observatum
2231 507 2240 518 .
2283 482 2323 519 S.
2353 483 2469 521 Justi-

1361 551 1433 574 nus
1462 535 1613 581 Martvr
1656 535 1693 570 in
1723 531 1896 583 Dialogo
1937 545 2027 569 curn
2060 532 2268 585 Tsjypbone
2309 534 2470 585 Enoch,

1361 589 1530 640 aliosque
1567 581 1687 639 'justos
1729 586 1883 632 asserit,
1933 598 2058 633 neque
2099 589 2468 637 circumcisionem,

1363 655 1484 694 quam
1515 646 1556 679 in
1586 652 1710 678 carne
1740 652 1818 675 non
1851 632 2047 675 habebant
2065 667 2075 684 ‚
2105 651 2230 689 neque
2259 638 2470 679 sabbatum

1362 708 1540 733 servasse
1558 722 1566 732 .
1597 694 1637 732 S.
1668 694 1831 730 lrenaeus
1854 691 1939 729 Lib.
1964 690 2032 728 lV.
2063 690 2152 728 adv.
2175 689 2286 729 Hoer.
2315 707 2378 745 ap.
2400 695 2467 734 50.

1362 748 1522 800 loquens
1564 747 1610 784 de
1652 746 1978 791 circumcisione,
2037 743 2070 779 ὃ(
2119 743 2274 782 sabbato
2324 746 2476 797 inquit:

1420 800 1528 848 Quod
1560 813 1634 837 non
1665 813 1732 851 per
1762 797 1844 836 haec
1874 797 2156 848 justificabatur
2186 796 2325 846 homo,
2355 799 2416 835 sed
2438 800 2478 836 in

1422 855 1572 904 signum
1603 853 1689 890 data
1731 861 1817 889 sunt
1845 851 2065 889 Judaeorum
2106 849 2276 902 populo,
2322 851 2479 889 ostendit

1366 935 1391 955 ,7
1421 906 1647 956 Scriptura,
1687 905 1789 956 quod
1821 903 2016 942 Abraham
2048 904 2128 955 ipse
2165 904 2245 942 sine
2275 903 2479 941 circumci-

1365 988 1391 1007 „
1422 959 1554 1002 sione,
1601 958 1649 998 ἴθ’
1678 961 1765 995 sine
1801 957 2072 995 obsera-attone
2108 955 2365 994 sabbatorum
2394 957 2480 994 Deo

1365 1040 1390 1059 ,‚
1421 1010 1606 1057 credidit,
1637 1010 1670 1046 &
1699 1011 1845 1048 amicus
1876 1011 1949 1049 Dei
1979 1019 2131 1048 vocatus
2161 1018 2212 1047 est
2243 1014 2296 1048 “.
2328 1008 2481 1048 Tertul-

1364 1062 1488 1100 lianus
1517 1064 1632 1099 etiam
1662 1062 1747 1100 Lib.
1778 1063 1866 1100 adv.
1895 1063 2051 1101 Judoeos
2092 1077 2176 1115 cap.
2209 1076 2244 1101 2.
2294 1092 2321 1111 „
2350 1064 2448 1101 Cum
2466 1093 2477 1112 ,

1365 1144 1391 1163 „
1422 1115 1577 1166 inquit,
1607 1129 1730 1167 neque
1759 1117 2028 1154 circumcisum
2047 1146 2057 1164 ,
2087 1129 2212 1167 neque
2227 1115 2478 1154 sabbatizan-

1365 1197 1391 1216 „
1421 1176 1502 1204 tem
1532 1167 1636 1204 Deus
1667 1167 1788 1204 Adam
1819 1169 2045 1216 instituerit,
2079 1178 2354 1222 consequenter
2383 1182 2480 1222 quo-

1366 1249 1391 1269 „
1421 1234 1495 1272 que
1524 1218 1693 1258 sobolem
1723 1219 1805 1270 ejus
1823 1219 1917 1256 Abel
1939 1219 2157 1259 offerentem
2187 1223 2260 1260 sibi
2289 1223 2481 1261 sacrificia

1365 1303 1392 1321 „
1424 1273 1758 1318 incircumcisum,
1779 1285 1902 1323 neque
1918 1272 2233 1311 sabbatizantem
2249 1275 2416 1314 laudavit
2437 1279 2478 1314 “-

1365 1326 1412 1364 Et
1442 1335 1567 1378 postea
1597 1325 1703 1374 Noe,
1733 1324 1897 1373 Enoch,
1942 1324 2255 1373 Melchisedech,
2293 1329 2327 1363 8(
2359 1329 2481 1366 Abra-

1366 1378 1454 1417 ham
1487 1379 1714 1431 justissimos
1744 1378 1859 1416 fuisse
1886 1379 2000 1426 dicit,
2032 1378 2122 1416 licet
2138 1392 2212 1417 non
2232 1379 2484 1417 sabbatizan-

1366 1441 1447 1470 tes.
1496 1433 1553 1470 Ac
1582 1433 1749 1483 denique
1792 1432 1914 1469 missis
1958 1431 2070 1479 aliis,
2113 1431 2303 1470 Eusebius
2330 1432 2421 1470 Lib.
2452 1434 2484 1471 Ι.

1368 1485 1474 1523 Hist.
1506 1485 1619 1522 Eccl.
1649 1499 1735 1535 cap.
1766 1483 1804 1529 4.
1849 1483 2009 1535 probans
2038 1486 2212 1537 antiquos
2253 1484 2369 1535 justos
2397 1494 2482 1524 ante

1366 1538 1559 1576 diluvium
1589 1550 1694 1589 posse
1713 1536 1946 1575 Christianos
1972 1536 2191 1589 appellari,
2223 1539 2368 1590 inquit:
2399 1538 2482 1576 Ita-

1367 1604 1439 1641 que
1469 1603 1542 1628 nec
1571 1593 1938 1638 circumcisionem,
1969 1603 2042 1627 nec
2072 1589 2280 1628 sabbatum
2300 1590 2481 1630 observa-

1366 1657 1409 1682 re
1437 1645 1512 1682 illis
1541 1657 1645 1681 curoe
1662 1642 1776 1696 fuit,
1806 1647 1904 1680 sicut
1935 1656 2006 1681 nec
2037 1643 2146 1681 nobis
2164 1670 2173 1681 .

1423 1697 1512 1736 266.
1545 1697 1657 1735 Dices
1681 1723 1690 1734 .
1738 1697 1850 1743 Quod
1880 1710 1967 1747 ergo
2009 1698 2226 1747 significant
2253 1712 2296 1734 ea
2338 1698 2480 1736 verba:

1365 1750 1576 1788 Benedixit
1608 1749 1774 1801 (Deus)
1806 1749 1881 1786 (liei
1911 1753 2076 1798 septimo
2095 1781 2104 1798 ,
2134 1751 2183 1791 Εἴ)
2213 1751 2481 1803 sanctificarit

1366 1804 1516 1841 illim?
1557 1803 1817 1841 Sanctificatio
1847 1804 1949 1840 euim
1981 1804 2022 1839 in
2049 1818 2159 1841 sensu
2189 1804 2404 1855 Scriptura}
2430 1813 2482 1842 est

1366 1856 1531 1909 alicujus
1561 1858 1614 1894 rei
1643 1856 1832 1909 separatio
1859 1870 1882 1892 a
1911 1855 2021 1892 rebus
2052 1857 2242 1908 profanis,
2275 1865 2314 1895 ut
2342 1865 2417 1896 tota
2436 1859 2482 1896 sit

1367 1911 1449 1949 Deo
1477 1911 1599 1949 dicata
1617 1936 1629 1948 .

1425 1963 1514 2016 267.
1546 1962 1756 2015 Respondet
1777 1963 1818 2002 S.
1841 1961 2008 2001 Thomas
2023 1964 2054 2002 Ι,
2086 1962 2125 2001 P.
2157 1971 2291 2015 quaest.
2317 1963 2379 2015 73.
2409 1972 2479 2002 art.

1366 2018 1403 2056 5.
1435 2016 1491 2056 his
1521 2017 1670 2054 verbis:
1713 2046 1738 2065 „
1771 2017 1932 2069 Requies
1961 2017 2034 2054 Dei
2064 2018 2104 2054 in
2134 2017 2193 2054 die
2225 2019 2385 2069 septima
2413 2017 2482 2055 du·

1366 2100 1392 2119 „
1421 2070 1576 2121 pliciter
1605 2070 1822 2122 accipitur3
1868 2071 1995 2121 primo
2023 2070 2179 2121 quidem
2217 2079 2401 2122 quantum
2432 2070 2480 2108 ad

1422 2123 1491 2161 hoc
1509 2153 1518 2171 ,
1548 2123 1648 2176 quod
1677 2124 1836 2161 cessavit
1866 2137 1888 2160 a
1917 2124 2020 2160 novis
2040 2123 2219 2174 operibus
2247 2123 2477 2169 conden<tis5

1422 2177 1473 2214 ita
1502 2185 1626 2214 tamen
1656 2177 1754 2228 quod
1784 2185 1998 2214 creaturam
2036 2177 2225 2214 conditam
2255 2185 2478 2224 conservat,

1422 2230 1455 2266 8<
1486 2230 1745 2268 administrat.
1779 2228 1865 2267 Alio
1895 2229 2005 2266 modo
2033 2229 2239 2267 secundum
2269 2229 2377 2281 quod·
2400 2237 2479 2280 post

1367 2314 1393 2333 „
1421 2297 1537 2335 opera
1566 2283 1752 2335 requievit
1782 2283 1821 2320 in
1851 2284 2076 2334 semetipso,
2107 2283 2302 2330 Quantum
2325 2295 2411 2334 ergo
2431 2282 2479 2320 ad

1367 2367 1392 2387 „
1423 2337 1593 2388 primum
1615 2337 1793 2388 competit
1813 2337 1985 2387 septimae
2002 2336 2077 2373 diei
2093 2335 2326 2383 benedictio,
2356 2336 2449 2386 quia
2466 2364 2477 2383 ,

1423 2398 1463 2426 ut
1491 2403 1605 2441 supra
1633 2389 1778 2427 dictum
1807 2398 1860 2426 est
1892 2392 1966 2440 (q.
2000 2402 2063 2439 72.
2093 2390 2138 2426 ad
2159 2390 2197 2435 4.
2220 2390 2234 2437 )
2264 2389 2479 2427 benedictio

1422 2443 1466 2480 ad
1499 2441 1858 2494 multiplicationem
1890 2442 2073 2492 pertinet:
2122 2443 2221 2479 unde
2249 2443 2393 2479 dictum
2425 2448 2481 2478 est

1364 2526 1390 2545 „
1421 2496 1628 2542 creaturis,
1658 2509 1750 2547 quas
1779 2495 1997 2532 benedixit:
2043 2499 2238 2542 crescite,
2268 2495 2317 2535 (9²
2348 2495 2479 2532 multi-

1364 2579 1389 2597 „
1420 2548 1650 2599 plicamini.
1699 2546 1978 2600 Multiplicatio
2006 2558 2129 2586 autem
2168 2562 2296 2586 rerum
2340 2548 2382 2586 fit
2414 2561 2481 2598 per

1420 2601 1781 2639 administrationem
1812 2610 2019 2647 creaturae,
2048 2601 2254 2637 secundum
2285 2614 2400 2651 quam
2433 2612 2478 2637 ex

1420 2654 1614 2692 similibus
1644 2652 1787 2691 similia
1813 2660 2068 2702 generantur.
2098 2653 2292 2699 Quantum
2323 2664 2411 2688 vero
2431 2652 2479 2691 ad

1421 2706 1629 2744 secundum
1660 2706 1838 2755 competit
1867 2706 2038 2755 septimae
2076 2704 2152 2741 diei
2182 2704 2475 2756 sanctificatio,-

1422 2759 1589 2795 maxime
1620 2758 1718 2794 enim
1751 2756 1997 2796 sanctificatio
2039 2756 2242 2808 cujuslibet
2272 2759 2476 2796 attenditur

1364 2841 1390 2860 „
1421 2812 1460 2847 in
1491 2809 1588 2856 boc,
1630 2810 1732 2862 quod
1763 2811 1802 2847 in
1830 2810 1912 2847 Deo
1954 2812 2178 2862 requiescit:
2225 2811 2325 2849 unde
2354 2810 2387 2846 &
2419 2825 2476 2851 res

1365 2893 1391 2911 „
1422 2863 1504 2900 Deo
1532 2863 1713 2900 dedicata-z
1744 2872 1900 2901 sanctae
1930 2863 2108 2901 dicuntur
2138 2867 2191 2901 “.
2235 2864 2332 2902 Sunt
2362 2865 2474 2903 etiam

1363 2917 1616 2968 Interpretes,
1645 2917 1712 2968 qui
1743 2924 1904 2966 putant,
1940 2915 2102 2954 voluisse
2132 2917 2257 2955 Deum
2289 2931 2357 2968 per
2385 2932 2474 2968 pro-

1364 2970 1525 3020 lepsim,
1554 2981 1622 3005 seu
1638 2973 1967 3018 anticipationem
1984 2969 2219 3022 significare,
2250 2969 2351 3008 hunc
2372 2973 2475 3009 diem

1365 3037 1440 3060 esse
1473 3031 1598 3074 postea
1626 3022 1940 3060 sanctificandum
1971 3024 2010 3060 in
2033 3023 2131 3074 Lege
2149 3054 2158 3071 ,
2189 3038 2305 3076 quam
2329 3024 2475 3062 laturus

1363 3085 1441 3113 erat
1470 3077 1509 3113 in
1539 3074 1656 3121 Sina3
1685 3074 1936 3127 quamobrem
1967 3075 2119 3128 Moyses
2149 3078 2321 3115 eamdem
2352 3077 2472 3130 legem

1363 3126 1606 3182 promulgans
1636 3130 1801 3179 primam
1832 3127 1913 3179 ejus
1941 3129 2017 3168 diei
2038 3131 2373 3170 sanctificationem
2399 3144 2469 3180 op-

1363 3190 1521 3235 portune
1550 3183 1862 3220 commemoravit
1878 3207 1889 3220 .

1414 3233 1515 3273 268.
1540 3234 1695 3272 Accedit
1725 3235 1890 3289 denique
1919 3237 2033 3274 etiam
2063 3238 2188 3286 ratio,
2230 3252 2306 3291 qua
2331 3234 2469 3287 proba-

1363 3296 1445 3336 tur,
1474 3286 1620 3325 nullam
1652 3287 1900 3327 fuisse‘illius
1917 3293 2098 3343 praecepti
2113 3288 2371 3330 sanctificandi
2387 3287 2472 3325 sab-

1363 3341 1496 3390 batum
1538 3341 1579 3380 iu
1621 3349 1714 3382 statu
1756 3350 1902 3394 naturae
1945 3345 2154 3385 innocentis
2190 3342 2471 3382 necessitatem.

2315 3392 2416 3434 Duae

1364 831 1390 850 θ’)

1366 884 1391 903 59

1366 2154 1390 2174 23

1366 2207 1391 2227 2)

1367 2261 1392 2281 ,θ

1367 2420 1392 2440 >ἳ

1367 2473 1392 2492 29

1363 2632 1389 2651 52

1365 2685 1391 2705 5³

1365 2737 1375 2756 5
1381 2737 1391 2755 ²

1365 2789 1392 2807 ,Ἴ
