2583 3685
801 151 881 197 DE
914 149 1236 196 VATICINIO
1270 143 1597 191 JACOBAEO.
2245 160 2298 200 ,9

60 238 166 279 tonia
192 237 239 278 ad
267 235 480 288 augendum
509 234 654 273 civium
671 245 872 271 numerum
893 231 1086 284 Babylone
1107 230 1170 268 de-

59 294 241 346 gebarth·
268 289 384 329 Erant
412 300 565 340 quoque
596 289 688 325 iuter
717 288 815 338 ipsos
845 286 1038 337 Principes
1077 284 1170 322 dicti

61 343 392 395 αίχμσλοτόρχαι
408 340 747 380 AEchmalotarchae
765 371 775 388 ‚
804 342 870 392 qui
888 339 1050 390 captivis
1070 350 1170 388 prae-

62 403 189 436 eraut:
235 408 281 432 ac
309 396 465 433 demum
503 396 605 446 apud
633 394 784 432 Judaeos
828 394 941 430 fuisse
976 390 1037 442 jus
1078 392 1168 429 vitae

59 462 106 490 ac
130 448 259 494 necis,
307 447 500 499 colligitur
530 461 574 485 ex
615 447 759 486 celebri
788 445 972 484 Susanuae
1017 443 1170 483 historia

55 501 158 543 Dan.
188 499 296 539 ΧΙΙΙ.

114 552 202 592 108.
231 553 431 602 Quantum
461 564 588 593 autem
616 562 756 607 spectat
784 553 829 590 ad
859 552 1064 604 posteriora
1081 549 1168 588 Rei·

53 606 224 660 publicat
253 606 425 646 Judaicae
455 618 650 660 tempora,
698 608 745 645 de
771 604 913 658 quibus
941 603 1029 642 solis
1065 603 1168 641 diffi-

53 658 174 699 cultas
203 673 281 699 esse
310 670 455 714 potest,
485 662 734 707 contendunt,
767 661 803 696 iu
831 657 933 694 tribu
949 655 1049 693 Juda
1079 670 1166 707 per-

51 714 232 751 mansisse
260 723 480 766 sceptrum,
528 717 558 753 si
588 716 741 752 nomine
785 710 889 749 illius
932 708 1165 759 intelligatur

53 780 126 805 uon
157 769 260 818 regia
287 768 475 820 dignitas,
517 768 579 806 sed
608 767 804 804 dumtaxat
840 761 1056 800 absolutum
1088 764 1162 801 im.-

52 821 205 873 perium
222 850 233 869 ,
262 834 340 873 quo
366 820 549 874 quaslibet
579 817 793 870 respublica
823 816 861 852 in
883 827 969 854 suos
995 816 1161 854 subditos

54 874 194 912 utitur.
224 872 307 912 Post
334 875 494 912 solutam
523 874 626 911 euim
646 871 906 924 captivitatem
937 867 1008 906 hoc
1038 869 1162 920 impe-

50 928 154 966 rium
185 927 352 965 exercuit
371 925 580 965 Zorohabel
599 955 609 973 ,
637 925 701 962 cui
722 930 979 961 successerunt
1001 921 1160 970 Esdras,

51 979 285 1028 Nehemins,
321 978 466 1034 aliique
493 979 540 1016 de
568 977 670 1016 tribu
699 977 825 1024 Juda,
867 976 984 1013 donec
1014 976 1060 1012 ad
1093 976 1162 1013 As-

50 1046 285 1080 samonaeos,
315 1046 379 1071 seu
410 1030 658 1071 Machabaeos
685 1029 854 1068 delatum
886 1029 986 1076 fuit,
1023 1030 1092 1081 qui
1123 1043 1160 1065 e-

50 1095 136 1125 rant
163 1087 211 1124 de
237 1084 339 1124 tribu
368 1085 491 1125 Levi.
532 1084 606 1123 Sed
636 1092 726 1122 tunc
756 1084 869 1120 etiam
899 1090 1090 1133 sceptrum
1121 1083 1160 1121 in

49 1139 152 1178 tribu
181 1139 280 1177 Juda
310 1139 560 1191 permansisse
587 1137 791 1175 dicendum
813 1137 905 1182 erit,
936 1137 965 1172 si
997 1135 1160 1172 formam

48 1192 247 1243 regiminis
275 1191 427 1231 Judaici
456 1191 766 1236 consideremus,
809 1202 897 1241 qua:
928 1196 1005 1225 erat
1042 1190 1163 1227 mixta

49 1257 94 1282 ox
125 1244 394 1291 Aristocratia,
425 1244 459 1280 ἃ
490 1245 761 1290 Democratia,
792 1251 830 1279 ut
860 1251 958 1291 patet
979 1254 1023 1278 ex
1047 1241 1164 1278 Libro

79 1299 176 1336 rimo
205 1297 338 1337 Mach.
368 1297 456 1336 Xll.
487 1296 555 1344 6.‚
585 1296 619 1332 8(
648 1296 755 1334 Xlll.
778 1309 814 1346 7.
844 1295 942 1332 Cum
973 1296 1075 1332 euim
1097 1296 1163 1333 tri-

47 1312 123 1389 lius
151 1349 251 1388 Juda
278 1349 401 1388 multo
441 1350 626 1401 potentior
655 1356 774 1397 esset,
823 1361 940 1399 quam
972 1347 1162 1400 reliquae‚

48 1411 128 1441 tam
158 1401 402 1455 Syuedrion‚
435 1404 476 1441 in
507 1416 583 1456 quo
612 1416 762 1441 summa
791 1401 977 1439 residebat
1007 1402 1170 1452 imperit

47 1463 236 1547 potestas,
265 1469 382 1508 quam
412 1469 538 1506 major
566 1457 678 1494 etiam
709 1453 844 1508 populi
876 1467 987 1505 pars,
1021 1456 1069 1492 ad
1098 1456 1164 1493 tri-

79 1521 143 1546 um
171 1508 270 1546 Juda
299 1509 538 1560 pertinebat.

108 1571 195 1611 ¹09.
223 1559 304 1598 Nec
345 1560 512 1612 denique
554 1560 714 1607 desunt,
762 1560 829 1612 qui
869 1561 1021 1598 nomine
1049 1559 1164 1597 Jucloe

48 1612 112 1652 hic
141 1624 213 1651 non
243 1610 462 1664 intelligunt
492 1614 726 1665 peculiarem
756 1613 900 1650 tribum
919 1642 929 1659 ,
959 1613 1022 1649 sed
1051 1622 1165 1649 totam

48 1665 305 1705 Hebraeorum
334 1666 550 1713 nationem,
592 1679 680 1718 quae
709 1666 893 1703 sententia
922 1665 1068 1716 placuit
1097 1664 1164 1701 Pe-

45 1721 174 1768 urio,
204 1717 383 1766 Petavio,
411 1718 661 1767 casaubono,
689 1718 950 1770 Spanhemi0‚
998 1717 1163 1770 aliisque

48 1773 227 1821 eruditis,
257 1773 494 1825 potissimum
512 1785 601 1811 vero
615 1773 743 1811 Natali
763 1771 978 1810 Alexandro
995 1772 1034 1808 in
1057 1769 1162 1809 Hisc.

48 1823 206 1864 Eccles.
236 1834 309 1864 vet.
338 1833 427 1864 test.
469 1826 515 1863 de
545 1828 655 1864 tertia
684 1826 820 1863 mundi
864 1833 972 1862 aetate
1001 1824 1162 1862 Dissert.

49 1878 136 1917 Xll.
167 1891 316 1930 propos.
347 1879 410 1924 3.;
440 1877 474 1914 ἃ
505 1881 534 1916 si
565 1892 655 1916 vera
674 1886 794 1926 esset,
824 1877 939 1915 facile
968 1886 1162 1927 sceptrum

49 1932 90 1969 in
119 1931 217 1969 Juda
245 1944 364 1984 usque
393 1931 439 1969 ad
468 1932 671 1971 adventum
702 1931 854 1970 Messi-'se
898 1939 1162 1970 conservatum

48 1985 166 2022 fuisse
196 1993 462 2022 monstraretur
478 2010 488 2022 .

110 2050 196 2076 tro.
224 2038 401 2075 Ceterum
430 2039 577 2076 nemini
607 2039 795 2091 negotium
840 2038 1022 2076 facessere
1051 2037 1163 2075 debet

49 2089 188 2128 harum
215 2091 440 2142 opinionum
469 2091 692 2140 diversitas,
740 2105 828 2144 quae
860 2104 932 2129 nou
961 2091 1009 2129 ad
1037 2093 1162 2143 ipsam

46 2144 103 2182 rei
131 2143 376 2182 substantiam
407 2145 588 2195 pertinet,
635 2145 700 2184 sed
728 2144 777 2182 ad
806 2144 956 2196 aliquas
997 2153 1163 2183 tantum-

44 2195 158 2235 modo
185 2198 506 2236 circumstantias:
536 2199 576 2236 in
591 2199 737 2238 cunctis
751 2207 878 2237 autem
893 2198 983 2237 fere·
1001 2197 1165 2251 prophe-

44 2250 107 2287 tisis
134 2248 265 2302 aliqua
291 2263 441 2302 semper
470 2252 663 2290 invenitur
689 2251 928 2300 obscuritas,
957 2261 998 2289 ut
1025 2264 1155 2289 omnes

44 2303 338 2343 oirctunstantiae
367 2313 541 2345 accurate
577 2306 849 2354 determinari,
892 2305 1156 2357 explicarique

90 2452 138 2486 (α)
163 2447 316 2493 Tempus
341 2449 376 2483 in
409 2449 674 2494 prophetiarum
711 2450 958 2494 adimpletione
996 2449 1158 2495 designa-

45 2501 122 2526 tum
149 2494 352 2538 plerumque
379 2504 430 2528 est
458 2497 587 2529 morale
605 2517 615 2535 ‚
649 2508 714 2529 non
739 2505 857 2529 autem
884 2497 1070 2541 physicum
1087 2519 1098 2537 ,
1125 2501 1156 2529 ἀ

45 2538 362 2580 mathematicum5
388 2540 583 2585 cujusmodi
611 2542 676 2574 fuit
703 2541 884 2585 prophetia
911 2541 952 2574 de
977 2544 1155 2575 eversione

45 2584 224 2626 civitatis,
250 2587 282 2618 &
307 2587 427 2631 templi
442 2587 730 2631 Jerosolymitani
747 2610 755 2618 .
784 2586 945 2632 Idemque
969 2585 1156 2620 dicendum

42 2629 86 2662 de
113 2631 287 2665 ablatione
312 2634 439 2677 sceptri
467 2645 485 2666 a
512 2633 717 2666 tribandre
734 2655 741 2664 .
768 2633 837 2677 Qui
857 2642 972 2666 tamen
988 2631 1156 2676 credunt,

42 2677 185 2710 nomine
211 2681 364 2721 sceptri,
389 2681 421 2711 &
449 2680 570 2719 ducis,
598 2679 744 2723 intelligi
771 2679 966 2724 principem
993 2678 1033 2711 de
1061 2680 1156 2712 trihu

44 2720 144 2755 Judae
158 2746 169 2765 ‚
193 2723 253 2767 qui
273 2722 514 2758 dominaretur
528 2726 698 2759 universa·
719 2724 1130 2770 reipublicaeJudmorum
1146 2748 1157 2766 ,

45 2768 149 2803 facile
174 2767 414 2804 ‹letnonstrant
430 2793 442 2810 ‚
465 2780 654 2817 utramque
671 2770 862 2812 defecisse,
887 2770 1027 2816 quando
1052 2784 1070 2804 a
1088 2774 1159 2805 Ro-

45 2815 158 2849 manis
184 2816 251 2849 suit
277 2816 445 2851 traditum
469 2817 600 2851 Judaeae
636 2828 781 2862 reguum
808 2817 961 2858 Herodi,
996 2819 1056 2861 qui
1083 2827 1158 2851 erat

47 2861 273 2907 alienigena;
309 2875 371 2897 seu
395 2863 488 2909 quod
515 2872 616 2898 natus
643 2865 746 2899 fuerit
779 2876 821 2898 ex
860 2872 958 2909 patre
987 2863 1158 2905 ldumseo,

50 2907 84 2936 ἃ
105 2915 217 2959 utntre
242 2909 382 2951 Araba,
426 2919 463 2943 ut
489 2911 597 2956 aliqui
624 2911 766 2951 volunt,
808 2923 868 2944 seu
894 2909 986 2955 quod
1020 2911 1158 2945 natione

51 2949 158 3002 {uerit
183 2953 427 2998 Philisffiaeus,
453 2965 492 2990 ut
518 2957 597 2991 aliis
623 2958 765 3003 placet.
807 2958 899 2990 Eum
925 2957 1158 3001 alienigenam

50 2996 182 3036 *umes
212 3010 340 3045 magno
363 3012 734 3038 consensu-testantur
756 3003 790 3036 S.
817 3003 981 3037 Justinus
1008 3003 1043 3035 in
1069 3002 1158 3037 Din-

51 3043 132 3094 108?
154 3045 511 3097 ‘’onera-‘Tryphonem
526 3072 538 3092 ‚
563 3052 731 3096 Origenes
757 3049 1001 3084 'Pomvxvlh
1028 3049 1064 3081 in
1089 3050 1158 3082 Ge-

53 3098 192 3128 nessfflls
218 3089 334 3125 Julms
357 3095 542 3130 Africanus
567 3095 660 3142 apud
684 3096 875 3131 Eusebium
903 3095 982 3131 Lib.
1009 3097 1032 3129 Ι.
1059 3094 1156 3130 Hist.

53 3132 160 3187 Eccl:
181 3145 220 3168 ca
248 3156 264 3188 -ι
282 3135 315 3169 6.
331 3158 342 3177 ,
366 3140 519 3186 aliique,
542 3155 628 3188 quos
653 3153 809 3176 recenset
835 3143 972 3177 Natalis
1010 3142 1160 3175 Alexan-

52 3177 116 3211 der
153 3192 187 3213 in
251 3189 308 3215 nst·
334 3182 375 3215 V.
401 3183 438 3216 T.
464 3185 504 3219 de
529 3189 590 3222 Vt.
630 3189 750 3223 mundi
788 3199 890 3223 aetate
916 3189 1064 3222 Dissert.
1092 3188 1156 3222 lX.

53 3223 110 3257 De
133 3239 259 3281 genere
283 3227 437 3262 Herodis
455 3253 464 3263 .
491 3233 625 3268 Herode
651 3244 766 3269 autern
793 3243 960 3280 regnante
986 3243 1088 3268 natus
1108 3242 1158 3266 est

50 3269 217 3306 Christus
242 3286 276 3307 m
304 3273 500 3310 Bethleem.

99 3318 145 3357 (b)
174 3319 288 3353 Multa
313 3320 418 3365 hujus
443 3324 578 3366 generis
603 3324 750 3358 inveniri
777 3335 943 3370 poterunt
970 3327 1005 3358 in
1026 3326 1159 3359 Rahhi-

0 3397 1 3402 ,
53 3374 179 3400 norum
202 3365 364 3401 t'oecunda
389 3368 661 3412 imaginatione,
685 3373 858 3416 praecipue
884 3371 976 3418 apud
1000 3373 1042 3406 R.
1068 3373 1163 3406 Mai-

1238 241 1314 266 nou
1345 229 1513 278 possint,
1559 238 1780 278 quanquam
1811 224 1874 272 id,
1918 224 2018 276 quod
2048 230 2164 276 caput
2193 231 2270 270 est,
2316 223 2350 261 &

1238 293 1370 332 scopus
1389 310 1399 327 ,
1438 282 1522 318 satis
1552 282 1798 330 perspicuum
1827 280 1893 316 sit.
1943 278 2006 316 Sic
2037 279 2076 315 in
2109 277 2177 315 hoc
2206 276 2352 316 celebri

1237 334 1419 373 vaticinio
1449 335 1643 385 perspicue
1659 342 1814 383 apparet
1832 334 1954 383 primo
1971 362 1981 378 ,
2013 334 2240 383 promissum
2260 331 2354 368 suis·

1238 400 1276 425 se
1307 386 1510 425 Messium:
1547 386 1709 424 secundo
1739 399 1826 421 eum
1856 386 2044 422 oriturum
2075 398 2120 421 ex
2149 385 2253 422 trihu
2282 384 2349 422 Ju-

1238 441 1320 478 dae:
1351 441 1458 476 tertio
1488 438 1627 476 Messia
1657 439 1875 475 adveniente
1906 449 2094 489 sceptrum
2125 451 2201 475 esse
2231 453 2253 475 a
2281 437 2348 474 Ju-

1235 493 1284 531 da
1313 492 1590 531 auferendum:
1619 505 1706 543 quae
1736 493 1866 527 omnia
1895 500 2068 528 accurate
2091 491 2205 527 fuisse
2225 491 2351 528 aditn-

1236 547 1338 599 pleta
1369 556 1537 596 tempore
1565 545 1651 583 Jesu
1671 544 1864 582 Nazaraeni
1885 573 1895 592 ,
1926 544 2010 582 luce
2040 543 2250 581 meridiana
2270 543 2350 581 cla-

1236 602 1315 638 rius
1343 609 1393 636 est
1425 600 1488 649 (cl)
1508 625 1518 636 .

1294 667 1303 691 ι
1321 667 1331 691 ι
1348 666 1380 690 t.
1411 652 1651 690 Derideudos
1672 660 1796 688 autem
1814 665 1850 687 se
1866 651 2042 688 omnihus
2062 650 2231 702 praebent
2250 649 2349 688 Rab-

1232 705 1342 754 bini,
1372 706 1465 745 dum
1496 715 1685 757 sceptrum
1716 703 2019 755 gentiandaicoe
2043 705 2166 742 adhuc
2197 717 2348 742 conser-

1234 762 1315 797 vari
1346 760 1688 797 comminiscuntur
1732 760 1770 795 in
1814 759 2071 794 remotissimis
2115 757 2349 809 quibusdam

1230 813 1400 850 Orientis
1432 813 1629 864 partibus,
1668 821 1704 849 ut
1734 810 1847 847 refert
1879 809 2091 847 b'uxtorsius
2123 814 2159 848 in
2193 811 2346 848 Praefat.

1230 866 1278 904 ad
1308 865 1454 904 librum
1475 864 1612 911 Cosri,
1641 865 1687 902 ad
1717 877 1811 916 quas
1840 873 1965 900 tamen
1986 877 2152 901 accessus
2186 865 2348 901 mini-ne

1230 928 1331 971 patet
1361 929 1514 971 propter
1543 917 1791 956 sabbaczcmn
1824 916 1992 965 ssumen,
2023 917 2133 967 cujus
2164 931 2206 953 ea
2236 927 2346 954 natu·

1230 986 1271 1011 ra
1300 983 1379 1020 est,
1425 982 1463 1009 ut
1494 973 1642 1010 nonnisi
1673 972 1735 1009 die
1765 970 1942 1018 sabbati,
1990 984 2066 1021 quo
2111 971 2346 1020 peregrinari

1227 1025 1372 1065 Judaeis
1394 1025 1615 1077 prohibetur
1632 1055 1642 1071 ‚
1675 1025 1893 1075 pertransiri
1914 1027 2046 1075 possit.
2079 1022 2261 1072 Ejusdem
2281 1035 2345 1074 ge-

1229 1081 1328 1117 neris
1357 1089 1469 1127 suut,
1511 1092 1599 1131 quse
1634 1077 1676 1115 R.
1708 1078 1910 1126 Beniamin
1942 1077 2166 1114 'I'uletlensis
2209 1077 2249 1114 in
2279 1088 2347 1114 suo

1228 1132 1442 1171 Itinemrio
1473 1141 1597 1170 narrat
1628 1132 1674 1168 de
1705 1145 1842 1181 magua
1874 1130 2129 1168 israelitarum
2173 1129 2345 1166 multitu-

1229 1187 1340 1234 dine,
1371 1188 1437 1238 qui
1469 1187 1508 1223 iu
1538 1185 1812 1222 utnoenissimis
1844 1184 1936 1221 locis
1966 1184 2015 1221 ab
2045 1184 2148 1219 omui
2180 1181 2355 1219 aliorum.

1229 1243 1402 1278 societate
1434 1240 1604 1284 remotis,
1638 1237 1672 1273 St
1703 1247 1852 1288 propter
1883 1237 2115 1274 vastissimas
2131 1234 2359 1272 solitudines-

1229 1292 1440 1343 interjectas
1460 1292 1563 1329 aditu
1585 1289 1829 1327 difficillimis
1847 1319 1857 1336 ,
1887 1289 1958 1326 sub
1981 1286 2221 1340 principibus
2241 1302 2263 1325 a
2283 1290 2348 1325 tri-

1229 1344 1284 1384 bu
1312 1346 1412 1384 Juda
1441 1344 1756 1383 descendentibus
1787 1341 2011 1381 felicissime
2039 1341 2174 1379 viv-unt
2205 1339 2285 1391 (b).

1290 1412 1377 1437 112.
1410 1398 1524 1436 Porro
1555 1396 1640 1444 his,
1689 1409 1777 1447 quae
1810 1395 2077 1433 Rabbinorum
2106 1393 2262 1444 genium
2291 1407 2349 1431 sa-

1234 1452 1368 1504 piunt,
1417 1451 1591 1503 aliquam
1620 1450 1883 1486 auctoritatem
1926 1446 2133 1486 conciliare
2168 1459 2205 1483 se
2245 1459 2349 1497 posse

1233 1506 1380 1556 putavit
1410 1503 1454 1541 R.
1486 1502 1704 1550 (ibedalia,
1735 1515 1823 1539 cum
1854 1516 1916 1539 an.
1954 1499 2067 1538 1553.
2097 1498 2274 1536 solemnis
2296 1499 2349 1538 le-

1231 1560 1332 1607 gatio
1360 1572 1381 1594 a
1411 1558 1539 1596 David
1572 1556 1669 1609 Rege
1699 1555 1896 1606 AEthiopiae
1927 1554 1975 1591 ad
2003 1553 2237 1590 Clementem
2262 1551 2348 1590 Vll.

1236 1609 1280 1647 R.
1302 1609 1342 1646 P.
1376 1611 1487 1647 mim
1517 1611 1614 1647 suit:
1644 1622 1688 1645 ex
1719 1608 1874 1645 hebraeo
1905 1608 2004 1644 enim
2027 1605 2136 1657 Regis
2166 1606 2319 1643 nomine
2338 1633 2350 1654 ‚

1232 1670 1316 1701 tum
1346 1675 1390 1698 ex
1420 1662 1616 1714 aliquibus
1644 1662 1730 1698 aliis
1762 1661 1910 1698 levibus
1926 1659 2180 1710 conjecturis,
2211 1660 2349 1710 praeci-

1233 1727 1308 1766 pue
1337 1723 1465 1751 autem
1495 1727 1538 1750 ex
1581 1714 1885 1752 circumcisionis
1914 1712 1996 1763 lege
2025 1712 2073 1748 ab
2113 1713 2158 1748 iis
2198 1711 2348 1762 populis

1231 1767 1456 1815 observata,
1488 1765 1658 1819 proclive
1687 1767 1812 1803 statim
1844 1766 1916 1802 fuit
1944 1763 2151 1815 colligere,
2180 1777 2265 1801 eam
2295 1772 2348 1801 to·

1231 1829 1307 1859 tam
1336 1830 1484 1871 gentem
1514 1833 1590 1857 esse
1620 1819 1814 1856 hebraeam
1844 1818 1902 1870 (c)
1920 1843 1931 1856 .

1291 1874 1378 1912 115.
1407 1874 1482 1912 Sed
1511 1874 1667 1925 ineptias
1695 1871 1758 1910 hae
1789 1881 1875 1909 sunt
1917 1869 2028 1922 plane
2056 1869 2175 1908 aniles
2195 1899 2206 1918 ,
2254 1883 2349 1922 qua·

1230 1941 1318 1965 rum
1347 1927 1565 1980 suppudere
1605 1927 1742 1964 dehent
1773 1938 1905 1963 earum
1949 1933 2120 1962 auctores
2162 1924 2202 1961 in
2246 1930 2348 1962 tauta

1230 1979 1346 2032 hujus
1376 1982 1453 2030 ξυνῇ,
1480 1979 1721 2032 geographiae
1752 1980 1983 2030 peritia5-ut
2014 1990 2082 2015 nec
2103 1989 2230 2028 operae
2261 1991 2350 2029 pre·

1229 2036 1326 2072 tium
1356 2036 1402 2072 sit
1431 2036 1471 2072 in
1503 2035 1559 2072 iis>
1580 2033 1826 2086 explodeudis
1855 2031 1973 2069 bonas
2001 2029 2112 2067 horas
2149 2042 2348 2068 corisume-

1230 2100 1299 2126 re.
1341 2088 1542 2134 Quantum
1571 2095 1699 2125 autem
1729 2087 1860 2124 attinet
1889 2084 1937 2121 ad
1965 2083 2188 2136 legationem
2221 2082 2348 2120 David

1233 2141 1331 2193 regis
1359 2140 1481 2179 AEthio
1512 2155 1605 2187 um,
1634 2139 1744 2177 brevi
1772 2139 1982 2189 impostura
2008 2138 2152 2174 detecta
2180 2136 2280 2184 fuit,
2311 2136 2346 2173 &

1233 2194 1408 2232 omuibus
1439 2156 1566 2246 paliam
1589 2194 1755 2239 factum,
1786 2191 1974 2242 AEthiopes
1993 2191 2141 2241 origine
2160 2188 2348 2226 Hebraeos

1232 2260 1307 2285 non
1337 2261 1439 2294 esse,
1469 2259 1690 2299 quanquam
1712 2245 2044 2283 circumcisionem
2062 2273 2072 2291 ,
2103 2243 2157 2281 uti
2173 2242 2348 2280 nonnulli

1225 2301 1293 2341 alii
1322 2299 1486 2354 populi,
1528 2299 1753 2338 adhibeant:
1796 2298 1899 2350 quod
1927 2299 2164 2350 apertissime
2187 2296 2359 2334 demon--

2198 2357 2292 2387 stra-

1224 2447 1401 2482 monidern
1428 2447 1463 2480 in
1489 2446 1562 2481 Jiul
1582 2446 1805 2480 Clmzacach.
1832 2445 1943 2478 Guill.
1970 2444 2077 2479 etiam
2092 2441 2263 2476 postellus
2283 2453 2352 2480 sua„

1224 2493 1419 2527 eruditione
1446 2495 1643 2538 prsesertim
1671 2494 1705 2525 in
1733 2493 1861 2536 linguis
1888 2491 2061 2529 exoticis,
2097 2490 2168 2522 suis
2195 2489 2344 2522 infortu-

1226 2541 1293 2573 niis
1309 2562 1320 2580 ,
1346 2541 1417 2572 suis
1444 2540 1623 2572 erroribus
1639 2561 1649 2578 ‚
1674 2539 1816 2582 suisque
1836 2536 2042 2571 Rabbinicis
2067 2535 2258 2569 visionibus
2274 2536 2354 2567 52²--

1227 2587 1308 2618 cnlo
1336 2586 1432 2618 XVl.
1460 2584 1646 2618 admodum
1675 2585 1852 2622 famosus,
1893 2583 1926 2614 P.
1955 2583 1979 2614 1.
2006 2581 2144 2614 Histor.
2170 2582 2340 2612 Oriental.

1226 2642 1301 2675 cap-
1332 2631 1362 2662 5.
1390 2633 1421 2662 δε
1446 2631 1480 2663 6.
1507 2631 1583 2662 vult
1609 2641 1649 2661 ex
1675 2627 1793 2660 decem
1820 2627 1955 2665 tribus,
1981 2637 2058 2669 que
2084 2624 2141 2657 diu
2170 2625 2204 2657 in
2230 2625 2343 2668 parti-

1225 2677 1290 2709 bus
1315 2675 1556 2709 Orientalibus
1585 2675 1789 2711 latitarunt,
1828 2672 1996 2705 'l'artaros
2023 2673 2053 2702 δι
2081 2671 2216 2703 'Furcas
2243 2678 2342 2704 natos

1225 2734 1318 2755 esse.
1350 2725 1385 2754 ln
1412 2722 1573 2754 fabuloso
1601 2721 1683 2753 item
1714 2718 1820 2751 Libro
1839 2717 1896 2750 lV.
1924 2715 2044 2750 Estlrte
2071 2727 2147 2760 cap.
2169 2717 2265 2749 Xlll.
2284 2715 2343 2759 4ο.

1226 2772 1258 2800 &
1283 2780 1354 2813 seq.
1380 2766 1533 2807 dicitur,
1559 2765 1677 2799 decem
1694 2765 1847 2803 Tribus,
1874 2775 1960 2808 quas
1979 2763 2201 2796 Salrnanasar
2227 2762 2262 2795 in
2282 2773 2340 2795 ca-

1226 2815 1427 2859 ptivitatem
1451 2812 1551 2846 duxit
1568 2834 1578 2852 ,
1603 2812 1774 2857 profectas
1801 2812 1835 2843 in
1863 2813 2059 2851 regionem,
2100 2810 2154 2842 ubi
2181 2821 2342 2853 nunqnam

1227 2862 1392 2894 habitavit
1418 2873 1521 2903 genus
1541 2859 1713 2891 htmumum
1729 2861 1791 2889 &c-
1812 2872 1818 2888 :
1848 2855 1936 2888 unde
1955 2863 2110 2888 venturae
2126 2864 2245 2900 postea
2258 2865 2354 2890 sunt.

1228 2908 1263 2940 in
1289 2907 1479 2941 novissimo
1509 2914 1660 2950 tempore
1676 2927 1683 2935 .
1709 2902 1774 2937 Sed
1797 2914 1914 2936 omnes
1935 2911 2090 2943 norunt,
2115 2902 2249 2936 nnllam
2266 2914 2341 2936 esse

1228 2953 1420 2998 apocryphi
1449 2952 1554 2998 hujus
1581 2951 1661 2984 libri
1689 2950 1953 2983 atictoritatem.
1981 2945 2062 2981 vid.
2088 2947 2152 2981 hac
2171 2947 2212 2981 de
2231 2960 2267 2980 re
2283 2962 2341 2982 co-

1227 3001 1323 3045 piosa
1349 2999 1533 3034 Bartolocii
1561 2996 1771 3031 Dissertatio
1795 2996 1829 3029 in
1857 2994 1969 3030 'I'omo
1994 2994 2019 3029 1.
2057 2994 2223 3030 Btblioth.
2250 2994 2341 3029 Rab-

1226 3048 1348 3080 bt'm'cae
1365 3068 1372 3077 .

1277 3099 1324 3131 (c)
1356 3092 1424 3125 Vix
1451 3089 1616 3124 credibile
1642 3096 1755 3127 esset,
1790 3086 1929 3121 Judoeos
1955 3085 2154 3122 ad'similes
2187 3087 2350 3133 ineptias-

1227 3140 1434 3181 confugere,
1470 3137 1534 3170 nisi
1562 3136 1615 3169 hm
1642 3136 1839 3179 legerentur
1866 3134 1900 3167 in
1925 3145 2044 3168 eorum
2069 3135 2170 3169 libris
2186 3156 2197 3175 ‚
2239 3143 2276 3168 ut
2301 3136 2339 3168 in

1225 3185 1366 3229 Igheret
1391 3183 1552 3217 (hechod
1579 3183 1677 3214 Oltam
1705 3179 1888 3214 Peritzoli·
1926 3182 2053 3215 Confer
2091 3181 2225 3215 Julium
2252 3181 2336 3213 Bar-

1227 3231 1343 3265 tolocii
1372 3231 1404 3262 in
1432 3230 1532 3262 Tom-
1564 3229 1587 3261 Ι.
1615 3227 1781 3261 ΒίὸΙιοεῘι.
1809 3225 1950 3260 Bubbin.
1977 3228 2035 3262 ubi
2062 3229 2248 3273 plusquam
2274 3237 2340 3271 par

1227 3286 1314 3310 esset
1332 3298 1341 3315 ‚
1382 3286 1522 3322 operam
1548 3272 1608 3308 dat
1633 3273 1715 3308 huic
1753 3272 1992 3309 commentitio
2027 3274 2191 3319 figmento
2216 3274 2335 3317 explo-

1227 3322 1337 3356 dendo
1354 3345 1361 3353 .
