2583 3685
890 144 970 189 DE
1005 141 1201 188 012ssstss
1236 135 1553 184 secenum
1588 136 1741 180 omi.
2335 139 2386 180 6,

164 257 198 282 „.
217 239 410 284 pressam-3
452 239 578 265 aerem
608 231 735 265 autem
765 237 842 264 non
871 239 1046 279 expresse
1073 224 1264 268 nominat,

164 313 191 336 „
218 295 263 320 ne
292 280 450 319 rudibus
478 280 669 333 quoddam
703 281 869 331 ignotum
914 287 1176 332 proponeret..
1215 274 1266 312 Ut

162 364 190 386 „
218 344 342 373 tamen
371 335 578 385 capacibus
607 335 801 372 veritatem
832 334 1082 384 exprimeret,
1119 330 1181 367 dat
1211 327 1266 364 lo-

160 417 188 438 „
216 400 304 425 cum
324 386 557 438 intelligendi
575 400 724 435 aerem,
755 386 994 439 significans,
1026 386 1151 436 ipsum
1171 395 1266 432 qua·

157 469 187 491 ‚‚
216 443 246 479 si
277 455 388 494 aquae
418 441 608 479 adnexum
627 471 637 489 ,
686 454 774 478 cum
805 440 924 487 dicit,
965 438 1067 491 quod
1096 434 1266 473 tenebroe

156 522 186 544 „
215 504 334 532 erant
363 494 656 546 superficiem
686 493 847 546 abyssi;
878 505 943 544 per
957 491 1055 581 qumi
1077 491 1186 526 datur
1208 489 1266 526 in-

157 576 187 597 „
215 548 335 600 telligi
353 578 364 596 ,
394 561 506 600 super
538 549 674 585 faciem
705 560 923 600 aquae1esse
942 559 963 582 a
985 543 1098 595 iquod
1128 554 1266 593 corpus

158 629 186 650 „
214 602 452 654 diaplianum
471 632 481 650 ,
523 603 624 654 quod
655 612 705 639 est
735 599 946 651 subjectum
977 597 1099 643 lucis,
1148 595 1181 631 ἃ
1212 605 1267 632 te·

156 683 188 704 ,‚
214 655 422 693 nebrarum
451 660 477 677 “
496 682 506 692 .
539 655 670 707 Aliqui
702 655 813 692 etiam
834 653 930 689 aeris
952 651 1184 687 mentionem
1211 649 1263 706 fa*

157 717 256 746 etam
303 708 417 746 fuisse
459 718 590 760 putant
634 710 680 745 iis
708 705 856 745 verbis:
900 703 1067 754 Spiritus
1096 701 1265 753 Deije·

157 760 318 800 rebatur
345 775 462 808 super
488 773 647 813 ιιᾳιιαες
677 758 960 798 minine-enim
991 757 1144 808 spiritus
1174 769 1265 792 ven-

156 823 239 853 tum
270 814 510 866 intelligunt,
557 813 659 867 quod
688 826 762 852 non
790 820 843 850 est
871 810 1036 850 insolens
1078 810 1118 847 in
1147 811 1278 848 sacris-

154 867 316 906 litteris.
347 867 435 906 Vid.
465 881 580 920 supra
608 881 647 906 n.
680 866 757 906 28..

208 919 275 960 68.
308 920 440 959 Altera.
460 922 621 973 quaestio
648 929 728 968 est,
756 933 826 959 cur
847 918 1000 972 Moyses
1033 919 1128 956 inter
1156 930 1227 955 res>
1244 931 1266 955 a

155 974 239 1013 Deo
266 982 408 1013 creatas
437 985 508 1012 non
528 974 836 1012 adnumeraverit
866 970 1013 1025 aquas?
1044 971 1091 1010 Et
1106 973 1265 1024 quidem

154 1027 198 1067 S.
228 1029 383 1079 August.
412 1029 451 1066 in
482 1027 567 1066 Lib.
597 1025 881 1066 dehoeresibus
909 1040 1017 1064 num.
1052 1026 1114 1076 75.
1144 1024 1266 1062 haere-

150 1081 226 1119 dm
272 1090 484 1129 memorat,
530 1094 621 1133 quae
647 1080 766 1129 dicit,
815 1082 968 1131 aquam
996 1092 1078 1116 non
1120 1091 1148 1116 α
1179 1078 1266 1116 Deo

153 1142 340 1172 creatam
357 1164 368 1182 ‚
396 1133 476 1173 sed*
495 1138 531 1172 ei
558 1147 716 1186 semper
731 1132 867 1186 fuisse
887 1142 1132 1171 coaeternam
1150 1159 1160 1170 .
1189 1132 1265 1170 Sed

149 1186 254 1226 nihil
297 1187 498 1226 absurdius
541 1187 633 1239 fingi
666 1197 809 1239 potest.
856 1186 986 1224 Primo
1028 1188 1131 1223 enim
1175 1199 1263 1223 cum

152 1238 314 1293 Moyses>
336 1241 454 1280 dicit:
482 1239 530 1277 In
559 1243 748 1290 principio
776 1243 922 1277 creavit
951 1239 1063 1276 Deus
1091 1238 1234 1276 ccelum
1252 1269 1263 1287 ,

150 1294 203 1334 <⁷9-
231 1304 384 1331 terram
402 1323 412 1341 ,
460 1291 524 1330 his
547 1292 695 1330 duobus
723 1292 943 1330 nominibus
971 1294 1127 1340 onmia,
1175 1307 1263 1344 quae

153 1346 198 1384 in
225 1344 343 1395 caelo,
389 1346 552 1384 &terra
593 1344 995 1398 comprehenduntur,
1043 1347 1265 1384 summatim

155 1398 378 1450 complexus
405 1408 485 1436 est.
529 1398 703 1446 Deinde,
732 1399 886 1450 quando
913 1399 1031 1435 dixit:
1078 1397 1266 1436 Tenebrae

152 1459 273 1488 erant
300 1463 416 1500 super
431 1450 596 1502 faciem
625 1449 791 1501 abyssi,
825 1451 876 1491 ἴθ’
905 1450 1072 1499 Spiritus
1100 1450 1179 1488 Dei
1195 1451 1268 1502 fe-

154 1500 317 1541 rebatur
343 1515 461 1554 super
487 1515 645 1552 aquas,
693 1505 782 1541 satis
811 1503 1023 1550 indicavit,
1071 1517 1190 1555 aquas
1220 1505 1269 1543 si-

151 1554 238 1594 mul
267 1569 357 1594 cum
387 1564 495 1594 terra,
516 1557 646 1604 inani,
676 1555 709 1591 Bt
740 1569 861 1593 vacua
891 1569 969 1593 esse
996 1565 1162 1593 creatas.
1193 1555 1270 1593 De-

151 1621 262 1647 mum
291 1609 340 1647 ad
367 1623 521 1648 omnem
554 1609 657 1647 litem
690 1608 902 1647 finiendam
947 1618 1086 1661 praesto
1114 1618 1197 1647 sunt
1227 1622 1271 1647 ea.

153 1661 274 1702 verba
302 1661 445 1701 Psalmi
466 1662 724 1702 LXXXVIII.
758 1661 830 1700 Tui
858 1671 949 1700 sunt
979 1663 1090 1708 coeli,
1120 1662 1170 1702 <J
1198 1671 1270 1700 tua

153 1725 216 1755 est
244 1725 354 1755 terra
371 1747 382 1765 ,
411 1714 545 1756 orbem
575 1726 776 1754 terrarum
796 1745 808 1765 ,
836 1716 885 1757 ἐν
915 1715 1201 1766 plenitudiue-m
1230 1729 1270 1754 e-

148 1771 218 1823 jus
238 1778 277 1807 tu
294 1768 488 1822 fundasti
504 1784 518 1808 :
547 1770 775 1816 aquilonem
792 1800 803 1818 ,
832 1770 881 1810 ἐν
903 1783 1020 1808 mare
1039 1779 1081 1809 tu
1100 1773 1269 1809 creasti.

207 1822 497 1875 69·.‚P09tremo
537 1823 706 1862 breviter
747 1824 981 1872 notandum,
1028 1825 1070 1862 in
1113 1823 1271 1862 hehraeo

156 1876 288 1925 fonte,
317 1878 641 1930 quemadmodum
673 1878 787 1915 etiam
817 1878 856 1915 in
886 1878 1125 1916 versionibus
1147 1878 1268 1930 Aqui-

154 1927 206 1967 ]ae
224 1960 235 1978 ,
282 1929 536 1982 Symmachi,
586 1930 883 1978 Theodotionis,
930 1940 1043 1983 atque
1071 1933 1114 1970 in
1142 1941 1271 1970 nostra

154 1982 344 2036 Vulgata,
392 1986 498 2036 operi
527 1985 710 2022 secundae
736 1985 812 2022 diei
856 1982 1045 2036 adjectam
1075 1997 1150 2023 nou
1192 1999 1270 2024 esse

150 2036 262 2074 illam
291 2036 531 2076 clausulam:
570 2036 634 2075 Et·
655 2036 745 2075 vidit
774 2035 913 2086 Deus,
944 2037 1046 2088 quod
1071 2047 1179 2076 esset¹
1204 2037 1267 2077 bo-

152 2101 290 2139 num,
328 2104 417 2144 quae
458 2091 611 2129 additur
651 2090 845 2144 operibus*
874 2090 1042 2130 aliarum
1085 2092 1266 2140 dierum3

145 2145 327 2195 quamv-is
355 2145 458 2197 apud
479 2144 607 2184 LXX.
637 2145 872 2198 Interpretes·
890 2145 1038 2198 legatur
1054 2175 1065 2192 ,
1093 2159 1188 2198 quos
1209 2161 1266 2185 se·

146 2198 225 2235 cuti
256 2206 351 2237 sunt·
374 2197 562 2247 Basilius,
594 2198 846 2247 Ambrosius,
883 2198 1196 2252 Clirysostomus,
1227 2201 1266 2238 80

143 2250 306 2302 August.
350 2251 478 2304 Hujus
506 2252 720 2291 omissionis
747 2254 878 2290 variaev
902 2251 1115 2305 allegantur
1145 2255 1262 2293 ratio-

143 2315 235 2343 nes:
265 2304 328 2342 sed
359 2304 427 2345 illa
458 2307 611 2344 sortasse
639 2306 915 2355 verisimilior,
952 2308 1052 2359 quod
1082 2320 1177 2358 opus
1206 2322 1273 2346 sem

141 2358 284 2395 cntidae
313 2358 401 2396 diei
420 2372 494 2397 non
523 2358 740 2397 absolvatur
757 2389 779 2407 ,v
798 2361 871 2397 nisi
901 2359 1148 2412 sequentibus
1176 2375 1271 2399 verz

140 2409 231 2449 bis:
262 2440 290 2458 „
318 2410 426 2449 Dixit
456 2412 687 2450 veroDeus:
718 2423 1140 2467 congregentur-aquae,
1170 2429 1260 2467 quae

147 2490 176 2510 „
205 2462 276 2499 sub
305 2462 407 2500 coelo
435 2472 561 2509 sunt„
593 2465 630 2499 in
658 2463 787 2500 locum
819 2479 937 2503 unuin
955 2495 966 2513 ,
1015 2467 1058 2502 ἃ.
1077 2478 1260 2518 appareat

147 2542 175 2562 „,
205 2515 339 2562 arida,
371 2513 404 2550 8(
435 2515 578 2553 factum
609 2523 661 2551 est
692 2517 769 2552 ita.
799 2515 847 2552 Et
879 2519 1028 2554 vocavit
1050 2519 1155 2555 Deus
1183 2523 1259 2558 ari2

148 2596 176 2616 „
205 2567 292 2603 dam
324 2577 460 2605 terram
480 2599 490 2616 ,
538 2570 925 2619 congregationesque
958 2582 1148 2621 aquarum
1192 2586 1259 2623 ap-

148 2648 174 2668 „,
206 2618 363 2671 pellavit
393 2623 542 2667 maria3
589 2620 623 2656 ἃ
654 2621 749 2658 vidit
779 2620 911 2669 Dens,
941 2622 1041 2672 quod
1071 2632 1164 2659 esset
1193 2623 1260 2660 bo-

149 2701 176 2722 „
206 2686 297 2711 num
328 2676 384 2711 “0
417 2673 684 2721 Quamobrem
712 2687 806 2725 opus
835 2675 910 2712 diei
933 2677 1052 2711 tertiae
1083 2690 1116 2713 a*
1135 2677 1262 2715 verbis

145 2725 464 2779 subsequentibus
496 2727 755 2765 inchoandum
785 2728 884 2764 erit:
915 2725 970 2764 Et
1000 2732 1088 2765 ait:
1116 2734 1264 2781 germi-

139 2788 212 2817 net
241 2788 352 2818 terra
381 2780 452 2819 ἃς.
494 2781 596 2833 quod
625 2793 724 2832 opus
750 2779 990 2818 concluditur
1018 2780 1126 2819 solita
1155 2783 1263 2820 clau-

146 2831 253 2872 sula:
296 2832 353 2872 Et
383 2834 472 2875 vidit
501 2834 614 2872 Deus
643 2834 713 2872 &c.
742 2848 831 2887 quae
861 2834 1070 2886 bis-posita
1100 2845 1191 2874 esset
1221 2838 1259 2875 in

144 2887 254 2925 xenia
282 2887 383 2929 die..
416 2888 525 2931 Hanc
557 2889 742 2926 rationem
774 2901 846 2925 una
876 2901 965 2926 cum
997 2889 1194 2928 nonnullis
1222 2905 1261 2928 a·

146 2939 208 2983 liis
236 2939 352 2980 affert·
373 2943 500 2981 etiam.
521 2942 562 2980 S.
593 2941 671 2980 Th.
701 2941 732 2980 L·
763 2939 803 2979 Ρ.
834 2956 873 2994 q.
898 2941 961 2992 74.
992 2952 1060 2979 art.
1084 2942 1122 2981 5.
1152 2943 1199 2980 ad
1221 2944 1261 2983 5.

148 2991 216 3031 uhi
252 2992 335 3032 liaec
366 2995 494 3034 habet:
526 3026 553 3044 „
581 2996 626 3036 ln
654 3008 768 3047 opere
790 2995 967 3033 secuudae
989 2996 1064 3033 diei
1097 3008 1170 3034 non
1193 3009 1258 3048 po-

151 3073 180 3094 „
209 3046 311 3086 nitur
341 3046 577 3088 Vidn-Deus
595 3079 606 3097 ,
635 3048 736 3100 quod
765 3058 877 3087 essetf
897 3048 1041 3086 bonum
1058 3079 1069 3098 ,
1098 3050 1192 3101 quia
1219 3062 1261 3087 o-

152 3127 181 3147 „
211 3111 281 3149 pus
307 3101 564 3142 distinct-ionis
583 3117 772 3156 aquarum
796 3112 885 3142 tunc
917 3102 1136 3150 inclinatur,
1165 3103 1199 3140 ἃ
1221 3104 1261 3143 in

151 3180 180 3201 „
210 3154 316 3190 tertia
346 3155 405 3195 die
436 3157 630 3208 perficitur
647 3185 658 3195 .
690 3157 803 3198 Unde
829 3157 928 3210 quod
954 3159 1103 3208 ponitur
1126 3157 1164 3193 in
1186 3167 1259 3194 ter-

149 3233 178 3253 „
210 3207 257 3241 tin
291 3205 374 3251 die,
406 3210 564 3248 refert-ur
593 3212 705 3249 etiam
737 3211 782 3247 ad
813 3212 1042 3248 secundam.
1073 3210 1144 3246 Vel
1166 3212 1258 3262 quia

149 3287 194 3308 ῃ.
209 3259 403 3297 distinctio
414 3280 440 3306 ’,.
458 3275 547 3312 quae,
565 3266 722 3315 ponitur,
736 3264 898 3301 secunda
918 3268 979 3302 die
997 3294 1007 3311 ,
1038 3264 1157 3301 est-de
1178 3264 1257 3313 liis,

152 3340 180 3361 ,‚
209 3325 298 3363 qnae
329 3327 405 3354 non
434 3325 517 3355 sum
548 3317 741 3356 nanifesta
763 3316 1043 3369 populo„ideo
1065 3316 1258 3367 hujusmo-

153 3393 180 3414 ‚,
207 3366 247 3404 di
275 3368 554 3419 approbatione
578 3368 777 3423 Scriptura.
805 3383 881 3411 uon
909 3373 1053 3411 utitur.
1087 3369 1161 3410 Vel
1189 3373 1259 3409 ite-

1336 247 1363 268 „
1393 230 1478 254 rum
1512 225 1665 269 propter
1696 215 1792 262 hoe,
1835 216 1936 269 quod
1966 215 2254 255 firmamentum
2296 215 2446 267 simpli·

1336 300 1362 320 ,‚
1391 271 1484 308 citer
1515 269 1739 320 intelligitur
1769 283 1830 305 aer
1861 269 2084 317 nubilosus,
2120 270 2188 322 qui
2219 282 2291 307 non
2320 280 2369 306 e-st
2399 270 2446 307 de

1335 354 1363 374 „
1394 323 1566 376 partibus
1609 323 1918 373 permanentibus
1967 325 2004 360 in
2044 325 2221 362 universo
2236 352 2261 373 ‚,.
2295 337 2373 362 seu.
2398 322 2446 362 de

1335 407 1363 427 „
1394 377 1564 430 partibus
1594 374 1874 428 principalibus
1905 378 2035 415 muudi
2067 381 2122 415 “-

1756 482 1927 522 CAPUT
1957 483 2024 522 1V.

1642 588 1706 629 De
1734 603 1851 644 opere
1879 596 2008 630 tertiae
2036 592 2110 632 ‘liei
2127 619 2138 632 .

1388 671 1609 754 70.Quod
1639 711 1727 736 mox
1756 699 1926 738 diximus
1962 710 2040 751 post
2071 700 2282 739 Hebraeum
2317 699 2456 738 Abenr

1333 751 1456 790 Hezra
1487 757 1524 790 in
1552 753 1769 790 comment.
1813 753 2090 806 nonnullosque
2133 755 2225 792 alios
2257 755 2447 805 interpre-

1333 814 1408 855 tes,
1447 808 1487 845 in
1514 819 1629 859 opere
1657 807 1840 845 sccundae-
1863 808 1939 846 diei
1970 808 2114 846 includi
2144 810 2445 857 eriam-congre-

1332 863 1523 911 gationem
1552 874 1741 914 aquarum
1759 862 1796 898 in
1817 860 1944 899 locum
1963 875 2078 898 unum
2096 891 2106 908 ‚
2138 859 2337 913 probabile
2357 862 2446 910 qui-

1332 914 1420 951 dem
1451 923 1531 961 est,
1577 923 1808 952 nouantem
1852 915 2103 967 undequaque
2145 925 2313 952 certum.
2362 912 2446 951 Nou

1333 967 1465 1006 desunt
1493 969 1597 1005 enim
1629 968 1741 1006 multi
1773 966 1926 1017 Patres,
1956 969 1989 1004 ὅ(
2018 966 2166 1006 nobiles
2197 968 2445 1019 interpretes,

1334 1023 1403 1075 qui
1433 1023 1508 1060 diei
1538 1023 1656 1059 tertiae
1686 1021 1830 1074 duplex
1859 1025 2047 1074 assignant
2079 1021 2151 1059 Dei
2180 1033 2302 1073 opus,
2349 1033 2448 1073 quo·

1334 1088 1422 1114 rum
1454 1076 1635 1128 primum.
1655 1076 1730 1113 fuit
1759 1090 1876 1128 aquas
1914 1089 2143 1127 congregare
2174 1076 2210 1111 in
2242 1088 2359 1112 titium
2389 1073 2445 1111 lo-

1333 1143 1451 1175 cum3
1493 1130 1658 1167 alterurn
1691 1139 1830 1167 terram
1861 1130 2104 1175 foecundare,
2149 1138 2187 1164 ut
2216 1130 2446 1178 germinaret

1335 1182 1493 1220 herbam
1526 1186 1709 1222 virentem
1740 1182 1811 1220 &c.
1860 1182 1893 1217 ἀ
1924 1191 2122 1234 propterea
2165 1182 2290 1218 etiam>
2318 1180 2447 1230 dupli-

1333 1249 1416 1273 cem
1449 1235 1557 1274 illam
1586 1236 1914 1275 benedictionem:
1955 1231 2060 1271 Vidit
2089 1231 2228 1280 Deus,
2258 1232 2359 1284 quod
2388 1247 2448 1270 es·

1333 1298 1390 1326 set
1419 1287 1564 1327 bonum
1584 1320 1594 1336 ,
1637 1291 1745 1342 operi
1777 1291 1898 1327 tertiae
1926 1288 2001 1326 diei
2044 1288 2246 1326 convenire
2287 1296 2448 1339 putant.

1333 1342 1408 1379 Sed
1439 1341 1521 1380 lioec
1550 1356 1625 1380 non
1645 1344 1775 1393 magni
1791 1343 1973 1379 momenti
1991 1355 2068 1379 esse
2084 1342 2287 1387 videntur,
2311 1355 2449 1392 quam·

1337 1397 1391 1433 vis
1421 1394 1543 1448 aliqui
1576 1409 1759 1447 magnum
1791 1408 1867 1432 esse
1896 1394 2096 1447 piaculum
2115 1404 2302 1441 asserant,
2333 1395 2451 1432 verba.

1336 1448 1484 1499 Moysis
1515 1448 1573 1485 vel
1605 1448 1798 1487 tantillum
1828 1448 2150 1494 transferrffiaut
2179 1448 2374 1485 dividere.

1394 1515 1456 1550 7«.
1488 1502 1654 1540 Primam
1687 1511 1832 1553 partem
1871 1503 1996 1552 operis
2027 1499 2180 1552 Moyses
2224 1500 2282 1538 his
2321 1500 2449 1538 verbis

1337 1552 1535 1591 describit:
1566 1584 1593 1601 „
1625 1554 1733 1593 Dixit
1763 1567 1853 1591 vero
1869 1553 1989 1591 Deus:
2019 1553 2299 1604 Congregentur
2315 1568 2449 1606 aquae,

1339 1633 1366 1654 „
1393 1619 1481 1657 quae
1512 1607 1583 1643 sub
1612 1606 1713 1643 coelo
1741 1617 1852 1654 sunt,
1898 1606 2092 1644 inlocum
2125 1621 2244 1644 uuum
2264 1636 2274 1654 ,
2319 1605 2351 1641 8<
2380 1622 2451 1658 ap-

1337 1687 1366 1706 „
1396 1667 1527 1710 pareat
1556 1659 1686 1706 arida,
1716 1659 1751 1694 &
1780 1660 1924 1696 sactum
1946 1669 1996 1695 est
2028 1661 2097 1696 ita:
2126 1659 2327 1697 &vocavit
2346 1660 2449 1698 Deus

1338 1739 1365 1761 „
1394 1712 1543 1750 aridam
1573 1721 1714 1749 terram
1731 1741 1743 1759 ,
1771 1713 2153 1763 congregationesque
2172 1726 2359 1763 aquarum
2381 1729 2449 1764 ap-

1339 1795 1366 1814 „
1395 1764 1556 1817 pellavit
1584 1767 1709 1803 maria
1737 1768 1763 1786 “
1781 1791 1792 1803 .
1839 1764 2026 1803 Observat
2055 1773 2181 1802 autem
2211 1766 2252 1803 5.
2282 1764 2452 1805 Thomas

1337 1816 1403 1872 qu.
1434 1819 1499 1872 69,
1519 1849 1529 1866 ‚
1576 1829 1659 1857 art..
1682 1832 1744 1867 1.,
1792 1819 2062 1857 convenienter
2092 1819 2203 1856 tertia
2244 1819 2306 1856 die
2335 1819 2452 1858 fuisse

1337 1882 1580 1926 congregatas
1608 1886 1754 1926 aquas.
1801 1872 1999 1911 Formatio
2025 1872 2127 1910 enini
2170 1873 2352 1924 stipi-emi.
2370 1887 2452 1911 cor-

1338 1929 1469 1978 poris,
1501 1941 1641 1980 nempe
1669 1926 1784 1975 coeli,
1816 1928 1915 1965 facta
1944 1935 1994 1964 est
2022 1927 2149 1977 prima
2169 1927 2230 1964 die
2261 1940 2326 1978 per
2346 1939 2450 1964 crea-

1337 1982 1478 2019 tionem
1507 1979 1632 2029 luois,
1682 1980 1842 2033 ejusque
1871 1981 2099 2018 divisionem
2129 1994 2151 2016 a
2180 1981 2367 2026 tenebris,
2415 1980 2450 2016 ἃ

1335 2048 1405 2086 per
1435 2033 1529 2072 hanc
1560 2035 1828 2073 formationem
1858 2035 1956 2072 sacta
1985 2034 2055 2070 snit
2085 2033 2276 2070 distinctio
2297 2043 2444 2084 tempo-

1333 2089 1406 2136 ris,
1437 2088 1758 2136 noctis-scilicet,
1789 2087 1822 2124 8t
1851 2089 1957 2125 diei.
1985 2086 2164 2125 Secunda
2179 2100 2268 2124 vero
2286 2087 2350 2124 die
2372 2087 2446 2124 for-

1335 2150 1481 2179 matum
1512 2142 1585 2179 suit
1613 2142 1788 2180 medium
1816 2154 1979 2193 corpus,
2009 2139 2154 2178 scilicet
2183 2154 2310 2192 aqua,
2356 2154 2446 2193 qure

1333 2209 1402 2248 per
1432 2195 1732 2234 firmamentum·
1749 2197 1896 2247 accepit
1915 2194 2131 2247 quamdam
2146 2193 2446 2241 distinctionem,

1331 2248 1366 2285 8<
1394 2249 1571 2287 ordinem
1588 2277 1599 2288 .
1630 2248 1765 2288 Tertia
1793 2249 1949 2287 demum
1977 2249 2041 2286 die
2070 2247 2276 2285 formatum
2307 2257 2357 2285 est
2387 2246 2447 2284 ul*

1330 2303 1470 2341 timum
1501 2316 1669 2355 corpus,
1699 2303 1845 2341 scilicet
1875 2312 1999 2351 terra,
2029 2314 2119 2353 quae
2138 2301 2375 2354 discooperta
2395 2310 2449 2340 est

1330 2359 1440 2408 aquis
1458 2387 1467 2404 ,
1497 2371 1664 2409 quarum
1694 2356 1839 2410 aliquae
1869 2370 1984 2408 supra
2013 2354 2301 2393 firmamentum
2331 2354 2447 2392 collo-

1330 2419 1426 2448 catae
1455 2409 1534 2461 jam
1565 2421 1690 2459 erant,
1721 2410 1809 2449 aliae
1839 2422 1931 2448 vero
1958 2412 1998 2449 in
2029 2408 2339 2461 certa=qtlaedatn
2359 2423 2445 2458 spa-

1330 2466 1382 2502 tia
1401 2465 1562 2502 detrusae
1579 2495 1590 2512 ,
1621 2465 1720 2502 unde
1738 2463 1814 2502 illis
1834 2465 1936 2501 exire
1959 2462 2196 2516 prohibitum
2219 2463 2311 2499 suit.
2345 2460 2455 2510 Quis-

1327 2517 1518 2559 couclusit
1533 2522 1642 2555 ostiis
1658 2531 1774 2554 mare
1789 2516 1813 2552 ?
1841 2517 1991 2555 dicebat
2007 2516 2110 2553 Deus
2124 2516 2199 2552 Job
2216 2513 2443 2552 XXXVIII.

1329 2567 1370 2605 8.
1398 2568 1432 2603 8(
1452 2582 1531 2619 seq.
1629 2568 1879 2606 circumdedi·
1907 2568 2003 2604 illud
2031 2571 2214 2603 termim's
2244 2571 2364 2613 meis,
2393 2567 2459 2606 &·

1329 2624 1438 2670 posui
1468 2628 1640 2667 rectem,
1669 2621 1719 2659 Cb·
1747 2624 1850 2656 ostia
1869 2618 1966 2655 „Ec
1995 2618 2078 2654 dext
2095 2632 2109 2654 .·
2139 2631 2260 2668 usque
2290 2617 2362 2655 huc
2382 2632 2444 2656 tse-

1330 2676 1443 2720 nz'es,
1486 2672 1536 2712 Θ
1565 2685 1648 2710 non
1674 2670 1863 2722 procedes
1893 2671 2092 2719 amplius,
2134 2673 2184 2711 (9⁶
2213 2669 2456 2724 confringes-

1330 2735 1528 2763 tumentes
1548 2725 1702 2778 fluctus
1730 2734 1839 2763 tuos.
1870 2724 1996 2777 Atque
2024 2726 2075 2762 ita
2102 2738 2126 2762 a
2153 2725 2287 2763 divina
2316 2736 2460 2776 poten--

1330 2781 1382 2816 tia
1411 2778 1643 2817 elementum
1662 2809 1672 2826 ,
1709 2779 1811 2832 quod
1840 2780 1973 2815 ceteris
2004 2778 2167 2815 ferocius
2196 2787 2275 2825 est,
2317 2778 2443 2817 domi·

1329 2841 1411 2870 tum
1444 2833 1538 2869 fuit:
1581 2832 1685 2870 unde
1711 2843 1810 2871 recte
1839 2845 1902 2868 nos
1934 2831 2036 2869 Deus
2063 2843 2131 2867 ore
2158 2829 2353 2883 Prophetae
2381 2833 2457 2870 Je--

1330 2887 1470 2923 remiae
1497 2885 1546 2925 V.
1579 2899 1642 2925 22.
1674 2888 1723 2924 ita
1754 2885 2024 2936 redarguebat:
2062 2883 2137 2922 Me
2165 2897 2259 2936 ergo
2288 2897 2367 2922 non
2397 2890 2443 2924 ti·

1331 2938 1487 2977 mebitis
1518 2966 1570 2978 ....
1601 2943 1664 2990 qui
1693 2943 1802 2986 posue
1831 2951 2007 2976 arenam
2048 2941 2265 2975 terminum
2302 2943 2409 2977 mari
2429 2970 2441 2987 ‚

1329 3003 1571 3046 proeceptum
1600 2997 1914 3042 sempiternum,
1949 2990 2052 3042 quod
2079 3004 2160 3029 non
2187 2992 2442 3041 praeteribit?

1387 3061 1451 3097 72.
1482 3048 1555 3085 Hic
1584 3059 1673 3083 vero
1701 3044 1941 3084 difficultates
1955 3045 2101 3099 aliquae
2121 3056 2325 3084 occurrunt
2352 3046 2455 3085 bre--

1330 3101 1427 3139 viter
1456 3100 1733 3139 dissolvendae.
1782 3098 1910 3139 Prima
1938 3109 1990 3138 est
2024 3100 2073 3138 de
2101 3099 2211 3147 loco,
2257 3100 2294 3137 in
2323 3114 2440 3153 quem

1330 3167 1441 3205 aquae
1472 3163 1708 3204 congregatas
1736 3163 1822 3191 sunt
1840 3180 1850 3191 .
1898 3153 1941 3192 Si
1971 3156 2073 3192 enim
2104 3155 2209 3206 prius
2238 3162 2312 3193 tota
2340 3163 2454 3192 terra.

1328 3217 1408 3246 erat
1436 3209 1544 3259 aquis
1571 3210 1772 3259 cooperta,
1803 3221 1846 3246 ac
1874 3207 2322 3259 proptereainvisibilis,
2353 3207 2435 3244 nul·

1329 3259 1387 3298 lus
1416 3269 1573 3313 apparet
1602 3259 1704 3299 locus
1733 3272 1809 3298 tam
1839 3261 2020 3312 amplus,
2067 3274 2145 3316 quo
2174 3271 2275 3300 tanta
2317 3274 2448 3312 aqua-v

1328 3327 1412 3352 rum
1443 3316 1554 3366 copia
1581 3316 1762 3354 contineri
1794 3325 1955 3367 posset..

1383 3368 1447 3419 73?
1475 3368 1516 3408 S·
1547 3366 1717 3409 Thomu
1758 3381 1883 3410 varlas
1922 3367 2032 3410 affert
2060 3368 2108 3408 ad
2144 3367 2241 3406 lianc
2282 3364 2435 3459 {fluen-

2318 3431 2380 3457 am
